4200 6444
238 435 344 503 569
1093 426 1193 488 AD
1245 420 1841 488 AMPHILOCHIUM
1890 417 2238 493 QUIESTIO
2308 417 2420 491 XC,
2480 417 2631 479 XCI.
3402 422 3507 483 570

239 548 392 621 παρὰ
416 546 476 601 δὶ
507 541 895 615 Σαμαρείταις,
930 537 1094 595 Ίαδέ.
1137 537 1413 609 Γρᾶφεται
1438 536 1493 590 δὲ
1520 534 1615 590 καὶ
1638 532 1820 604 γράμ-

1929 533 2188 603 principio
2216 545 2341 587 esse
2376 528 2566 584 Deum.
2618 527 2686 583 Et
2730 528 2835 584 hoc
2875 529 3183 599 signiﬁcat,
3237 535 3327 602 qui
3366 545 3444 588 est
3485 552 3505 589 :

240 656 374 711 μασι
398 636 626 699 τούτοιςο
659 633 774 686 ίὼθ.
796 631 926 699 ἄλφ.
954 628 1141 683 οὑαὺθ.
1169 627 1259 699 se.
1290 623 1439 682 δι’ὦν
1463 625 1720 695 δηλοῦται
1750 625 1813 677 τὸ

1929 639 2029 681 cum:
2068 623 2215 677 enim
2251 636 2357 674 vox
2388 635 2564 689 neque
2590 628 2717 673 ante
2750 633 2906 686 eum,
2940 635 3042 676 nec
3076 630 3201 690 post
3234 636 3360 676 cum
3398 623 3506 676 ali-

236 709 473 798 ἄνερχόν
521 742 583 778 τε
633 726 729 777 καὶ
774 720 1131 791 ἀτελεύτητον
1166 716 1261 771 τοῦ
1302 716 1462 772 Θεοῦ.
1500 716 1671 769 Τοῦτο
1705 714 1815 784 γὰρ

1929 712 2045 783 quid
2076 711 2305 767 omnino
2331 710 2617 773 exsistere,
2638 709 2857 777 proprie
2881 718 3061 775 notat;
3092 710 3257 780 idque
3284 726 3506 780 semper

239 820 568 890 παρίστησιν
602 814 699 868 καὶ
740 813 803 867 τὸ
825 811 876 876 ἀ,
908 815 943 866 ό
965 809 1069 864 ὢν.
1094 808 1248 878 Αὕτη
1263 807 1375 879 γὰρ
1407 809 1440 877 ή
1465 804 1640 877 φωνὴ,
1674 806 1816 876 μήτε

1929 805 2181 859 exsistere
2222 811 2278 859 et
2319 800 2647 857 :cterualiter
2681 800 2985 855 subsistere
3018 801 3256 856 intimat.
3297 800 3504 856 Utrivis

238 889 345 981 πρδ
377 907 565 971 αὑτοῦ,
599 907 737 977 μήτε
790 904 907 975 μετ’
949 903 1113 958 αὑτὸν
1157 896 1297 954 εἷναί
1339 917 1393 953 τι
1445 899 1673 969 κυρίως,
1723 895 1820 950 καὶ

1929 906 2146 952 εισι-ιιω
2167 893 2566 964 expositionum
2586 891 2631 945 si
2650 900 2701 944 te
2718 889 3120 954 accommodes,
3146 890 3289 945 haud
3306 890 3504 960 opinor

239 1001 505 1072 ὑπάρχειν
545 998 702 1060 ὅλως.
734 995 1106 1048 ινδείκνυταιο
1148 992 1285 1063 ὅπερ
1323 990 1385 1043 τδ
1423 990 1512 1043 an
1540 983 1698 1052 εἶναι,
1724 987 1820 1040 καὶ

1929 990 2085 1043 aliam
2119 985 2430 1055 iudagabis,
2472 999 2595 1039 cuin
2645 998 2744 1038 nec
2776 984 3084 1038 obscuritas
3114 982 3223 1037 ulla
3258 983 3420 1047 adsit,
3447 990 3505 1036 ct

238 1092 425 1153 ἀῖδὶως
453 1086 614 1152 εἶναι,
651 1086 984 1155 συνίστησιν.
1029 1082 1298 1153 Ἐκατέρᾳ
1341 1080 1523 1144 τοίνυν
1552 1095 1823 1149 προσομι-

1929 1090 2217 1149 utrumque
2239 1077 2443 1131 dictam
2470 1073 2799 1130 sententiam
2828 1073 3086 1128 esbibeat
3118 1073 3172 1128 iu
3194 1072 3500 1143 procinctu.

238 1181 346 1234 λῶν
378 1179 668 1251 ἑρμηνεία,
692 1177 803 1231 οὐδ’
829 1176 1043 1248 έτέραν,
1074 1169 1251 1244 οἶμαι,
1275 1170 1511 1237 διὼξιις,
1534 1168 1658 1223 οὔτε
1684 1170 1823 1222 ἄσα-
1926 1170 2075 1225 Vale.

240 1274 423 1339 ςρεὶας,
453 1269 577 1323 οὔτε
607 1269 700 1322 τοῦ
733 1268 809 1338 μὴ
842 1268 971 1337 περὶ
1011 1266 1148 1319 πόδε
1183 1259 1326 1318 εἶναι
1361 1263 1464 1332 τὴν
1506 1258 1817 1331 ἑκατέρωθε

238 1362 481 1417 διάνοιαν
506 1359 585 1431 τῷ
616 1358 788 1430 ῥητῷ.
822 1358 1099 1428 Ἔρρωσο.

810 1467 1143 1523 ΕΡΩΤΗΣΙΣ
1180 1471 1254 1534 ια.

2038 1442 2380 1514 ουῶετιο
2408 1441 2500 1497 XC
2532 1439 2832 1514 [CCLXXL
2872 1440 3044 1496 Tur.
3072 1439 3372 1515 CCXLVI].

304 1609 449 1661 [illita
482 1620 512 1656 a
542 1601 861 1662 Iontacutio,
881 1614 964 1663 cp.
994 1597 1100 1660 l63,
1132 1597 1199 1647 ad
1228 1595 1463 1663 Δηιμίιίι,
1492 1610 1542 1660 p.
1565 1593 1679 1646 ΒΟ.
1702 1593 1779 1645 De
1801 1583 2014 1653 ptena'ln
2049 1576 2432 1643 pronuntiantes
2454 1586 2633 1625 nomen
2656 1570 2749 1624 Dei
2769 1570 3043 1624 inelabile.
3067 1572 3228 1623 Levit.
3254 1585 3393 1635 xxiv,
3420 1572 3500 1637 16,

323 1718 414 1780 ἀς
445 1716 584 1788 καλή
618 1732 713 1769 σου
744 1714 1039 1786 ήᾶπορίαί
1076 1712 1313 1783 Γράφεις
1348 1711 1481 1780 γὰρ,
1516 1706 1593 1771 ὡς
1632 1707 1683 1760 εί
1719 1703 1819 1775 μιν

1989 1692 2166 1759 Quam
2196 1686 2412 1743 erudita
2446 1694 2532 1741 cst
2558 1694 2649 1739 tua
2681 1680 2948 1753 quaestio!
2995 1679 3074 1738 lta
3107 1681 3254 1737 enim
3284 1681 3503 1744 scribis.

245 1810 492 1880 ἄρρητον
557 1807 732 1877 ὄνομα
767 1806 829 1859 τὺ
862 1805 1027 1868 θεῖον,
1046 1804 1140 1857 καὶ
1172 1800 1428 1870 γνώσεως
1457 1800 1661 1871 μεῖζον,
1701 1795 1822 1858 πῶς

242 1901 498 1953 ἐπέκειτο
521 1897 747 1959 θάνατος
771 1895 848 1965 τῷ
871 1892 1230 1963 φθεγξαμένῳ
1253 1894 1287 1963 ἠ
1317 1890 1524 1962 ζημίας
1552 1888 1688 1942 υὺδὶ
1712 1886 1822 1955 γὰρ

242 1991 396 2059 ένῆν,
428 1988 551 2042 οὐδὲ
582 1986 755 2040 πολλᾶ
783 1985 1096 2055 θελήσαντι,
1120 1982 1457 2052 φθέγξασθαι
1476 1996 1492 2011 ’
1524 1979 1575 2033 εί
1620 1978 1668 2031 δ’
1694 1977 1823 2048 ἐνῆν

238 2080 335 2134 διὰ
356 2078 579 2150 χειλέων
611 2078 990 2146 προενεγκεῖν,
1015 2073 1130 2137 πῶς
1158 2073 1400 2144 ἄρρητον
1422 2071 1519 2126 καὶ
1542 2068 1824 2139 ἄνέκφρα-

243 2190 411 2239 στσν;
452 2170 593 2224 Ἀλλ’
625 2169 794 2239 εχεις,
825 2162 1002 2238 οἶμαι,
1050 2163 1559 2237 προγεγραμμένην
1597 2178 1682 2215 σοι
1728 2160 1823 2213 καὶ

241 2259 515 2331 λαμπρῶς
551 2257 649 2329 τὴν
686 2256 858 2309 λύσιν.
891 2254 982 2325 Τῷ
1015 2252 1124 2325 γὰρ
1152 2254 1327 2307 είπείν
1359 2253 1453 2305 τὸν
1479 2248 1823 2322 ὑπερουσίως

241 2352 377 2407 ὂντα
402 2351 556 2416 Θεὸν,
592 2367 611 2402 ι
642 2346 783 2417 ἐγὼ
816 2348 931 2417 είμι
952 2349 980 2400 ὁ
1002 2345 1078 2399 ὦν
1097 2362 1112 2377 ·
1142 2362 1163 2397 ι
1194 2344 1368 2414 δνομᾶ
1392 2359 1452 2396 τε
1476 2340 1641 2397 αὐτοῦ
1681 2334 1821 2393 εἶναι

241 2442 404 2496 τοῦτο
453 2440 521 2495 ἂν
565 2441 759 2504 είπεῐν,
800 2437 897 2492 καὶ
923 2435 1001 2507 τῷ
1026 2435 1233 2505 ταύτης
1273 2437 1375 2505 τῆς
1404 2435 1589 2503 φωνῆς
1618 2432 1821 2487 Mucia

239 2532 531 2588 διακοῦσαι
558 2546 573 2562 ·
611 2531 712 2584 οὐκ
766 2529 992 2583 ἀκοῦσαι
1045 2527 1105 2581 δι
1159 2527 1341 2597 μόνον,
1391 2524 1527 2578 ἄλλα
1569 2524 1666 2575 καὶ
1711 2523 1822 2585 τοῖς

243 2623 600 2695 ἀρχιερεῦσιν
633 2620 962 2689 ἀπαγγεῖλαι
982 2636 997 2652 ’
1028 2620 1129 2673 οὐκ
1166 2616 1497 2685 ἀπαγγείλαι
1537 2615 1595 2668 δὲ
1640 2613 1819 2684 μόνον,

244 2714 387 2768 ἀλλὰ
428 2715 523 2766 καὶ
559 2711 745 2783 χρυσῷ
781 2710 998 2780 πετάλῳ
1050 2708 1286 2779 γράφειν
1316 2704 1683 2777 παραδοῦναν
1736 2704 1822 2757 ὅτι

248 2807 356 2877 μιν
382 2809 449 2876 τῇ
475 2802 670 2859 έαυτοῦ
700 2801 858 2871 φύσει
886 2802 979 2854 καὶ
1001 2799 1240 2869 γνωστὸν
1263 2794 1354 2869 ἦν,
1383 2797 1477 2851 καὶ
1501 2795 1665 2866 ῥητόν
1682 2809 1696 2825 ⁶
1729 2792 1824 2847 καὶ

240 2900 331 2951 ὃτι
362 2898 476 2950 τισὶ
504 2896 602 2964 μὲν
632 2893 964 2962 έπέγνωστο,
995 2891 1091 2946 καὶ
1116 2890 1218 2944 οὐκ
1249 2888 1527 2959 ἄφραστον
1557 2884 1695 2955 πρὸς
1728 2883 1825 2937 ἄλ-

242 2990 449 3060 ὶήλους
479 2984 567 3059 ἦν,
595 2986 685 3040 διὰ
717 2987 932 3040 πάντων
961 2983 1196 3054 ὑπάρχει
1229 2979 1585 3049 σαφέστατον.
1619 2976 1742 3029 Ὀτι
1765 2974 1822 3027 δὲ

242 3081 318 3133 δι’
348 3073 426 3133 ὤν
464 3080 575 3140 τοῖς
620 3076 832 3138 πολλοῖς
858 3073 981 3127 οὕτε
1024 3074 1105 3136 είς
1135 3070 1325 3134 ἀκοὰς,
1360 3067 1484 3121 οὕτε
1516 3068 1596 3129 είς
1624 3063 1825 3134 γνῶσιν

246 3176 476 3242 ἀφῖκτο,
501 3171 638 3224 ἀλλὰ
665 3169 759 3222 καὶ
788 3162 871 3229 οἷς
904 3165 1231 3234 ἐγινώσκετο
1259 3160 1473 3230 φυλακὴ
1502 3156 1713 3228 προσῆν
1746 3157 1828 3220 είς

246 3266 448 3328 ἄλλους
485 3262 558 3334 μὴ
584 3262 796 3329 ἐξάγειν
821 3277 836 3292 ’
866 3259 961 3312 καὶ
989 3254 1147 3310 τοῦτο
1172 3253 1329 3324 δῆλον
1355 3250 1431 3314 ὡς
1459 3250 1698 3320 ἄρρητον
1727 3248 1828 3301 αὑ-

245 3358 315 3410 τὸ
343 3355 441 3409 καὶ
470 3353 841 3422 ἁνέκφραστον
872 3350 1043 3405 ἐδίδου
1076 3345 1359 3401 καλεῖσθαι
1382 3360 1397 3375 ο
1428 3342 1705 3414 ἄφραστος
1735 3334 1829 3394 οὖν

248 3448 351 3501 καὶ
381 3445 678 3515 ἁνέκφορος
702 3445 735 3513 ἡ
756 3443 876 3495 θεία
907 3441 1119 3511 κλῆσις,
1152 3438 1253 3507 οὐχ
1284 3438 1368 3489 ὃτι
1396 3433 1556 3503 φύσιν
1584 3434 1686 3485 οὐκ
1716 3427 1829 3499 εἶχε

253 3540 464 3608 ῥήμασι
516 3535 609 3589 καὶ
654 3533 876 3604 γλώσσῃ
928 3532 1157 3602 ῥηθῆναι
1197 3529 1375 3599 (δῆλον
1431 3527 1561 3595 γὰρ,
1620 3524 1723 3588 κᾶξ
1754 3518 1831 3576 ὧν

250 3627 352 3680 νῦν
375 3638 401 3668 ο
430 3627 594 3679 παντὶ
615 3624 692 3695 τῷ
722 3624 1029 3694 βουλομένῳ
1059 3622 1223 3693 ῥητός
1255 3618 1450 3687 ἐστιν),
1471 3616 1584 3670 ἀλλ’
1611 3614 1831 3669 ὄτιοῠτε

253 3718 397 3772 πᾶσι
434 3716 596 3788 ῥητὸν
637 3714 956 3785 ἢγνωστὺν,
986 3712 1095 3765 οὐδ’
1126 3711 1208 3765 ὅτι
1234 3704 1315 3773 οἷς
1354 3705 1717 3761 έπεπίστευτο
1751 3704 1831 3756 εί-

251 3807 429 3869 δέναι,
464 3805 585 3858 οὐδὲ
626 3806 853 3864 έκείνοις
882 3798 949 3874 ἦν
988 3800 1232 3865 δυνατὸν,
1270 3797 1422 3868 φόὃφ
1451 3794 1547 3851 τοῦ
1578 3794 1832 3858 θανᾶτου,

253 3896 400 3969 πρὸς
454 3896 647 3958 ἄλλους
686 3896 887 3965 λέγειν,
942 3893 977 3964 ἢ
1025 3892 1224 3965 τρόπον
1265 3890 1452 3960 ἱτερον
1499 3887 1581 3950 είς
1634 3883 1835 3954 γνῶσιν

256 3988 439 4056 ἄγειν.
497 3988 682 4057 Ἔχεις
732 3985 1040 4056 τοιγαροῦν,
1093 3977 1139 4036 ὧ
1192 3980 1453 4051 βέλτιστε.
1504 3977 1653 4038 ὅπως
1704 3973 1834 4042 παρ’

270 4078 551 4141 Ἰουδαίοις
580 4078 856 4145 ἄγνωστόν
880 4093 941 4129 τε
962 4075 1056 4129 καὶ
1081 4072 1455 4141 ἄνέκφραστον
1482 4066 1542 4121 τὸ
1574 4064 1667 4120 τοῦ
1700 4061 1835 4117 6εοῦ

256 4170 438 4238 ὃνομα
468 4168 679 4239 ὑπῆρχε
701 4185 716 4200 ⁸
745 4169 840 4220 καὶ
860 4167 1008 4228 ὅπως
1037 4164 1162 4222 ένῆν
1191 4158 1534 4233 βουλομένοις
1555 4155 1715 4218 ένίοις
1741 4153 1839 4207 αὑ-

258 4260 398 4323 τῶν,
429 4258 525 4313 καὶ
567 4259 763 4320 αὐτοὺς
799 4258 973 4310 είπεῐν
1021 4254 1115 4308 καὶ
1153 4252 1372 4323 ἑτέρους

261 4348 709 4417 ἀναφθέγγεσθαι
738 4346 1135 4417 παραπλησίως
1157 4343 1361 4403 αὐτοῖς,
1388 4337 1755 4392 ἐκδιδάσκειν
1788 4332 1836 4385 εί

266 4441 348 4512 μὴ
388 4442 487 4503 τῆς
517 4438 786 4510 τιμωρίας
816 4439 1159 4507 έπικείμενος
1190 4435 1222 4487 6
1259 4430 1443 4502 φάδοςι
1479 4426 1679 4499 μίζων
1719 4422 1837 4491 ίγί·

260 4544 393 4582 νετο
414 4528 515 4597 τῆς
543 4527 834 4597 ἐπιθυμίας
863 4526 969 4579 τῶν
990 4526 1058 4579 τὰ
1080 4520 1305 4576 τοιαῦτα
1336 4517 1642 4587 ζητούντων
1681 4512 1837 4583 μυεῖ-

262 4617 417 4670 σθαι.
445 4617 553 4670 Καὶ
575 4616 751 4679 οὐδὲν,
786 4615 860 4677 ὡς
891 4614 1042 4684 ὁρᾷς,
1090 4610 1389 4680 καθορᾶται
1430 4605 1552 4659 οὕτε
1584 4602 1838 4656 δύσκολον

260 4707 386 4761 οὔτ’
418 4708 497 4771 είς
517 4708 751 4777 ἀπορίαν
778 4705 903 4758 τινα
928 4704 1247 4774 περιστῆναι
1288 4696 1629 4769 βιαζόμενον.

1923 1785 1970 1841 si
2004 1778 2281 1837 iuellabile
2304 1790 2501 1831 nomen
2531 1773 2622 1829 Dei
2652 1773 2746 1837 sit,
2778 1780 2834 1828 et
2854 1771 3240 1844 cogitationem
3266 1771 3504 1834 excedit,

1923 1889 2024 1931 cur
2054 1878 2231 1925 morte
2255 1867 2503 1931 luebant,
2538 1863 2631 1934 qui
2653 1860 2989 1916 merebant?
3022 1876 3198 1929 neque
3228 1860 3375 1915 enim
3404 1875 3507 1925 po-

1925 1969 2063 2017 terat
2094 1960 2240 2030 quis,
2271 1956 2399 2011 licet
2427 1954 2586 2008 valde
2616 1959 2861 2022 cuperet,
2880 1949 3010 2004 illud
3052 1950 3330 2020 proferre;
3361 1949 3509 2020 quod

1921 2053 1971 2109 si
2004 2050 2167 2107 labiis
2205 2045 2440 2120 proferri
2488 2044 2697 2114 potuit,
2728 2042 3003 2112 quomodo
3049 2050 3171 2096 erat
3201 2040 3469 2097 inell‘abile
3489 2080 3508 2108 ,

1921 2152 2020 2199 aut
2051 2135 2477 2209 inexplicabile?
2516 2134 2623 2189 Sed
2669 2131 2837 2187 babes
2863 2132 2973 2201 jam
3018 2131 3423 2201 praescriptam,
3454 2131 3511 2186 ni

1923 2234 2119 2296 fallor,
2154 2230 2485 2287 luculentam
2520 2224 2873 2282 solutionem.
2922 2221 3061 2279 Cum
3088 2226 3237 2279 enim
3283 2224 3509 2285 dixerit.

1922 2326 2021 2397 qui
2059 2325 2201 2379 Deus
2244 2329 2329 2377 est
2359 2313 2940 2390 suprasubstantialis,
3001 2331 3021 2365 ι
3072 2311 3185 2384 Ego
3232 2327 3379 2376 sum,
3415 2328 3510 2385 qui

1922 2432 2065 2482 sum,
2105 2433 2125 2467 ι
2157 2411 2450 2468 dicendum
2479 2421 2700 2479 quoque
2733 2413 2817 2461 est
2846 2404 2950 2459 hoc
2979 2418 3103 2459 esse
3134 2418 3335 2457 nomen
3365 2402 3512 2472 ejus.

1921 2521 1987 2561 eo
2015 2503 2159 2575 quod
2192 2503 2332 2556 lianc
2358 2516 2545 2556 vocem
2579 2499 2746 2553 fando
2790 2497 3092 2567 accipiebat
3124 2495 3371 2566 Moyses;
3416 2502 3512 2551 sed

1922 2611 2023 2650 nec
2060 2594 2175 2664 ipse
2198 2592 2350 2647 solus
2380 2590 2577 2653 audiit,
2614 2603 2805 2644 verum
2829 2594 2883 2642 et
2909 2587 3258 2657 pontiﬁcibus
3296 2601 3514 2640 annun-

1924 2686 2115 2749 tiavit;
2148 2699 2247 2739 nec
2267 2680 2616 2737 annuntiavit
2646 2688 2874 2743 tantum,
2914 2678 3007 2733 sed
3058 2677 3379 2746 inscriptum
3407 2692 3510 2730 au-

1923 2793 2029 2832 rem
2057 2776 2276 2831 lamina:
2304 2774 2454 2828 dedit
2483 2788 2497 2824 :
2544 2783 2711 2842 atque
2759 2770 2884 2825 ideo
2916 2769 3161 2824 insinuat
3192 2780 3247 2823 et
3278 2768 3513 2839 intelligi

1922 2880 1977 2923 et
2010 2864 2279 2920 nominari
2330 2865 2497 2917 Deum
2533 2876 2735 2931 posse;
2775 2870 2829 2915 et
2878 2872 3027 2915 certe
3076 2859 3222 2930 quod
3258 2874 3366 2913 non
3412 2875 3514 2913 ne-

1926 2958 2059 3013 mini
2095 2954 2558 3026 cognoscebatur.
2606 2963 2665 3007 et
2694 2950 2843 3020 quod
2871 2968 2978 3006 non
3016 2952 3176 3021 plane
3219 2952 3360 3005 inter
3389 2950 3517 3006 illus

1929 3046 2238 3108 indicibilis,
2266 3059 2299 3099 e
2328 3045 2514 3099 multis
2538 3053 2684 3113 patet
2714 3043 2795 3098 vel
2846 3044 3172 3098 clarissime.
3209 3042 3366 3108 Quod
3413 3057 3515 3097 au-

1929 3144 2060 3199 tem,
2089 3145 2141 3189 et
2180 3150 2273 3203 per
2298 3149 2421 3203 quae
2455 3130 2896 3203 quamplurimis,
2932 3147 3034 3187 nec
3075 3131 3143 3186 ad
3185 3148 3369 3198 aures,
3416 3147 3516 3189 nec

1929 3224 1994 3277 ad
2031 3222 2442 3290 intelligentiam
2475 3220 2746 3284 ascendit,
2791 3219 2884 3273 sed
2932 3227 2990 3273 et
3017 3219 3241 3289 insuper
3288 3219 3341 3273 in
3380 3235 3513 3285 eos,

1928 3309 2130 3380 quibus
2168 3307 2519 3371 inualuerat,
2568 3306 2818 3361 custodia
2868 3306 3277 3375 opponebatur,
3330 3321 3399 3361 ne
3447 3308 3517 3361 ad

1927 3411 2220 3455 extraneos
2250 3400 2568 3465 ell‘arentur,
2617 3400 2789 3469 liquet
2829 3400 2985 3463 inde.
3020 3400 3162 3467 quod
3204 3401 3514 3455 innomina-

1930 3492 2038 3547 bile
2064 3500 2119 3547 et
2162 3492 2442 3547 indicibile
2489 3492 2661 3546 voluit
2703 3492 2987 3563 appellari.
3037 3490 3102 3545 Et
3147 3507 3276 3563 ergo
3316 3509 3515 3548 nomen

1934 3585 2030 3640 Dei
2067 3582 2342 3638 inellabile
2367 3592 2421 3638 et
2452 3583 2801 3649 iuell‘eribile;
2833 3600 2939 3637 non
2968 3585 3112 3654 quod
3146 3597 3339 3639 natura
3376 3600 3517 3656 prte-

1931 3676 2078 3731 ditus
2107 3684 2190 3729 est
2222 3672 2384 3737 Deus,
2414 3688 2537 3743 quae
2566 3673 2747 3728 verbis
2783 3683 2835 3727 et
2864 3673 3049 3743 lingua
3088 3674 3194 3727 dici
3234 3686 3471 3742 nequeat
3498 3693 3517 3729 :

1933 3777 2083 3841 patet
2108 3767 2253 3824 enim
2290 3767 2434 3837 quod
2462 3767 2760 3821 etiamnum
2802 3766 2931 3820 illud
2976 3768 3231 3837 quisquis
3262 3768 3517 3834 voluerit,

1935 3861 2182 3935 proferre
2228 3868 2394 3932 queat
2422 3877 2436 3913 :
2462 3858 2558 3913 sed
2595 3857 2742 3927 quod
2769 3857 3025 3911 omnibus
3051 3857 3255 3925 passim
3301 3870 3400 3910 nec
3427 3857 3516 3910 in-

1936 3956 2124 4027 telligi,
2157 3954 2239 4010 vel
2267 3952 2407 4007 edici
2432 3960 2618 4021 qucat,
2654 3948 2751 4005 sed
2794 3963 2893 4003 nec
2922 3948 3011 4011 iis,
3045 3948 3246 4018 quibus
3276 3936 3525 4016 cognitio

1934 4046 2056 4115 ejus
2081 4044 2531 4110 concredebatur,
2564 4044 2769 4098 licitum
2804 4053 2921 4096 erat
2950 4042 3053 4097 sub
3085 4057 3249 4112 paena
3274 4043 3519 4111 capitali,

1938 4138 2061 4193 aliis
2088 4150 2345 4191 enarrare
2364 4174 2385 4199 ,
2414 4145 2510 4189 aut
2563 4135 2685 4190 aliis
2713 4134 2909 4204 quovis
2940 4134 3103 4188 modo
3152 4132 3516 4202 cognifacere.

1415 4248 1616 4301 ειδέναι
1647 4260 1707 4298 τε
1745 4242 1827 4295 ul

1938 4227 2121 4283 Habes
2168 4227 2238 4281 ita
2258 4266 2275 4290 ,
2319 4241 2353 4281 0
2393 4226 2566 4289 bone,
2596 4226 2869 4296 quomodo
2904 4223 2992 4277 Dei
3022 4239 3219 4278 nomen
3246 4224 3387 4290 apud
3417 4221 3521 4277 Ju-

1941 4320 2090 4376 dazos
2129 4320 2377 4389 ignotum
2428 4326 2483 4373 et
2529 4318 2801 4373 ineliabile
2849 4317 2983 4379 luit,
3034 4326 3088 4371 et
3130 4317 3273 4385 quod
3325 4316 3523 4370 licebat

1945 4407 2227 4463 nonnullis
2254 4406 2393 4461 inter
2422 4422 2540 4473 eos,
2566 4421 2689 4461 cum
2724 4405 3008 4460 enuntiare
3047 4406 3204 4475 ipsis,
3235 4415 3348 4459 tum
3376 4405 3521 4474 apud

1946 4500 2081 4555 alios
2116 4498 2389 4569 proferre,
2440 4507 2495 4553 et
2540 4513 2634 4553 eos
2663 4498 2889 4562 docere,
2945 4512 3066 4565 qua:
3120 4496 3523 4566 cognoscebant

1947 4592 2051 4661 ipsi
2086 4609 2101 4645 :
2150 4589 2253 4645 nisi
2298 4590 2494 4645 mortis
2534 4599 2711 4644 metus
2739 4589 2913 4659 major
2955 4587 3289 4643 desiderium
3330 4602 3522 4643 eorum

1950 4691 2301 4754 superasset,
2342 4682 2434 4751 qui
2464 4681 2722 4736 volebant
2751 4681 2867 4736 haec
2911 4679 3170 4751 mysteria
3216 4678 3520 4734 addiscere.

261 4801 451 4870 Atque
476 4770 550 4857 ita
584 4770 737 4856 vides
766 4798 899 4855 nihil
938 4770 1121 4851 videre
1145 4770 1307 4860 licet,
1345 4789 1428 4845 vel
1475 4785 1711 4851 dilIicile,
1750 4788 1846 4838 aut
1880 4776 2030 4851 quod
2103 4776 2367 4847 impingat
2411 4776 2464 4831 in
2514 4776 2749 4847 aliquam
2817 4774 3248 4830 inextricandam
3300 4770 3523 4827 dubita-

264 4897 501 4952 ιίουειι.

807 5002 1139 5059 sparum
1196 5000 1313 5067 ικλυ.

2160 4972 2493 5041 QUESTIO
2531 4973 2643 5029 xei
2685 4970 3115 5045 [CoisLCCLVL
3157 4969 3321 5025 Taur.

2577 5063 2898 5137 CCXLVHL

274 5214 344 5272 Τί
360 5212 535 5267 ἐστιν
560 5227 579 5263 t
602 5206 905 5271 Πολλάκις
922 5221 990 5272 πί
1002 5204 1254 5273 οεθέμην
1268 5198 1463 5255 ἐλθεῖν
1481 5198 1629 5265 πρές
1646 5188 1822 5264 ὑμᾶς

1968 5190 2110 5257 Quid
2131 5189 2235 5244 sibi
2264 5187 2371 5242 vult
2385 5185 2518 5239 illud
2541 5198 2561 5237 :
2593 5202 2611 5235 ι
2644 5180 3230 5250 Sa'peproposnivcuire
3251 5180 3320 5232 ad
3346 5196 3431 5234 eos
3452 5180 3479 5232 .'
3503 5196 3523 5231 ι

842 5336 984 5387 Edita
1012 5350 1039 5385 a
1074 5330 1392 5393 Honlacutio,
1422 5343 1502 5393 ep.
1527 5328 1637 5390 itit,
1658 5332 1722 5377 ad
1751 5329 1929 5393 Georg.
1951 5322 2170 5380 Πίσωνι,
2203 5332 2253 5381 p.
2292 5314 2517 5365 221-229.
2558 5314 2611 5362 in
2642 5311 2780 5361 Rom.
2810 5308 2946 5369 1,15.

352 5468 378 5507 ε
415 5450 492 5505 Ui»
523 5446 665 5503 θέλω
703 5445 762 5501 δὲ
809 5445 951 5515 ὑμᾶς
990 5442 1193 5509 ἄγοείν,
1218 5438 1456 5508 ἀδελφοὶ,
1478 5437 1560 5492 ὅτι
1590 5435 1849 5497 πολλάκις

2029 5445 2050 5480 ι
2096 5424 2233 5480 Nolo
2262 5437 2362 5479 vos
2414 5422 2687 5493 ignorare,
2722 5416 2936 5485 fratres,
2980 5413 3127 5487 quod
3172 5429 3297 5470 cum
3330 5410 3531 5484 sapius

1582 5635 1815 5695 VARIJE
1856 5625 2264 5693 LECTlONES.

339 5806 373 5850 ⁸
394 5802 461 5864 C.
498 5802 570 5860 ιι.
594 5801 787 5860 omittit
813 5800 895 5859 τό.
1011 5810 1032 5837 ε
1064 5798 1147 5854 ίσ.
1173 5793 1323 5853 εἷπον
1344 5797 1446 5851 ὅτι.
