4200 6444
218 362 325 427 573

1200 356 1299 419 AD
1349 357 1938 420 AMPHILOCIIIUM
2004 355 2344 431 QUIESTIO
2399 354 2548 417 XCI.

3349 336 3457 423 δέτι

218 470 334 542 σχῶ
356 466 453 523 καὶ
481 466 540 521 ἐν
570 466 722 538 ύμῖν.
760 483 779 519 ι
829 464 1139 529 Τουτέστιν,
1172 465 1260 521 διὰ
1281 467 1442 521 τοῦτο
1477 467 1779 537 ἐκωλύθην,

1889 467 2129 523 fructum
2161 466 2397 536 aliquem
2431 480 2462 519 a
2489 461 2646 519 vobis
2686 463 2997 535 perelpiam.
3046 482 3067 517 ι
3104 464 3161 521 id
3198 474 3301 530 est,
3334 483 3454 521 eam

218 561 306 614 ἵνα
338 559 414 629 μὴ
447 558 638 613 θᾶττον
667 554 837 610 ἐλθὼν
865 558 1144 627 ἀκάρπους
1172 557 1314 628 ὑμᾶς
1351 556 1431 611 ἐτι
1462 557 1771 611 καταλὰὗωο

216 647 541 704 καταλαϐὼν
572 650 682 720 γὰρ
710 650 923 720 ἀώρους
971 647 1304 719 ἐμεμψάμην
1332 647 1400 702 ἂν
1429 648 1652 718 ἐμαυτῷ
1679 649 1777 718 μὲν

214 742 319 809 τῆς
346 741 576 809 ἀκαίρου
606 738 927 809 ταχύτητος,
968 738 1062 789 καὶ
1096 738 1228 806 ύμῖν
1249 732 1304 791 δέ
1342 738 1438 804 τῆς
1483 739 1543 790 ἐν
1571 729 1652 798 οἷς
1677 736 1778 788 οὐκ

216 830 324 883 ἔδει
357 829 704 901 βραδύτητος.
761 830 851 881 Διὸ
900 826 1238 897 ἀνεδαλόμην
1292 826 1393 898 τὴν
1450 826 1771 898 παρουσίαν,

216 917 455 983 ἐλπίζων
482 921 578 990 τὴν
601 921 898 991 γεωργίαν,
921 914 988 991 ἦς
1016 918 1138 987 οὐχὶ
1167 919 1333 989 μήπω
1370 918 1507 988 πρὸς
1542 917 1780 989 βλάστην

216 1011 448 1081 ὁρώσης.
507 1011 622 1064 ἀλλ’
680 1012 782 1081 ἤδη
814 1011 907 1064 καὶ
960 1011 1070 1071 τοῖς
1100 1009 1323 1063 ᾶνθεσιν
1363 1009 1777 1081 ἐνυστερούσης,

217 1105 375 1164 imo;
401 1098 886 1173 ἔχειπαρεῖναιτὴν
898 1094 1103 1172 ταύτης
1125 1100 1182 1152 ἐν
1210 1093 1507 1154 ἀπολαύσει
1527 1100 1779 1168 γινέσθαι

221 1189 509 1246 ποθοῦντα.
571 1188 770 1245 Ἐπειδ⁹
804 1192 872 1247 ἂν
923 1192 981 1246 δι
1008 1192 1148 1263 μετᾶ
1172 1192 1271 1262 τὴν
1328 1190 1568 1262 βλάστην
1597 1191 1691 1244 καὶ
1714 1190 1783 1243 τα

220 1278 383 1348 ἄνθη,
416 1282 768 1352 ἐπιφαίνηται
810 1283 905 1336 καὶ
945 1282 1433 1353 τελεσφορουμένηο
1462 1278 1583 1336 τότε
1608 1280 1785 1354 χαρᾶς

226 1371 323 1425 καὶ
369 1369 701 1442 εὐφροσύνης
729 1374 757 1426 ὁ
789 1367 923 1442 πρὸς
949 1371 1117 1443 αὐτὴν
1139 1372 1515 1445 πληρούμενος
1560 1371 1782 1444 δρόμος.

1884 558 1954 614 ob
1985 572 2205 612 causam
2236 555 2542 625 prohibitus
2588 570 2731 615 sum,
2772 570 2835 608 ne
2866 556 2910 610 si
2960 557 3125 618 citius
3158 557 3456 620 venissem,

1881 664 1976 704 vos
2000 645 2350 717 infrugiferos
2376 646 2696 713 reperissent
2725 662 2740 711 ;
2771 648 2815 699 si
2842 647 2985 701 enim
3014 646 3337 701 immaturos
3369 649 3452 699 iu-

1879 739 2171 801 venissem,
2238 737 2547 805 eulpassem
2624 736 3060 807 intempestivum
3153 738 3447 791 adventum

1880 846 2086 896 meum,
2117 844 2204 884 me
2237 829 2305 884 de
2351 827 2699 883 festinatione
2729 828 2915 893 nimia,
2943 844 3039 883 vos
3068 829 3135 884 de
3165 829 3444 887 tarditate.

1881 920 1935 975 in
1963 920 2029 976 iis
2063 934 2184 991 quas
2230 934 2337 972 non
2385 916 2667 971 decebant.
2718 912 2844 973 Ideo
2889 918 3183 973 adventum
3236 934 3459 987 comptu

1882 1011 2159 1066 rendiuavi
2203 1023 2405 1071 meum,
2440 1017 2758 1076 proventum
2800 1018 3147 1078 exspectans,
3203 1012 3295 1078 qui
3331 1023 3460 1063 cum

1881 1102 2120 1156 nondum
2151 1100 2633 1171 egerminatiouem
2669 1101 2980 1169 respiceret,
3013 1101 3106 1154 sed
3150 1101 3359 1154 tardius
3403 1101 3456 1153 in

1882 1191 2065 1246 ﬂorem
2100 1192 2423 1257 solveretur,
2456 1201 2768 1262 gravaretur
2802 1190 2891 1245 ille
2934 1189 3145 1252 adesse.
3180 1190 3273 1259 qtti
3316 1189 3463 1243 desia

1882 1283 2033 1339 deria
2060 1283 2180 1353 ejus
2213 1282 2455 1338 fruenda:
2489 1293 2781 1337 teneretur.
2845 1283 2910 1336 At
2946 1297 3069 1336 eum
3103 1292 3226 1349 post
3261 1280 3463 1349 germia

1885 1373 2157 1427 nationem
2189 1381 2243 1427 et
2266 1371 2425 1427 ﬂores
2470 1372 2535 1426 ad
2563 1369 2945 1441 perfectionem
2993 1370 3222 1425 adducta
3264 1370 3458 1433 fuerat,

220 1463 337 1515 Οὐκ
366 1456 507 1514 οἶδεν
537 1460 845 1530 λογίζεσθαι
888 1463 1101 1526 πόνους,
1152 1462 1273 1516 eaet
1326 1458 1465 1533 πρὸς
1494 1462 1631 1518 ἄλλα
1688 1463 1788 1533 τὴν

1887 1473 1999 1517 ιιιιιι
2030 1478 2283 1519 accessus
2338 1463 2403 1517 ad
2444 1478 2538 1517 eos
2584 1477 2752 1517 cursu
2804 1461 3111 1527 festinatos,
3158 1462 3357 1532 gaudio
3409 1470 3464 1515 et

222 1554 457 1625 σπουδὴν
472 1555 876 1626 καταμερίζειν.
908 1554 973 1608 Τί
996 1550 1091 1609 οὖν
1116 1552 1184 1608 ἂν
1214 1552 1307 1608 καὶ
1332 1556 1784 1627 καρωφορῶσινς

218 1642 303 1703 τίς
322 1643 357 1712 ἡ
385 1642 546 1713 χρεία
578 1643 679 1713 τῆς
709 1643 1015 1714 παρουσίας
1044 1638 1295 1712 Παύλου;
1330 1645 1508 1714 Πολλὴ
1536 1644 1635 1715 μέν
1667 1644 1784 1699 οὖν.

220 1732 298 1783 Ού
337 1731 444 1801 γὰρ
506 1733 688 1785 πάντα
740 1732 1001 1804 ἀνέμενεν
1060 1731 1151 1786 τὸν
1204 1732 1439 1805 καρπὸν,
1473 1732 1612 1787 ἀλλὰ
1641 1732 1785 1789 τινά.

1887 1554 2070 1611 laetitia
2097 1555 2441 1619 abundabat;
2473 1552 2685 1608 labores
2732 1553 2875 1608 haud
2936 1553 3085 1606 novit
3117 1561 3459 1620 computare,

1886 1662 1995 1702 non
2028 1661 2213 1700 curam
2248 1645 2461 1700 divisim
2524 1644 2647 1699 aliis
2703 1645 3030 1713 impendere.
3076 1643 3229 1709 Quod
3265 1643 3311 1699 si
3348 1643 3465 1696 fru-

1889 1737 2150 1800 etiticent,
2179 1735 2269 1792 cui
2309 1735 2431 1791 usui
2476 1733 2733 1791 inserviet
2757 1735 3022 1791 adventus
3054 1733 3249 1790 Pauli?
3276 1732 3463 1788 Multi-

226 1840 244 1869 ε
288 1817 406 1874 Ἵνα
436 1824 543 1891 γάρ
572 1839 693 1874 τινα
740 1822 948 1893 καρπὸν
989 1822 1124 1893 σχῶ,
1163 1822 1317 1894 φησὶ,
1366 1823 1461 1876 καὶ
1489 1823 1549 1878 ἰν
1576 1824 1724 1894 ὑμῖν.
1766 1841 1785 1876 ι

1894 1828 2019 1898 pliei
2044 1826 2306 1899 profecto.
2354 1825 2473 1883 Non
2507 1827 2654 1883 enim
2703 1828 3075 1883 omnimodum
3127 1828 3465 1898 exspectavit

221 1910 435 1982 ’Ὠσπερ
462 1911 519 1965 δέ
550 1914 804 1983 περιττὸν
832 1914 925 1965 καὶ
952 1913 1184 1983 μάταιον
1206 1910 1299 1967 τδν
1332 1913 1555 1978 τελείως
1580 1930 1794 1984 καρπο-

221 2001 496 2073 φοροῦντα
528 2004 609 2065 είς
648 2004 1034 2073 καρποψορίαν
1074 1999 1437 2073 παρακαλεῖν,
1472 1999 1646 2067 οὕτως
1672 2005 1793 2059 ἐπί-

235 2109 401 2146 πονον
425 2096 515 2146 καὶ
545 2094 803 2164 ὀκνηρὸν,
838 2095 903 2147 ἂν
920 2097 1051 2166 μηδέ
1070 2098 1311 2167 χρηστὰς
1330 2096 1549 2159 ἐλπίδας
1572 2098 1794 2168 ὑπάρχῃ

220 2181 431 2247 λαϐεῖν,
446 2183 539 2236 ἐπὶ
560 2185 629 2237 τὰ.
650 2185 831 2238 τέλεια
845 2188 1149 2256 παραινεῖν.
1174 2187 1233 2238 Εἰ
1258 2186 1315 2239 δέ
1334 2186 1361 2223 Ι·
1377 2188 1583 2257 καρπός
1606 2204 1688 2251 τις
1708 2183 1794 2257 ἧν,

218 2274 317 2325 καὶ
339 2266 495 2337 οὗτος
515 2274 721 2338 τέλειος
751 2277 811 2328 ἐν
862 2278 1067 2343 αὐτοῖς,
1112 2276 1223 2330 οὐδ’
1251 2275 1427 2342 οὕτως
1461 2278 1647 2342 ἁπλῶς
1707 2279 1797 2331 iv-

218 2366 486 2419 εκόπτετο
510 2368 612 2438 τὴν
646 2370 954 2441 παρουσίαν
976 2371 1025 2410 ιι·
1051 2372 1080 2425 ό
1110 2370 1310 2443 πτηνὸς
1342 2372 1549 2436 ἐκεῖνος
1574 2373 1667 2427 καὶ
1695 2388 1796 2443 μι-

216 2460 447 2531 τὰρσιος
466 2461 753 2530 ἄνθρωπος
775 2479 791 2495 ο
818 2481 837 2515 ι
866 2462 1181 2534 ὀφειλέτην»
1221 2464 1332 2534 γὰρ
1362 2464 1554 2519 ἐαυτὸν
1575 2464 1671 2519 καὶ
1686 2459 1796 2517 οἶδε

220 2551 317 2603 καὶ
344 2550 632 2615 ἀποκαλεῖ,
674 2554 802 2622 «οὐχ
831 2552 1102 2624 Ἐλλήνων
1134 2553 1315 2624 μόνων
1349 2555 1445 2608 καὶ
1478 2554 1794 2626 βαρϐάρων,

221 2641 366 2695 ἀλλὰ
398 2642 497 2694 καὶ
525 2642 702 2710 σοφῶν
737 2644 832 2699 καὶ
854 2643 1116 2712 ἀνοήτων·
1155 2663 1175 2697 ι
1212 2646 1307 2699 καὶ
1335 2645 1413 2715 τῷ
1449 2644 1576 2699 καθ’
1604 2646 1797 2699 ἐαυτὸν

219 2731 516 2804 προθύμῳ,
548 2733 647 2803 οὐχ
674 2734 864 2787 ἵστατο
892 2735 967 2803 μὴ
991 2735 1162 2788 πλείω
1175 2735 1284 2789 τῶν
1308 2736 1477 2791 ὄντων
1498 2738 1794 2807 ἐπιζητεῖν,

220 2824 371 2879 ὥστε
397 2830 490 2878 καὶ
529 2828 542 2864 ί
578 2828 687 2890 τοίς
725 2827 908 2897 ἐργοις
945 2827 1184 2895 ἐκόμων,
1228 2828 1393 2892 αὐτὸς
1428 2829 1494 2883 ἄν
1519 2828 1582 2883 τὸ
1629 2827 1795 2883 αὐτοῦ

218 2918 326 2971 οὐκ
358 2916 573 2985 ἀπέστη
609 2917 778 2970 ποιιῖιν
799 2935 811 2947 ·
837 2916 951 2969 ἀλλ’
977 2917 1229 2972 ἐπέκειτο
1259 2920 1579 2990 προσθήκην
1611 2919 1795 2989 μειζό-

221 3025 335 3061 νων
369 3006 667 3076 ἐπιζητῶν.
720 3007 860 3060 ’Λλλ“
910 3008 1055 3063 οὕτω
1107 3009 1206 3079 μὶν
1250 3010 1342 3063 καὶ
1384 3011 1414 3081 η
1448 3011 1672 3080 τοιαύτη
1700 3010 1796 3065 τοῦ

222 3098 396 3168 ῥητοῦ
430 3099 779 3167 διασάφησις.
818 3099 975 3152 Ἐστι
1016 3100 1073 3153 δέ
1132 3100 1228 3153 καὶ
1282 3100 1459 3162 ἄλλως
1501 3100 1564 3153 τδ
1619 3102 1796 3171 νόημα
1821 3138 1866 3198 c

224 3190 483 3249 συνιδεῖν,
516 3189 890 3261 ἁπλουστέραν
923 3189 1022 3258 μὶν
1058 3188 1188 3252 ἴσως
1210 3189 1310 3260 τὴν
1349 3191 1613 3260 ἐξήγησιν
1643 3192 1797 3245 ἐκδε-

222 3280 485 3350 χόμενον,
515 3281 867 3351 οἱκειωτέραν
891 3279 956 3342 δ’,
984 3274 1163 3349 οἶμαι,
1188 3282 1285 3334 καὶ
1313 3284 1412 3351 τῆς
1440 3281 1651 3335 Παύλου
1682 3282 1797 3335 δια.

221 3370 378 3433 νοίας
401 3370 618 3440 καὶτῆς
645 3369 864 3435 λέξεως.
907 3387 927 3421 t
965 3368 1252 3436 Πολλάκις,
1293 3372 1449 3441 φησι.
1485 3370 1798 3441 προεθέμην

221 3461 408 3514 ἐλθεῖν
434 3460 570 3532 πρὸς
599 3460 765 3531 ὑμᾶς,
800 3462 915 3516 ἀλλ’
957 3460 1238 3531 ἐκωλύθην
1267 3460 1395 3531 ἄχρι
1422 3459 1517 3514 τοῦ
1552 3460 1732 3530 δεῦρο.
1774 3480 1793 3513 ι

221 3556 329 3609 Διὰ
357 3554 409 3608 τί
431 3571 446 3620 ;
471 3572 490 3605 ι
519 3553 637 3606 Ἰνα
699 3553 821 3604 τινὰ
856 3552 1069 3622 καρπὸν
1100 3551 1233 3622 σχῶ,
1273 3571 1291 3605 ι
1323 3552 1411 3604 ἵνα
1448 3551 1612 3623 εἴπῃς
1641 3550 1684 3615 i,
1715 3553 1801 3605 ἐν-

221 3643 476 3699 ελείπετό
512 3661 600 3713 μοι
629 3642 833 3713 καρπός
860 3659 945 3704 τις
971 3641 1030 3694 ὃν
1052 3641 1163 3694 εδει
1196 3641 1451 3705 συλλέξαι
1507 3642 1796 3711 πρότερον,

222 3735 353 3791 εἶτα
387 3734 523 3805 πρὸς
544 3734 687 3803 ὑμᾶς
709 3731 1142 3802 παραγενέσθαι.
1175 3732 1270 3794 Τίς
1291 3727 1386 3785 οὖν
1413 3726 1482 3802 ἦν
1532 3731 1562 3783 6
1589 3732 1800 3800 καρπὸς

221 3826 465 3886 ἐκεῖνος.
497 3824 593 3875 καὶ
624 3824 682 3875 ἐν
716 3822 825 3875 τίσι
848 3821 1170 3888 συνελέγετο
1190 3821 1394 3887 ςΑύτὸς
1424 3821 1630 3884 ἐκεῖνος
1659 3822 1793 3890 ἐρεῖ·

219 3915 325 3971 ἐπὶ
348 3915 458 3984 γὰρ
488 3912 567 3983 τῷ
599 3910 741 3966 τέλει
767 3912 866 3983 τῆς
890 3910 1203 3981 ἐπιστολῆς,
1258 3910 1449 3985 ὥσπερ
1494 3910 1798 3980 ἐπιλογιζό-

223 4022 397 4079 μενος
420 4005 568 4075 αὐτῷ
604 4004 672 4057 τὰ
698 3996 1161 4074 προοιμίασθέντα
1183 4044 1199 4069 ,
1234 4002 1377 4058 οὕτω
1409 4003 1590 4075 ιρησίν·
1646 4020 1665 4053 ι
1708 4001 1800 4055 Διὸ

220 4099 329 4153 καὶ
387 4096 759 4167 ἐνεκοπτόμην
815 4096 992 4149 ἐλθεῖν
1046 4096 1187 4165 πρὸς
1244 4095 1410 4166 ὑμᾶς,
1469 4114 1488 4147 ι
1537 4097 1675 4166 ὅπερ
1718 4096 1801 4160 είς

218 4190 427 4246 ταύτὸν
456 4190 582 4260 ἥκει
612 4188 673 4242 τὸ
706 4191 732 4230 ι
760 4188 855 4243 καὶ
883 4207 903 4241 ι
955 4187 1261 4260 Ἐκωλύθην
1283 4189 1411 4262 ἄχρι
1440 4185 1536 4240 τοῦ
1563 4186 1741 4259 δεῦρο·
1774 4204 1796 4240 ι

218 4280 376 4343 εἶτα.
414 4299 434 4334 t
463 4283 599 4338 Novi.
623 4285 682 4339 δέ
714 4284 909 4356 μηκέτι
934 4282 1071 4352 ἔχων
1102 4280 1267 4333 τόπον
1311 4280 1370 4331 ἐν
1411 4279 1526 4341 τοῖς
1571 4276 1799 4347 κλίμασι

217 4375 465 4441 τούτοις,
524 4394 544 4428 ι
596 4376 735 4431 ἀλλὰ
766 4369 1144 4445 πεπληρωκὼς
1205 4369 1450 4440 δηλονότι
1511 4369 1575 4422 τὸ
1613 4368 1794 4439 ἔργον,

1896 1921 2152 1987 fructum,
2187 1920 2282 1976 sed
2328 1922 2618 1991 quemdam
2663 1930 2892 1975 tantum.
2926 1920 3105 1990 lnquit
3136 1920 3303 1984 enim,
3343 1939 3360 1970 ι
3398 1911 3466 1974 Ut

1895 2012 2131 2081 aliquem
2162 2011 2216 2066 iu
2248 2012 2403 2066 vobis
2437 2011 2678 2066 fructum
2710 2010 2904 2066 feram.
2942 2033 2960 2062 ι
2994 2011 3462 2077 Quemadmodum

1894 2113 2074 2158 autem
2123 2102 2456 2172 superfluum
2539 2111 2593 2156 et
2649 2101 3015 2157 frustraueum
3067 2111 3170 2166 est,
3218 2116 3342 2156 eum
3395 2102 3463 2154 ad

1895 2195 2131 2251 fructum
2176 2194 2457 2251 ferendum
2504 2196 2693 2258 citare,
2735 2195 2829 2264 qui
2872 2194 2983 2263 jam
3035 2193 3301 2263 perfectos
3343 2192 3466 2246 tullt

1896 2288 2144 2351 fruetus;
2199 2286 2270 2340 ita
2295 2294 2348 2341 et
2382 2287 2710 2340 laboriosum
2742 2297 2792 2341 et
2825 2301 2987 2357 grave
3019 2285 3145 2350 erit,
3189 2284 3276 2338 ubi
3321 2283 3465 2339 bona

1893 2394 2020 2448 spes
2053 2393 2158 2434 non
2191 2378 2448 2448 suppetit,
2480 2377 2545 2431 ad
2578 2376 2963 2446 perfectionem
3000 2375 3259 2431 inducere
3285 2376 3463 2431 velle:

1894 2468 1976 2523 sin
2031 2467 2244 2523 fruetus
2283 2467 2335 2521 in
2370 2468 2439 2522 iis
2464 2467 2683 2537 aliquis,
2716 2475 2770 2521 et
2806 2467 2896 2521 ille
2941 2466 3160 2536 quidem
3190 2464 3466 2535 perfectus

1896 2555 2018 2622 fuit,
2058 2572 2125 2611 ne
2153 2556 2234 2612 sic
2261 2556 2476 2626 quidem
2524 2571 2680 2610 suam
2724 2556 3062 2626 praesentiam
3111 2555 3466 2610 interlidisset

1895 2646 2073 2700 alatus
2122 2645 2209 2698 ille
2252 2654 2306 2698 et
2354 2644 2766 2700 snblimivolans
2811 2646 3009 2711 homo;
3038 2664 3056 2697 ι
3098 2645 3400 2699 debitorem
3440 2662 3462 2696 ι

1895 2736 2161 2806 siquidem
2206 2750 2265 2790 se
2315 2744 2367 2789 et
2423 2736 2641 2805 agnovit
2689 2743 2744 2790 et
2785 2735 3062 2806 professus
3120 2746 3244 2791 est:
3283 2754 3302 2787 ι
3348 2734 3466 2788 Non

1896 2826 2098 2881 Graecis
2124 2835 2333 2879 tantum
2383 2837 2479 2879 aut
2526 2825 2795 2889 barbaris,
2838 2826 2931 2881 Sed
2959 2826 3294 2895 sapientibus
3336 2826 3469 2878 insi-

1896 2917 2318 2987 pientibusqne;
2358 2934 2377 2968 ι
2406 2916 2625 2984 etquod
2675 2915 2844 2986 ipsius
2891 2917 3129 2971 studium
3175 2916 3466 2978 attinebat,

1898 3022 2005 3062 non
2056 3023 2115 3062 se
2165 3008 2451 3071 continuit,
2488 3017 2546 3061 ut
2578 3022 2646 3061 ne
2682 3007 2812 3076 quid
2860 3008 3093 3077 amplius
3140 3007 3464 3075 requireret,

1896 3114 2058 3167 quam
2087 3096 2227 3169 quod
2260 3097 2530 3161 habebat;
2560 3096 2693 3151 adeo
2722 3108 2779 3152 ut
2819 3099 2861 3151 si
2893 3096 3152 3165 operibus
3186 3095 3467 3156 ﬂorerent.

1901 3188 2015 3254 ipse
2050 3197 2225 3242 tamen
2260 3186 2402 3241 haud
2434 3187 2744 3248 absisteret,
2764 3189 2904 3257 quod
2935 3203 3093 3242 suum
3124 3199 3240 3241 erat
3266 3186 3466 3252 facere,

1899 3280 1992 3335 sed
2024 3279 2281 3347 majorem
2315 3277 2429 3332 ﬁeri
2457 3279 2789 3334 additiouem
2822 3282 3065 3335 instaret.
3095 3279 3271 3349 Atque
3304 3279 3374 3333 ita
3400 3280 3469 3333 sit

1900 3367 2065 3437 hujus
2091 3367 2219 3422 dicti
2250 3366 2543 3436 expositio.
2583 3370 2768 3424 Potest
2797 3378 2849 3423 et
2882 3370 3037 3423 aliter
3066 3384 3262 3422 sensus
3293 3369 3467 3436 expli-

1898 3458 2035 3518 cari.
2077 3457 2394 3528 simplieinri
2447 3460 2680 3529 quadam
2726 3459 2861 3515 furte
2902 3460 3365 3530 interpretatione,
3413 3470 3469 3514 at

1898 3563 2020 3617 quae
2061 3551 2282 3618 propius
2340 3552 2563 3605 accedat
2599 3550 2666 3603 ad
2706 3548 2859 3604 Pauli
2912 3558 3146 3603 tuentem
3186 3559 3241 3603 et
3291 3549 3465 3618 ipsam

1898 3642 2207 3699 dictionem.
2238 3662 2256 3696 t
2285 3644 2514 3715 Saepius,
2541 3644 2737 3713 inquit,
2763 3641 3019 3713 proposui
3041 3641 3106 3695 ad
3135 3656 3233 3696 vos
3259 3643 3466 3704 venire,

1901 3734 1996 3788 sed
2034 3734 2325 3803 impeditus
2353 3736 2458 3790 huc
2510 3750 2682 3804 usque
2728 3732 2827 3789 fui.
2860 3732 3013 3789 oCnr
3044 3734 3262 3787 autem?
3320 3749 3339 3783 ι
3398 3733 3469 3788 Ut

1900 3824 2133 3895 aliquem
2161 3828 2215 3881 in
2244 3826 2400 3882 vobis
2422 3826 2655 3880 fructum
2682 3826 2995 3897 percipiant.
3026 3844 3047 3878 ι
3066 3827 3142 3879 Ae
3167 3826 3212 3880 si
3234 3825 3466 3890 diceres,

1899 3917 2181 3973 deliciebat
2218 3919 2353 3973 mibi
2392 3919 2622 3983 fruetus,
2652 3933 2812 3989 quem
2841 3918 2988 3988 prius
3012 3918 3255 3986 οροιιιιίι
3284 3932 3469 3987 peree-

1898 4005 2063 4076 pisse,
2089 4015 2252 4077 atque
2274 4008 2345 4062 ita
2380 4009 2596 4062 demum
2634 4008 2939 4062 advenisse.
2972 4006 3107 4073 Quis
3136 4016 3318 4061 autem
3353 4005 3468 4059 fru-

1899 4107 2018 4153 ctus
2048 4098 2157 4164 ille,
2193 4100 2326 4153 etin
2367 4100 2567 4169 quibus
2596 4099 2990 4170 colligebatur?
3024 4098 3141 4169 Ipse
3178 4099 3280 4153 hoc
3309 4099 3471 4153 doce-

1898 4188 2018 4244 bit:
2054 4204 2178 4243 nam
2233 4175 2299 4245 ad
2350 4189 2511 4245 linem
2551 4190 2813 4260 epistolae,
2865 4191 3020 4260 quasi
3073 4189 3461 4259 recolligcndo.

1898 4296 2020 4350 qua:
2058 4281 2409 4351 praemiserat,
2443 4282 2561 4336 ait:
2596 4300 2615 4334 ι
2660 4283 2925 4349 Quocirca
2977 4280 3273 4350 impeditus
3317 4296 3465 4343 sum,

1899 4387 1966 4426 ne
1995 4372 2063 4425 ad
2093 4387 2189 4426 vos
2228 4374 2484 4436 veniretu,
2521 4391 2541 4425 ι
2578 4375 2720 4442 quod
2749 4375 2888 4429 idem
2918 4383 3001 4427 est
3034 4387 3182 4432 eum,
3216 4390 3234 4421 ι
3272 4369 3470 4425 Ρι·‹›1ιί-

222 4486 245 4520 ι
287 4466 611 4537 Ἐλεύσομαι
634 4467 769 4538 πρὸς
799 4466 966 4535 ὑμᾶς.
986 4481 1004 4513 ι
1042 4462 1207 4532 Ὁρᾷς
1226 4462 1309 4515 ὅτι
1332 4460 1419 4525 τὸ,
1452 4459 1556 4523 Ξως
1590 4459 1683 4512 τοῦ
1702 4458 1797 4513 νῦν

1900 4462 2046 4520 bitus
2086 4479 2206 4519 sum
2249 4466 2535 4519 hactenus.
2577 4466 2645 4519 At
2688 4480 2831 4519 nunc
2863 4479 2985 4519 eum
3023 4463 3200 4517 locum
3238 4463 3291 4515 iu
3323 4461 3471 4515 hisce

219 4561 312 4632 μὴ
341 4558 536 4623 ἐλθεῖν,
566 4559 595 4611 ό
624 4560 683 4611 ἐν
719 4560 825 4621 τοῖς
847 4556 1103 4626 κλίμασιν
1140 4552 1373 4617 ἐκείνοις
1404 4551 1795 4623 συλλεγόμενος

215 4652 421 4719 ἐπεῖχε
453 4649 663 4720 καρπός
687 4666 704 4683 ο
731 4648 1018 4702 ἀτίλεστον
1045 4646 1154 4717 γὰρ
1182 4645 1273 4699 τὸν
1302 4646 1361 4699 ἐν
1378 4645 1604 4707 ἐκείνοις
1631 4645 1795 4698 πόνον

214 4744 411 4816 λιπςτν
454 4743 557 4795 οὐκ
600 4737 669 4811 ἦν
725 4740 825 4810 τῆς
883 4739 1094 4794 Παύλου
1151 4738 1330 4809 ψυχῆς
1386 4738 1481 4790 καὶ
1536 4735 1792 4805 σπουδῆς.

212 4834 342 4890 Καὶ
375 4833 477 4902 ὅρα
498 4832 573 4895 ὡς
611 4833 644 4902 ἡ
693 4830 914 4901 τοιαύτη
963 4828 1260 4893 suamet;
1307 4827 1403 4881 τού
1439 4826 1626 4898 ῥητοῦ,
1666 4825 1791 4879 οὔτε

209 4924 325 4979 τοῦ
362 4924 502 4976 κατὰ
536 4922 597 4975 τὸ
623 4921 931 4992 ὑπερϐατὸν
960 4920 1153 4990 ἐδὲηθη
1204 4919 1504 4989 σχήματος,
1530 4915 1650 4971 οὔτε
1681 4915 1787 4986 μὴν

207 5017 357 5085 ἔσχε
377 5013 525 5077 τινας
554 5016 972 5075 ἀντιπίπτοντος
1004 5011 1317 5079 λογισμοὺς.
1337 5009 1471 5062 ἀλλᾶ
1499 5007 1595 5061 καὶ
1618 5022 1793 5076 προσ-

209 5109 503 5178 ήρμοσται
559 5102 757 5172 μᾶλλον
793 5102 901 5153 τῶν
938 5099 1114 5155 ἄλλων
1139 5101 1258 5162 ταῖς
1290 5114 1349 5150 τε
1376 5096 1573 5161 λέξεσι,
1599 5097 1691 5147 καὶ
1715 5094 1793 5163 τῷ

206 5195 322 5250 τοῦ
357 5193 644 5246 θεσπεσίου
672 5192 884 5245 Παύλου
916 5188 1122 5260 σκοπῷ.
1166 5191 1277 5242 Καὶ
1313 5188 1397 5253 τὸ,
1440 5187 1511 5239 ἐν
1544 5186 1707 5255 ὑμῖν,
1735 5185 1791 5237 δὲ

209 5285 481 5356 οὐδαμῶς
508 5284 844 5339 ἐναντιοῦται
878 5299 893 5315 ο
941 5281 1086 5353 ἁρχὴ
1109 5281 1218 5351 γάρ
1249 5281 1365 5333 ἐστι
1417 5278 1527 5331 τῶν
1570 5277 1790 5347 ἐφεξῆς,

1896 4557 2209 4625 regionibus
2238 4573 2342 4611 non
2374 4557 2621 4621 habeam,
2659 4576 2675 4607 ι
2707 4557 2797 4611 εειιΙ
2828 4570 2964 4625 opus
2993 4554 3250 4609 nimirum
3285 4554 3467 4607 absol-

1896 4647 2087 4709 verim,
2132 4664 2152 4698 ι
2181 4648 2395 4702 veniam
2427 4649 2493 4702 ad
2526 4663 2641 4703 vos.
2678 4669 2696 4699 ι
2731 4646 2911 4707 Vides,
2952 4653 3012 4699 ut
3036 4644 3245 4699 fructus
3274 4645 3324 4696 in
3358 4645 3468 4697 illis

1898 4735 2032 4790 locis
2055 4736 2389 4806 colligendus
2428 4737 2532 4790 huc
2560 4752 2731 4803 IISqtlt:
2761 4736 3053 4787 adventum
3091 4730 3462 4783 retardaverit.

1896 4825 2083 4895 Neque
2109 4827 2248 4880 enim
2282 4825 2431 4879 Pauli
2458 4826 2537 4879 vel
2564 4826 2804 4879 animum
2833 4824 2915 4877 vel
2947 4822 3185 4876 studium
3213 4820 3467 4881 decebat,

1896 4914 2334 4984 semiperfeetmn
2393 4914 2445 4966 in
2490 4914 2739 4967 manibus
2793 4913 3028 4966 laborem
3077 4913 3349 4963 deserere.
3406 4907 3471 4960 ιῖι

1895 5005 2137 5068 adverte,
2180 5014 2241 5058 ut
2289 5006 2402 5059 haec
2432 5005 2558 5058 dicti
2598 5004 2870 5066 enodatio,
2918 4987 3015 5055 nec
3056 5001 3226 5069 figura
3281 4999 3471 5069 I-.yper~

1896 5097 2022 5150 bnto
2053 5097 2348 5166 indigebat,
2374 5110 2473 5150 nec
2497 5096 2780 5148 ratiocinia
2812 5093 3054 5161 quaedam
3091 5088 3467 5143 intercidi-uua

1895 5184 2114 5248 habuit;
2149 5187 2240 5239 sed
2290 5185 2410 5254 plus
2458 5199 2621 5255 quam
2657 5184 2774 5237 alue
2822 5178 3291 5249 interpretationes
3338 5192 3467 5230 cum

1894 5276 2073 5333 verbis
2125 5276 2280 5347 ipsis,
2332 5286 2445 5331 tum
2508 5278 2655 5332 Pauli
2689 5283 2947 5346 congruat
2996 5269 3307 5326 intentioni.
3358 5268 3469 5321 Nec

1511 5498 1745 5556 VARI£
1771 5498 2179 5557 LECTIONES.

290 5708 425 5783 KC.
453 5709 592 5767 lion.
668 5712 780 5768 καί.
855 5709 918 5750 δ’
946 5710 1008 5768 C.
1040 5708 1182 5767 lion.
1210 5711 1310 5781 τῆς
1354 5708 1677 5782 παρουσίας.

1762 5708 1778 5750 ί
1813 5708 1931 5764 κᾶν.
1963 5708 2022 5770 ἐξ.
2065 5707 2134 5761 Il.
2159 5708 2268 5761 καί.

2351 5711 2364 5759 l
2397 5708 2543 5776 εἴπῃ.
2580 5707 2641 5761 C.
2665 5704 2731 5759 Μ.
2763 5705 2937 5777 εἴπῃς,
2996 5702 3025 5747 ι
3053 5703 3150 5775 τῷ.
3178 5703 3237 5761 C.
3262 5699 3332 5760 Π.
3361 5701 3451 5759 τό.
