4200 6444
775 441 893 505 575

1932 429 2196 492 PHOTII
2225 428 2728 490 PATRIARCH/E
2767 429 2876 491 ΟΡ.

3919 431 4027 496 576

773 558 907 613 illud
941 556 995 609 in
1033 553 1174 607 vobis
1209 550 1658 625 impedimentum
1682 559 1796 615 est;
1828 548 2043 604 initium
2075 550 2224 603 enim
2271 564 2359 604 sc—

2464 549 2554 600 καὶ
2581 549 2640 600 οὐ
2681 548 3084 620 συναπτόμενον
3132 547 3270 618 πρὸς
3301 548 3381 616 τδ,
3432 567 3451 601 ι
3497 547 3613 602 Ἰνα
3651 548 3775 602 τινὰ
3815 551 4027 619 καρπὸν

770 648 1063 717 quentibus
1095 645 1207 705 dat,
1246 658 1344 698 nec
1374 642 1718 697 connectitur
1743 657 1868 695 cum
1904 659 1917 695 :
1949 659 1967 693 ι
2009 639 2077 694 Ut
2111 640 2347 695 fructum

773 739 1008 805 aliquem
1046 736 1098 788 in
1129 734 1281 788 vobis
1328 733 1645 802 ptrcipiam,
1688 749 1707 782 ι
1747 740 1826 794 ιιι,
1863 750 1880 782 ι
1925 730 2090 785 Vobis
2141 731 2351 785 debitor

775 844 918 893 stnn,
949 825 1403 896 quemadmodum
1444 834 1504 877 ut
1551 823 1604 877 in
1644 824 1854 877 czeteris
1897 824 2169 892 gentibus,
2201 823 2348 877 Cra:-

776 921 856 973 cis
885 928 939 972 et
965 917 1230 976 barbaris,
1276 915 1615 982 sapientibus
1646 924 1699 968 et
1743 913 2125 982 insipientibus
2152 929 2296 968 sum.
2325 932 2344 966 ι

779 1007 854 1061 Ne
877 1006 1174 1074 ohjicerent
1203 1022 1216 1058 :
1242 1002 1382 1068 Quid
1414 1018 1544 1071 ergo
1581 1011 1733 1056 tanto
1769 1003 1954 1057 studio
1998 1003 2052 1054 in
2090 1002 2351 1057 fructibus

779 1096 1097 1166 colligendis
1122 1095 1261 1162 apud
1285 1103 1508 1148 caeteras
1528 1105 1717 1163 gentes
1744 1093 2060 1156 incubuisti,
2092 1101 2149 1146 at
2176 1093 2350 1146 imstri

781 1188 986 1241 nullam
1016 1184 1254 1238 habuisti
1287 1184 1599 1238 rationem?
1632 1182 1765 1250 lmo,
1793 1183 1990 1252 inquit,
2030 1203 2046 1232 ι
2088 1182 2150 1236 Et
2177 1186 2226 1235 in
2254 1200 2349 1237 vo-

779 1277 865 1332 bis
895 1276 1106 1330 debitor
1134 1291 1279 1339 sum,
1327 1275 1785 1342 quemadmodum
1821 1273 1876 1326 in
1926 1274 2138 1328 caeteris
2176 1275 2354 1340 genti-

780 1370 904 1423 bus.
945 1386 964 1418 ι
1004 1367 1118 1421 lloc
1151 1366 1444 1432 contendo,
1476 1367 1580 1420 hoc
1607 1365 1844 1434 inquiro,
1873 1366 2126 1419 omnibus
2159 1365 2351 1428 debeo,

783 1474 881 1513 nec
910 1457 1108 1529 aliquis
1157 1467 1260 1520 est,
1296 1473 1393 1526 pro
1432 1473 1541 1525 quo
1588 1472 1697 1508 non
1739 1471 1951 1508 summa
2002 1455 2355 1525 constringor

783 1547 1164 1603 sollicitudine.
1191 1549 1366 1613 Atque
1398 1548 1507 1600 haec
1531 1545 1751 1616 quidem
1791 1545 2071 1598 hat-tenus.
2101 1545 2356 1613 Espliea-

783 1640 948 1692 tionis
998 1639 1142 1692 enim
1177 1637 1350 1690 forma
1382 1637 1611 1690 alienior
1641 1647 1721 1690 est
1761 1635 1828 1687 ab
1854 1635 2130 1701 cpistoliea
2162 1635 2352 1704 l’igura.

784 1728 963 1795 Quare
995 1739 1243 1782 neutrum
1275 1729 1398 1781 livet
1427 1730 1605 1795 plane,
1635 1737 1689 1780 et
1720 1735 1777 1780 ιιι
1819 1728 1952 1779 artis
1989 1728 2131 1794 leges
2176 1726 2355 1794 requi-

785 1828 931 1882 runt,
965 1819 1260 1871 observare
1310 1817 1408 1879 illi,
1449 1817 1540 1884 qui
1589 1831 1682 1885 per
1719 1814 2004 1882 epistolam
2048 1815 2360 1881 interpreta-

2458 636 2592 704 σχῶ,
2630 654 2646 686 ι
2683 633 2795 688 οἷον
2825 636 2943 699 καὶ,
2985 655 3003 687 ι
3043 639 3098 688 ὲν
3147 637 3275 706 ύμῖν
3317 637 3599 708 ὀφειλέτης
3648 637 3787 706 εἰμὶ,
3842 637 4028 701 καθὼς

2456 727 2549 777 καὶ
2575 726 2630 777 ἐν
2681 728 2794 787 τοῖς
2829 725 3036 788 λοιποῖς
3091 725 3323 790 ἔθνεσιν,
3354 726 3580 793 Ἕλλησί
3606 743 3664 778 τε
3692 727 3785 779 καὶ
3814 725 4025 795 βαρϐά-

2459 831 2593 885 ροις,
2628 815 2810 880 σοφοῖς
2833 832 2892 868 τε
2926 817 3018 868 καὶ
3064 816 3331 886 ἀνοήτοις.
3378 836 3396 866 ι
3425 819 3541 870 Ἱνα
3566 817 3673 885 γὰρ
3703 817 3778 888 μὴ
3802 816 4006 884 λέγωσι

2458 905 2523 956 Τί
2552 900 2645 958 οὖν
2668 905 2757 957 τὸν
2789 907 2929 976 μετὰ
2959 909 3017 960 ἒν
3046 911 3158 972 τοῖς
3194 910 3402 979 ἑτέροις
3431 910 3658 979 κλίμασι
3695 909 3912 981 καρπὸν
3939 910 4025 964 διὸ

2459 999 2693 1067 σπουδῆς
2727 994 2870 1069 εἶχες
2897 1001 3198 1069 συλλὶγειν,
3252 1002 3407 1072 ἡμῶν
3438 1002 3494 1055 δὲ
3542 1002 3734 1054 οὐδένα
3783 1002 3945 1067 λόγον
3970 1000 4029 1068 ις

2466 1108 2485 1140 ι
2530 1090 2661 1151 Ναὶ,
2693 1093 2848 1160 φησι,
2888 1093 2982 1145 καὶ
3006 1095 3061 1145 ὲν
3094 1095 3223 1163 ὑμῖν
3253 1094 3537 1162 ὀφειλέτης
3558 1095 3696 1162 είμὶ,
3717 1093 3902 1157 καθὼς
3936 1095 4034 1148 καὶ

2461 1178 2518 1229 ὲν
2546 1181 2657 1240 τοῖς
2683 1179 2892 1245 λοιποῖς
2921 1181 3122 1236 ἔθνεσι.
3159 1201 3179 1234 ι
3212 1182 3383 1236 Τοῦτο
3429 1184 3666 1247 σπεύδω,
3704 1183 3866 1236 τοῦτο
3915 1186 4037 1237 ἐπι-

2461 1267 2630 1334 ζητῶ,
2668 1272 2798 1323 πᾶσι
2832 1279 3095 1342 χρεωστῶ
3118 1287 3133 1302 ⁶
3167 1273 3263 1326 καὶ
3289 1274 3464 1337 οὐδεὶς
3506 1276 3655 1327 ἐστιν
3690 1274 3828 1343 ὑπὲρ
3853 1269 3920 1329 οὗ
3953 1276 4033 1344 μὴ

2460 1359 2628 1428 πολλῇ
2663 1360 2959 1431 συνέχομαι
2998 1363 3261 1433 φροντίδι.
3309 1362 3469 1416 Ἀλλὰ
3521 1363 3696 1416 ταῦτα
3763 1363 3866 1432 μὶν
3894 1364 4034 1426 τέως

2461 1450 2552 1502 ἐπὶ
2583 1449 2852 1506 τοσοῦτον.
2894 1453 3008 1521 Τῆς
3036 1454 3143 1523 γὰρ
3174 1453 3467 1523 ἑρμηνείας
3488 1455 3516 1506 6
3539 1454 3736 1522 τρόπος
3765 1453 4039 1506 suum-

2466 1554 2554 1606 ρος
2589 1547 2628 1574 ’³⁵
2663 1539 2694 1604 ἢ
2724 1539 2831 1593 δνό
2853 1540 2954 1610 τῆς
3005 1542 3293 1611 ἐπιστολῆς
3339 1541 3586 1611 ἐπιζητεί
3615 1541 3798 1603 τύπος.
3832 1542 4038 1609 Διόπερ

2463 1629 2747 1699 οὐδέτερον
2779 1631 3058 1701 καθαρῶς,
3093 1634 3188 1686 καὶ
3224 1632 3298 1695 ὡς
3321 1635 3368 1685 οἱ
3399 1633 3702 1703 τῆςτέχνης
3719 1634 4037 1701 νόμοι,κατ’

2464 1721 2754 1791 επιστολὴν
2812 1722 3186 1794 ἑρμηνεύοντα
3247 1725 3530 1792 πράττειν.
3592 1725 3688 1776 Ἂν
3711 1724 3770 1775 δὲ
3813 1725 3912 1776 καὶ
3941 1723 4036 1775 τοῦ

2467 1810 2722 1879 καθαρῶς
2747 1812 3070 1883 ἑρμηνεύειν
3101 1815 3130 1866 6
3163 1813 3356 1882 καιρὸς
3395 1813 3494 1883 τὴν
3525 1813 3706 1868 ἄδειαν
3735 1812 3830 1880 δῷ,
3879 1813 4038 1876 ῐσως,

785 1917 892 1962 tur.
931 1909 1083 1974 Quod
1111 1909 1155 1962 si
1196 1908 1464 1974 exquisite
1496 1905 1840 1972 interpretari
1873 1903 2090 1956 occasio
2131 1903 2358 1954 faculta-

2466 1899 2601 1951 Θεοῦ
2634 1900 3018 1970 βουλουμένου,
3036 1903 3129 1954 καὶ
3157 1903 3490 1975 τελειότερον
3517 1903 3642 1974 ἐμοὶ
3704 1904 3808 1972 μὲν
3836 1903 4037 1966 εἰπεῖν,

787 2006 893 2050 tem
916 1997 1142 2060 dederit,
1173 1994 1424 2048 fortassis
1444 2009 1567 2047 cum
1599 1994 1742 2044 bene
1771 1991 1878 2043 Deo
1899 1991 2202 2043 absolutius
2226 1989 2357 2042 Inibi

786 2087 1104 2156 explicanda
1145 2096 1344 2147 erunt,
1391 2094 1446 2138 et
1491 2083 1786 2154 gratiosius
1832 2083 1927 2136 tibi
1981 2081 2270 2135 audienda.

788 2222 1114 2292 QUASSTIO
1155 2223 1291 2279 XCII
1333 2223 1524 2295 [σοιτί.
1555 2221 1853 2289 CCLXXII,
1889 2223 2050 2277 Taur.
2083 2220 2359 2288 CCLXII].

848 2336 992 2388 Edita
1029 2351 1058 2387 a
1098 2332 1422 2394 Ilontacutio,
1444 2348 1523 2397 ep.
1563 2334 1680 2394 l65,
1711 2335 1776 2383 ad
1803 2336 1975 2397 Georg.
2008 2331 2157 2391 Nic.,

2466 1993 2548 2044 col.
2570 1991 2613 2044 δ’
2639 1991 2859 2046 ἀκούειν
2908 1994 3190 2064 γενήσοιτο
3218 1995 3398 2065 χάρις.

3009 2224 3340 2280 εροτιιειε
3377 2224 3490 2293 ιβ’.

2192 2345 2244 2401 p._
2275 2330 2518 2401 εει-εδδ.
2557 2331 2632 2401 ρο
2674 2331 2898 2394 epistolis
2940 2335 3076 2385 Pauli
3111 2343 3165 2386 et
3194 2350 3284 2385 cur
3325 2351 3381 2387 se
3417 2339 3600 2388 Paulus
3637 2337 3837 2388 idiotam
3872 2346 4041 2401 γοα-ι,

2230 2394 2246 2442 l
2275 2395 2382 2441 tior.
2421 2405 2520 2451 xiv,
2553 2393 2627 2441 16.

863 2505 1078 2558 Miraris
1120 2502 1270 2556 Pauli
1328 2501 1602 2571 Epistolas
1646 2512 1723 2556 tot
1757 2503 1894 2556 ideis
1935 2503 2194 2556 variatas.
2248 2499 2366 2554 Noli

792 2598 865 2651 ob
890 2599 1174 2651 veritatem
1212 2595 1344 2647 mihi
1379 2609 1704 2649 succensere
1735 2610 1748 2645 :
1785 2605 1840 2646 et
1884 2609 1982 2663 ego
2031 2596 2196 2648 miror
2228 2608 2369 2646 non.

791 2689 921 2743 dum
959 2698 1011 2740 te
1040 2689 1105 2740 ad
1142 2684 1465 2753 profundam
1495 2685 1641 2741 illius
1679 2686 1998 2755 sapientiam
2034 2685 2368 2754 pervenisse.

795 2780 950 2845 Quoi
985 2778 1027 2832 si
1055 2777 1250 2845 majori
1275 2791 1404 2829 cura
1440 2784 1495 2830 et
1525 2777 1790 2831 industria
1826 2777 1969 2829 illius
2019 2777 2220 2842 scripta
2253 2789 2369 2828 Inc-

796 2869 1076 2928 iiitaberis,
1123 2867 1416 2920 adhibente
1462 2867 1719 2920 nimirum
1753 2867 1971 2920 caelitus
2009 2866 2234 2928 auxilio,
2265 2865 2371 2918 mi-

799 2962 988 3014 rabere
1019 2958 1188 3026 magis
1239 2957 1330 3025 qui
1380 2958 1559 3026 potuit
1590 2965 1642 3012 te
1677 2967 1838 3011 tantm
1888 2958 2165 3025 sapientia:
2199 2956 2370 3026 gratia

797 3051 986 3111 latere,
1035 3055 1088 3100 et
1124 3047 1246 3101 inde
1289 3045 1639 3116 pulchritudo
1673 3046 2018 3100 sermonibus
2055 3045 2217 3098 insita
2252 3045 2372 3112 ejus

799 3137 1066 3192 fervidum
1123 3137 1264 3192 haud
1295 3137 1504 3192 invenit
1541 3147 1855 3189 amatorem.
1895 3133 2002 3187 Nec
2051 3133 2242 3187 insisto
2273 3134 2371 3187 ad-

802 3231 906 3283 huc
950 3228 1002 3280 in
1045 3227 1160 3292 illa,
1195 3243 1313 3293 quae
1343 3229 1661 3295 dogmatnm
1712 3234 1766 3278 et
1801 3225 1920 3277 ﬁdei
1950 3233 2031 3277 est
2075 3225 2372 3292 sapientia;

2535 2501 2848 2571 θαυμάζεις
2889 2505 2938 2558 εί
2971 2503 3247 2568 τοιαύταις
3278 2504 3520 2570 είδέαιςΙΙ
3551 2507 3695 2560 θείου
3729 2509 3952 2562 Παύλου
3985 2519 4043 2570 αἱ

2479 2589 2788 2643 Ἐπιστολαὶ
2820 2595 3266 2662 σχηματίζονται.
3304 2597 3410 2648 Καί
3446 2613 3535 2666 μοι
3583 2599 3747 2667 μηδὲν
3774 2599 3872 2668 τῆς
3908 2602 4042 2670 αλιι-

2469 2681 2618 2744 θείις
2653 2684 2920 2754 ἀχθεσθῇς
2944 2725 2960 2750 ,
2991 2686 3072 2738 δτι
3100 2684 3254 2739 οὔπω
3299 2688 3559 2756 διέκυψας
3591 2691 3728 2759 πρὸς
3762 2691 3823 2743 τὸ
3873 2691 4041 2760 βάθος

2470 2772 2570 2839 τῆς
2599 2772 2826 2840 ἐνούσης
2842 2775 2919 2844 τῷ
2946 2775 3098 2845 ἀνδρὶ
3119 2777 3330 2844 σοφίας.
3362 2777 3425 2832 Εί
3455 2779 3512 2831 δέ
3541 2796 3598 2832 σε
3629 2780 4046 2850 φιλοπονωτῲα

2473 2863 2599 2931 περὶ
2629 2862 2756 2924 τοὺς
2789 2863 2998 2917 ἐκείνου
3039 2864 3229 2933 λόγους
3257 2866 3408 2920 λάϐοι
3441 2868 3661 2940 μελέτη,
3702 2871 3802 2939 τῆς
3829 2873 4045 2926 ἄνωθέν

2475 2968 2557 3004 σοι
2603 2953 2846 3020 δηλονότι
2882 2954 3059 3023 ῥοπῆς
3104 2955 3184 3018 είς
3223 2957 3510 3026 εὐμένειαν
3543 2959 3755 3029 ὁρώσης
3779 3002 3794 3025 ,
3825 2961 4046 3031 θαυμά-

2476 3061 2590 3105 σαις
2619 3045 2684 3096 ἂν
2719 3045 2942 3112 μᾶλλον.
2975 3046 3122 3107 ὅπως
3151 3064 3208 3101 σε
3235 3049 3470 3119 τοσαύτη
3505 3051 3692 3119 σοφίας
3723 3052 4044 3108 διελάνθανε

2478 3136 2657 3203 χάρις,
2704 3137 2799 3189 καὶ
2842 3137 3038 3200 κάλλος
3079 3137 3322 3206 ἐμφύτου
3367 3139 3523 3207 λόγου
3571 3141 3772 3212 θερμὸν
3803 3146 4046 3217 ἐραστὴν

2480 3223 2578 3274 οὐκ
2613 3219 2744 3290 εἶχε.
2783 3224 2891 3277 Καὶ
2923 3222 3078 3278 οὔπω
3107 3240 3171 3292 γε
3203 3225 3300 3295 τὴν
3349 3227 3407 3279 ὲν
3434 3226 3666 3296 δόγμασι
3709 3229 3806 3281 καὶ
3859 3231 4046 3284 πίστει

801 3320 865 3371 de
890 3318 982 3371 illo
1017 3319 1212 3371 videris
1252 3317 1453 3387 quippe
1499 3315 1641 3370 haud
1683 3314 1970 3368 dubitare:
2018 3315 2110 3368 sed
2158 3315 2267 3368 vim
2323 3324 2365 3367 cl

2476 3311 2617 3378 λέγω
2649 3313 2870 3379 σοφίαν·
2913 3313 3071 3368 τοῦτο
3099 3314 3211 3384 γὰρ
3242 3313 3350 3367 οὐδ’
3385 3316 3547 3380 αὐτὸς
3584 3319 3718 3386 ἡμῖν
3756 3321 4046 3391 ἀμφισδηο

802 3406 1111 3462 facultatem
1145 3409 1354 3461 dicendi
1385 3422 1550 3477 urgeo
1574 3406 1965 3460 admirabilem.
2001 3405 2068 3458 At
2096 3419 2207 3459 tum
2236 3421 2373 3474 quo-

2471 3399 2579 3451 τῶν
2623 3400 2845 3473 ὤφθης,
2880 3401 2995 3455 ἀλλ’
3041 3402 3140 3471 ὅση
3183 3403 3384 3472 κράτος
3414 3421 3472 3457 τε
3517 3405 3689 3473 λόγων
3739 3410 3833 3460 καὶ
3886 3411 4042 3478 ἰσχὶν

803 3498 964 3551 modo
995 3512 1243 3550 sermone
1279 3498 1383 3548 erit
1410 3495 1614 3548 idiota?
1640 3493 1815 3557 Certe,
1838 3510 1903 3547 eo
1942 3511 2050 3563 quo
2076 3513 2092 3544 ι
2121 3494 2365 3563 Princeps

2477 3489 2850 3558 θαυμάζεσθαι
2894 3491 3143 3561 παρέχει.
3193 3491 3312 3554 Πῶς
3340 3491 3433 3545 οὖν
3483 3493 3700 3563 ἱδιιῖιτης
3733 3496 3812 3567 τῷ
3856 3496 4039 3567 λόγῳ;

802 3595 1072 3657 peccator.
1098 3601 1206 3656 quo
1229 3587 1446 3639 intimus
1477 3585 1872 3654 apostolorum,
1904 3584 2371 3653 reiectamentum,

803 3689 1217 3746 purgamentum
1251 3675 1476 3738 mundi;
1529 3684 1608 3737 ut,
1657 3674 2026 3744 spectaculum
2073 3675 2279 3746 angelis
2322 3686 2376 3728 et

805 3771 1138 3824 hominibus.
1167 3788 1186 3821 ι
1231 3769 1400 3836 Quis?
1431 3768 1534 3836 Qui
1576 3777 1633 3822 ut
1677 3767 1952 3838 apostolus
1973 3767 2175 3823 Christi
2194 3768 2374 3839 gravis

804 3877 925 3916 esse
956 3870 1136 3932 posset
1179 3861 1556 3925 auditoribus;
1598 3860 1691 3928 qui
1754 3859 2123 3914 abundantius
2165 3860 2375 3915 ueteris

807 3952 1105 4016 laboravit;
1140 3953 1232 4019 qui
1280 3951 1597 4019 priusquam
1649 3949 1836 4004 matris
1881 3959 2068 4018 partus
2099 3948 2371 4012 ederetur,

806 4041 916 4096 Deo
945 4042 1401 4105 consecrabatur;
1429 4039 1522 4110 qui
1564 4054 1671 4093 non
1706 4040 2123 4109 spectandorum
2162 4048 2376 4107 specta-

805 4141 914 4195 tor,
960 4149 1067 4187 nou
1097 4131 1728 4186 audiendorumauditor
1748 4129 1880 4193 fuit;
1922 4127 2013 4183 Dei
2048 4129 2100 4182 in
2151 4127 2370 4182 Christo

807 4227 944 4280 odor
973 4225 1176 4288 bonus;
1206 4223 1298 4294 qui
1327 4220 1455 4276 Iesu
1485 4220 1976 4281 mortificationem,
2011 4219 2102 4273 sed
2131 4230 2185 4274 et
2209 4219 2371 4272 vitam

808 4319 861 4372 in
885 4332 1112 4388 corpore
1135 4315 1604 4384 circumgestabat.
1623 4312 2086 4380 Quemadmodum
2106 4312 2269 4381 igitur
2290 4326 2376 4364 re-

804 4407 1211 4474 jectameutum,
1244 4417 1687 4472 purgamentum,
1721 4401 2086 4472 spectaculum
2125 4399 2244 4454 talis
2291 4399 2375 4452 vir

805 4519 818 4546 ι
842 4506 858 4549 ι
881 4504 1060 4549 tantus
1085 4495 1219 4560 luit;
1247 4494 1321 4548 ita
1346 4494 1505 4562 plane
1529 4501 1584 4546 ct
1600 4505 1850 4546 sermone
1871 4489 2036 4543 idiota
2056 4487 2176 4541 fuit.
2193 4486 2372 4552 Certe,

806 4585 1005 4654 aliquid
1025 4586 1251 4637 istorum
1271 4582 1622 4651 reputabatur
1638 4579 1809 4642 abiis,
1826 4577 1916 4646 qui
1933 4573 2376 4646 praeconiiallitu—

806 4676 987 4729 dinem
1007 4691 1115 4729 non
1133 4675 1421 4745 capiebant
1439 4689 1455 4738 ;
1473 4671 1673 4740 aliquid
1690 4684 1808 4725 esse
1822 4671 2053 4728 volebat,
2068 4678 2118 4721 et
2133 4667 2258 4733 quia
2274 4666 2395 4721 l'uit‘

806 4768 1176 4821 moderatione
1191 4773 1246 4818 et
1268 4777 1479 4817 morum
1511 4761 1768 4816 facilitate
1790 4758 2121 4812 admittebat.
2151 4756 2220 4808 At
2240 4754 2371 4825 quid

2476 3582 2664 3652 ὥσπερ
2709 3583 2802 3634 καὶ
2839 3601 2858 3633 ι
2891 3582 2999 3636 τῶν
3026 3583 3363 3653 ἁμαρτωλῶν
3397 3585 3610 3655 πρῶτος
3630 3601 3641 3614 ·
3682 3607 3697 3637 ι
3732 3588 3809 3651 ὡς
3836 3607 3856 3639 ι
3882 3589 4046 3659 ἐσχα-

2475 3690 2565 3735 τος
2594 3672 2702 3724 τῶν
2732 3673 3069 3736 ἀποστόλων,
3100 3675 3356 3746 ξκτρωμα
3388 3677 3602 3731 πάντων
3630 3686 3686 3727 οι
3714 3694 3725 3708 ·
3753 3679 3828 3740 ὡς
3851 3697 4044 3749 «περιο

2477 3761 2736 3832 κάθαρμα
2767 3763 2862 3817 τοῦ
2909 3763 3148 3834 κόσμου’
3191 3783 3209 3815 ι
3240 3765 3314 3828 ὼς
3351 3785 3369 3818 ι
3413 3768 3486 3836 μὴ
3521 3767 3638 3820 (by?
3667 3769 3814 3832 ᾶξιςς
3860 3770 4046 3822 καλεῖ·

2479 3853 2598 3906 σθαι
2647 3853 3028 3918 ἀπόστολος·,ι
3084 3855 3159 3918 ὼς
3213 3875 3231 3907 ι
3266 3860 3482 3910 πάντων
3528 3859 3848 3928 περίψημα’
3895 3879 3915 3911 ι
3971 3861 4047 3923 ὡς

2481 3963 2499 3996 ι
2541 3945 2767 4014 θέατρον
2799 3946 3052 4013 ἀγγέλοις
3076 3948 3168 4000 καὶ
3211 3948 3537 4018 ἀνθρώποις.
3575 3967 3592 3999 ι
3623 3949 3754 4014 Τίς;
3799 3950 3858 4004 ’0
3888 3951 4045 4006 δυνά-

2477 4053 2634 4105 μενος
2682 4037 2740 4089 ὲν
2770 4037 2928 4107 βάρει
2955 4033 3092 4091 εἶναι
3119 4037 3194 4098 ὡς
3241 4037 3476 4109 Χριστοῦ
3531 4041 3856 4104 ἀπόστολος·
3882 4043 3913 4094 ο
3949 4061 4047 4098 πε-

2477 4127 2788 4196 ρισσότερον
2819 4127 3036 4181 πάντων
3080 4128 3368 4194 κοπιάσας,
3395 4130 3423 4182 6
3456 4133 3548 4184 καὶ
3586 4133 3713 4201 πρὶν
3744 4133 3778 4203 ἢ
3803 4134 3903 4195 τὰς
3937 4153 4044 4204 μη-

2473 4215 2667 4284 τρικὰς
2697 4216 2892 4279 ὠδῖνας
2929 4216 3112 4283 λύσαι,
3161 4220 3236 4288 τῷ
3262 4219 3382 4289 Θεῷ
3424 4220 3835 4291 ἀφωρισμένος·
3872 4227 3903 4276 6
3935 4225 4043 4277 τῶν

2475 4303 2718 4358 ἀθεάτων
2752 4305 2946 4377 θεατὴς
2966 4346 2984 4370 ,
3026 4309 3120 4361 καὶ
3170 4309 3277 4362 τῶν
3307 4311 3636 4381 ἀπορρήτων
3665 4315 3970 4381 κατήκοοςο
4008 4320 4040 4386 ἡ

2473 4395 2550 4463 τῷ
2579 4395 2696 4464 Θεῷ
2728 4397 2966 4466 Χριστοῦ
2993 4400 3222 4453 εύωόΞαο
3255 4403 3284 4454 6
3309 4402 3409 4471 τὴν
3441 4405 3706 4474 νέκρωσιν
3730 4406 3827 4457 τού
3845 4407 4040 4473 Ἰησοῦ,

2473 4486 2608 4540 ἀλλὰ
2644 4488 2736 4539 καὶ
2768 4489 2868 4559 τὴν
2895 4490 3041 4561 ζωὴν
3081 4493 3138 4544 ἐν
3189 4491 3266 4561 τῷ
3294 4492 3505 4563 σώματι
3543 4499 3879 4566 περιφέρων.
3912 4499 4043 4551 Ὠσ-

2473 4593 2581 4645 περ
2609 4573 2704 4630 οὖν
2737 4578 3028 4651 ἐκτρωμα,
3060 4583 3149 4636 καὶ
3180 4584 3467 4656 περίψημα
3487 4625 3503 4649 ,
3538 4592 3629 4640 καὶ
3661 4589 3916 4659 θέατρον,
3950 4595 4042 4645 καὶ

2475 4667 2888 4738 περικάθαρμα,
2915 4672 2944 4723 6
2980 4672 3236 4737 τοσοῦτος
3271 4677 3364 4727 καὶ
3386 4677 3701 4746 τηλικοῦτος
3721 4716 3738 4740 ,
3772 4680 3920 4735 οὕτω
3950 4685 4042 4736 καὶ

2478 4755 2691 4825 ἰδιώτης
2720 4757 2798 4828 τῷ
2825 4759 2985 4830 λόγῳ.
3039 4762 3146 4816 Καὶ
3189 4764 3294 4834 γὰρ
3332 4765 3553 4831 τούτων,
3613 4767 3680 4820 τὰ
3719 4768 3822 4836 μὲν
3863 4767 3934 4842 ἧν
3975 4775 4039 4841 τῇ

807 4855 1175 4909 tumlNumne
1201 4855 1253 4907 in
1287 4855 1521 4905 humana
1539 4849 1804 4919 sapientia
1825 4850 1954 4901 lides
1991 4847 2210 4899 nostra?
2230 4844 2365 4899 Deus

2477 4845 2743 4914 ὑπολήψει
2771 4849 2878 4901 τῶν
2911 4850 3004 4903 τοῦ
3033 4852 3408 4921 κηρύγματος,
3435 4856 3510 4926 μὴ
3539 4858 3828 4912 συνιέντων
3857 4863 3922 4914 τὸ
3951 4862 4041 4930 βάς

808 4947 1064 5010 meliora;
1088 4945 1178 4998 sed
1202 4945 1254 4997 in
1277 4944 1518 5013 potentia
1540 4941 1650 5004 Dei,
1673 4955 1767 5009 per
1789 4954 1950 5008 quam
1974 4938 2148 4990 idiota:
2161 4937 2373 5006 sapien—

804 5038 877 5090 tia
905 5039 1243 5090 imbuuntur.
1261 5037 1342 5088 An
1362 5048 1489 5102 ergo
1504 5033 1593 5086 Dei
1615 5031 1897 5100 sapientia,
1915 5039 1966 5082 et
1987 5031 2145 5095 ltthUs
2164 5027 2371 5090 ntttlttli,

803 5137 858 5180 et
887 5127 1189 5196 principum
1226 5109 1688 5194 ejus'sapientia?
1711 5120 1844 5186 Quis
1877 5120 1975 5171 hoc
2006 5116 2236 5171 dixerit?
2265 5115 2371 5170 Ta-

807 5219 872 5272 lis
910 5219 1054 5270 enim
1088 5217 1353 5286 sapientia
1385 5230 1479 5282 per
1520 5213 1699 5268 crucis
1731 5210 2009 5265 stultitiam
2047 5217 2362 5262 evacuatur.

805 5310 1100 5378 lmpiormn
1161 5309 1476 5377 dogniatum
1543 5315 1758 5367 ιρι-ιον,
1807 5301 2009 5358 erroris
2058 5299 2366 5353 auxiliatrix

804 5401 1168 5471 plausibilius
1214 5397 1521 5461 sermonis,
1572 5393 1826 5465 implesio
1873 5391 2165 5446 artiliciosa
2201 5386 2367 5442 male-

2474 4933 2564 4994 θος
2587 4951 2598 4962 ·
2632 4939 2699 4988 τὰ
2728 4937 2785 4990 δὲ
2819 4939 2914 4991 καὶ
2943 4939 3138 5004 αὐτοὺς
3170 4942 3363 5003 ἐδίδου,
3413 4946 3595 5014 φέρων
3627 4947 3693 5018 τῇ
3741 4948 3856 5001 τῶν
3895 4951 4041 5020 ἠθῶν

2475 5029 2782 5096 μετριότητι
2833 5031 2927 5083 καὶ
2984 5034 3273 5105 ἐπιεικείᾳ.
3310 5035 3375 5088 Τί
3411 5032 3534 5102 ούνς
3594 5039 3682 5091 Ἑν
3731 5041 3898 5111 σοφίειι⁵
3946 5043 4038 5095 dv-

2470 5115 2705 5183 θρώπων
2734 5119 2768 5187 ἠ
2811 5121 2991 5184 πίστις
3025 5122 3210 5191 ἡμῶνς
3243 5125 3332 5194 Μὴ
3366 5127 3606 5193 γένοιτο·
3633 5127 3754 5183 ἀλλ’
3781 5131 3842 5183 ἐν
3873 5131 4032 5184 δυνά-

2476 5223 2569 5275 μει
2593 5206 2746 5268 Θεοῦ,
2781 5210 2849 5263 δι’
2888 5208 2956 5282 ἦς
3001 5216 3092 5267 καὶ
3124 5215 3327 5270 ἰδιῶται
3360 5217 3690 5286 σοφίζονται.
3732 5221 3904 5289 Σοφία
3947 5221 4035 5276 οὖν

2474 5295 2610 5348 Θεοῦ
2637 5299 2670 5362 ἡ
2699 5300 2792 5354 τοῦ
2822 5303 3017 5368 αίῶνος
3041 5305 3254 5373 τούτου,
3302 5311 3395 5362 καὶ
3424 5310 3532 5363 τῶν
3559 5310 3725 5365 αὐτοῦ
3757 5313 4034 5384 ἀρχόντων

2475 5391 2663 5457 σοφία;
2699 5394 2807 5448 Καὶ
2836 5395 2919 5460 τίς
2952 5396 3018 5450 ἂν
3049 5399 3178 5470 φαίη
3211 5399 3396 5467 τοῦτο,
3441 5401 3504 5456 Ἦ
3540 5403 3649 5474 γὰρ
3675 5407 3901 5477 τοιαύτη
3943 5421 4032 5458 σθ’

2045 5573 2271 5631 ΥΛῐῖΙΔΕ
2305 5571 2702 5632 LECTlONES.

919 5739 936 5779 ι
971 5742 1052 5794 ισ.
1083 5737 1363 5808 ἐποίησας.
1474 5736 1619 5792 "Ec.
1673 5734 1839 5788 ἐστίν.

804 5812 1002 5866 omittit
1027 5809 1123 5864 ὧν.

1917 5743 1941 5770 η
1970 5732 2031 5788 C.
2069 5732 2212 5789 Mon.
2431 5733 2616 5800 ἰδέαις.
2649 5744 2668 5766 °
2692 5735 2754 5791 C.
2790 5733 2934 5789 Bion.
2979 5735 3054 5798 ὡς
3078 5735 3340 5806 ῐκτρωμα
3368 5737 3606 5795 πάντων.

3721 5751 3749 5792 r
3779 5741 3841 5799 C.
3884 5741 4028 5803 Non.
