4200 6444
241 449 346 509 an

1205 441 1307 501 AD
1336 433 1928 501 AMPHILOCHIUM
1958 434 2306 507 QUBSTIO
2332 436 2512 498 XCII.

3388 438 3493 501 ιη

245 555 343 623 φία
372 556 438 625 τῇ
467 552 562 608 τοῦ
593 551 831 624 σταυροῦ
883 553 1068 625 μωρία
1105 553 1307 624 μᾶλλον
1339 555 1708 623 κατήργηται.
1755 549 1817 602 'H

1924 545 2245 604 feriatorum
2274 549 2675 619 sophismatum
2701 588 2717 615 ,
2748 550 2931 606 anima
2969 550 3221 607 mortalis
3244 593 3260 619 ,
3289 566 3413 623 qua:
3444 562 3501 608 et

247 646 353 697 τῶν
382 642 667 698 δυσσεδῶν
696 644 988 713 δογμάτων
1009 643 1214 714 πλάνη,
1241 644 1276 714 ή
1303 641 1507 710 ταύτης
1528 639 1819 710 ἐπίκουρος

248 734 652 802 πειθανολογία,
703 736 737 804 ή
770 734 945 804 πλοκὴ
991 734 1089 788 καὶ
1118 734 1285 803 τέχνη
1318 731 1428 786 τῶν
1470 729 1819 799 κακοσχόλων

248 824 622 894 σοφισμάτων,
654 822 826 894 θνητή
868 824 903 895 ή
938 821 1087 893 ψυχὴ
1111 862 1129 888 ,
1160 822 1244 875 ὅτι
1291 817 1691 890 συμμερίζεται
1725 815 1821 869 καὶ⁸

247 921 563 989 συμπάσχει
605 920 687 991 τῷ
719 917 966 989 σώματι·
998 919 1100 971 οὐκ
1129 916 1243 986 εχει
1292 915 1637 985 Δημιουργὺν
1664 916 1693 966 6
1727 911 1819 966 κό-

244 1026 379 1071 σοιος
398 1024 411 1039 ·
447 1010 529 1061 ὅτι
559 1008 659 1078 οὐχ
690 1006 881 1078 ὥσπερ
911 1007 974 1059 τδ
1014 1006 1148 1075 πῦρ,
1179 1004 1356 1058 ἐθέλει
1385 1003 1507 1057 οὐδὲ
1533 1003 1594 1054 τὸ
1626 1001 1818 1069 ὕδωρ(

244 1098 511 1167 φέρεσθαι
529 1113 544 1129 ο
580 1097 756 1160 κοινὸς
777 1098 807 1149 ό
833 1096 1032 1166 γάμος,
1055 1096 1139 1149 ὅτι
1165 1093 1366 1165 μᾶλλον
1395 1091 1570 1173 οῦτως
1603 1092 1638 1161 ή
1666 1090 1822 1150 πόλις

244 1187 569 1257 φιλάλληλος
589 1205 605 1221 ο
648 1190 713 1241 εκ
739 1189 850 1241 τῶν
882 1186 1093 1258 νεκρῶν
1126 1187 1177 1239 oi
1207 1184 1412 1249 ζῶντες
1437 1200 1454 1217 ο
1489 1184 1584 1237 καὶ
1613 1180 1721 1252 γάρ
1756 1183 1821 1235 ὲκ

241 1278 338 1331 τοῦ
365 1279 614 1333 ῖστασθαι
653 1277 1033 1348 καθεζόμεθα·
1080 1276 1312 1339 πολλοὺς
1336 1276 1392 1330 δὲ
1421 1276 1503 1329 δεῖ
1536 1276 1631 1329 καὶ
1662 1273 1822 1337 θεοὺς

242 1365 408 1433 εἶναι,
455 1369 539 1423 δτι
586 1369 806 1423 πλείονα
835 1369 906 1423 τά
938 1368 1344 1442 προνοούμενα,
1377 1368 1471 1421 καὶ
1500 1364 1686 1436 φόϐος,
1716 1382 1819 1419 κα-

245 1464 369 1531 μεῖν
396 1462 489 1515 τὸν
511 1462 631 1527 ἕνα,
684 1464 751 1534 τῇ
782 1464 937 1533 κοινῇ
971 1460 1214 1532 φροντίδι
1256 1458 1721 1530 ὲνασχολούμενον
1739 1471 1756 1489 ο
1783 1456 1817 1527 ἢ

238 1552 327 1605 ὅτι
352 1553 447 1605 τὸν
476 1552 695 1623 πρῶτον
720 1554 936 1622 ἀνάγκη
962 1551 1142 1605 πείθει
1173 1551 1447 1621 παράγειν
1467 1547 1821 1601 καταδεέστε-

244 1661 359 1714 ρον,
413 1645 501 1697 ῖνα
537 1644 613 1715 μὴ
656 1644 758 1713 τῆς
806 1643 986 1714 ἀρχῆς
1035 1640 1362 1715 περιαιρεθῇ
1396 1641 1457 1694 τὸ
1498 1639 1818 1711 προνόμιον,

244 1738 345 1790 καὶ
376 1736 469 1790 τόν
490 1734 742 1807 δεύτερον
773 1736 937 1789 πάλιν
979 1734 1277 1805 ὑφειμένον
1320 1732 1503 1798 ἀλλον,
1539 1730 1821 1787 καὶτοῦτο

244 1831 328 1894 εἰς
361 1829 590 1899 ἀπειρον
612 1846 626 1859 ·
662 1828 729 1882 τὰ
765 1829 923 1898 μωρά
954 1827 1129 1881 ταῦτα
1177 1828 1272 1881 καὶ
1318 1824 1621 1897 παρανοίας
1651 1824 1817 1895 ἐσχά-

238 1937 344 1991 της
374 1920 653 1983 ἐπέκεινα,
685 1919 782 1973 καὶ
819 1918 1002 1989 ψυχῆς
1026 1918 1196 1982 ὅντως
1225 1918 1426 1988 θνητῆς
1456 1917 1553 1971 καὶ
1580 1914 1677 1971 τοῦ
1706 1934 1815 1971 κωο

238 2011 387 2065 νείου
417 2011 564 2076 ἀξια.
597 2011 815 2082 Ταύτην
859 2010 955 2065 τοῦ
1006 2012 1202 2073 αίῶνος
1231 2010 1331 2081 τὴν
1359 2010 1574 2078 σοφίαν,
1608 2009 1821 2072 Παῦλος

236 2108 268 2158 6
297 2105 366 2159 τά
395 2104 515 2157 θεῖα
543 2102 622 2173 τῷ
643 2103 757 2157 δντι
794 2103 957 2172 σοφδς
997 2102 1093 2157 καὶ
1124 2103 1191 2155 τά
1226 2100 1568 2173 ἀνθρώπινα,
1600 2102 1690 2155 διά
1717 2102 1817 2171 τῆς

237 2197 302 2248 ὲν
331 2194 616 2265 μυστηρίῳ
643 2193 779 2247 Θεοῦ
814 2195 1007 2262 σοφίας
1044 2197 1145 2265 τῆς
1184 2196 1516 2264 οίκουμίνης
1544 2194 1815 2265 ἀπήλασε,

239 2284 337 2338 καὶ
363 2284 464 2347 τάς
490 2284 601 2336 τῶν
629 2284 840 2337 πιστῶν
866 2283 1104 2347 διανοίας
1154 2284 1394 2348 ἀϐάτους
1424 2285 1561 2355 αὐτῇ
1594 2288 1820 2355 συνετή-

240 2392 435 2446 ρησεν.
480 2375 545 2429 Ἦ
576 2376 802 2447 τοιαύτη
843 2375 1023 2444 copia,
1054 2377 1233 2445 μωρία
1262 2377 1415 2447 παρά
1433 2376 1514 2448 τῷ
1537 2375 1688 2447 Θεῷ·
1709 2376 1820 2430 τῶν

238 2466 414 2536 ταύτῃ
452 2465 633 2535 σοφῶν
660 2468 709 2519 oi
734 2467 988 2537 λογισμοὶ
1026 2466 1270 2537 μάταιοι,
1316 2468 1411 2522 καὶ
1446 2469 1561 2530 ταῖς
1587 2468 1820 2531 οἰκείαις

241 2557 610 2628 πανουργίαις
661 2556 1030 2627 ἁλισκόμενοι,
1076 2556 1155 2627 τῷ
1203 2556 1360 2627 ἁπλῷ
1413 2557 1515 2632 τῆς
1562 2558 1820 2628 ἀληθείας

236 2646 392 2717 λόγῳ
421 2648 897 2719 πετιδράσσονται.
942 2646 1183 2719 Ταύτην,
1230 2648 1421 2720 ῶσπερ
1458 2650 1650 2712 πάλαι,
1675 2649 1821 2703 οῦτω

235 2736 305 2807 δὴ
337 2736 436 2789 καὶ
462 2734 577 2801 νῦν,
605 2738 755 2800 ἀπας
801 2736 1033 2807 εύσεσὴς
1066 2737 1320 2792 διαπτύει
1360 2738 1652 2808 λογισμόςο
1691 2740 1819 2803 τοὺς

238 2826 497 2897 μακροὺς
524 2826 742 2897 λήρους,
769 2828 840 2881 τά
867 2828 1075 2897 ψυχικά
1101 2828 1373 2900 βάραθρα,
1418 2831 1487 2882 τά
1513 2828 1608 2883 τοῦ
1648 2830 1822 2899 Πονη-

235 2919 342 2989 ροῦ
395 2919 663 2989 θήρατρα,
708 2920 769 2973 τὸ
819 2920 962 2990 μέγα
993 2920 1093 2990 τῆς
1122 2921 1399 2983 ἀπωλείας
1432 2921 1816 2991 ἐργαστήριον.

234 3012 367 3063 Τῶν
396 3010 452 3063 δέ
479 3026 542 3077 γε
571 3012 832 3080 ῥημάτων
874 3011 971 3065 καὶ
1018 3014 1119 3081 τῆς
1148 3011 1216 3065 δι’
1247 3012 1429 3067 αὐτῶν
1472 3013 1746 3083 συνθήκης
1784 3013 1817 3080 ἡ

232 3100 498 3173 ὀρθότης,
543 3100 597 3153 τί
642 3102 967 3169 λυμαίνεται
1012 3104 1079 3173 τῇ
1117 3103 1399 3173 εὐσεϐείας
1449 3104 1571 3157 τίνα
1614 3102 1821 3174 βλάϐην

1922 637 2245 707 dispertitur
2271 647 2327 696 et
2354 642 2683 711 compatitur
2711 655 2836 697 cum
2863 655 3129 711 corpore;
3159 644 3305 714 quod
3345 659 3502 699 mun-

1921 727 2024 781 dus
2061 728 2313 791 opiﬁcem
2344 746 2452 785 non
2489 731 2685 799 habet;
2711 733 2856 803 quod
2885 746 2993 787 non
3031 720 3498 803 quemadmodum

1922 817 2084 889 ignis,
2121 821 2194 877 ita
2235 831 2291 877 et
2317 838 2459 892 aqua
2507 822 2635 879 l‘erri
2670 840 2891 879 sursum
2920 825 3083 892 velit,
3112 826 3259 897 quod
3302 811 3496 883 matri-

1922 916 2166 971 monium
2193 930 2488 970 commune
2513 917 2603 976 sit.
2632 932 2699 972 eo
2724 917 2869 987 quod
2902 918 3003 972 hoc
3031 930 3190 989 pacto
3224 920 3399 991 magis
3434 937 3495 977 se

1924 1018 2112 1063 mutuo
2146 1019 2327 1063 ament
2367 1009 2549 1073 cives;
2577 1009 2720 1079 quod
2752 1024 2784 1063 e
2815 1012 3046 1066 mortuis
3076 1012 3209 1075 vivi.
3243 1028 3367 1068 eum
3397 1016 3490 1083 qui

1921 1097 2362 1154 cousistcbamus
2385 1137 2400 1162 ,
2434 1099 2760 1161 sedeamus;
2796 1099 3064 1168 plurimos
3108 1111 3321 1170 oportet
3362 1103 3496 1158 deos

1920 1201 2065 1253 esse,
2094 1202 2219 1243 cum
2242 1187 2395 1257 plura
2417 1188 2529 1242 sint
2554 1202 2676 1257 qua:
2703 1189 3103 1257 pmvideantur
3136 1209 3151 1245 :
3178 1199 3232 1246 et
3252 1201 3497 1248 metuen-

1921 1279 2052 1332 dum
2090 1279 2194 1343 sit,
2231 1294 2298 1333 ne
2323 1295 2465 1334 unus
2489 1318 2505 1343 ,
2541 1280 2587 1335 si
2629 1282 2875 1335 omnium
2914 1285 3193 1338 communi
3233 1299 3363 1340 cura
3407 1286 3495 1340 in-

1922 1369 2142 1437 viiiget,
2182 1369 2504 1437 defatiscat;
2550 1380 2647 1426 aut
2680 1373 2827 1442 quod
2874 1374 3127 1445 princeps
3165 1378 3496 1433 necessitate

1922 1460 2178 1531 adigitur,
2210 1476 2335 1529 cum
2368 1476 2473 1516 non
2501 1462 2735 1517 suiliciat
2777 1464 2917 1534 ipse,
2952 1464 3118 1520 alium
3159 1469 3494 1538 superindu-

1918 1567 2065 1619 cere,
2100 1568 2171 1608 ue
2216 1552 2525 1623 principatu
2568 1570 2669 1611 suo
2718 1555 2983 1625 privetur,
3032 1568 3085 1612 et
3133 1560 3496 1617 secundarius

1924 1644 2030 1701 iste
2060 1645 2321 1700 deﬁciens
2353 1646 2543 1710 alium,
2584 1656 2748 1715 atque
2782 1646 2852 1701 ita
2884 1649 2936 1702 in
2965 1649 3237 1705 inﬁnitum
3277 1670 3292 1706 :
3328 1653 3495 1707 stulta

1922 1744 2048 1791 sunt
2084 1736 2157 1791 ita
2184 1746 2239 1791 et
2272 1737 2560 1792 stultitiam
2589 1752 2806 1792 omnem
2844 1739 3184 1805 excedentia,
3220 1757 3342 1809 quae
3370 1743 3497 1795 ani--

1921 1841 2065 1880 mam
2106 1826 2299 1882 decent
2343 1841 2527 1881 revera
2565 1827 2882 1893 mortalem,
2930 1835 2984 1882 et
3014 1828 3249 1883 cicutam
3279 1845 3497 1884 meren-

1922 1924 2032 1973 tur.
2059 1914 2209 1973 lianc
2232 1917 2424 1972 mundi
2455 1917 2615 1973 istius
2642 1917 2964 1987 sapientiam
2997 1918 3222 1985 Paulus,
3250 1921 3342 1991 qui
3370 1936 3498 1976 vero

1922 2008 2165 2075 sapiebat
2194 2007 2403 2073 divina,
2436 2015 2491 2062 et
2524 2006 2791 2063 humanas
2822 2007 2955 2062 istas
2989 2008 3347 2078 cogitationes
3374 2021 3404 2060 a
3437 2023 3497 2062 se

1921 2098 2227 2163 alienabat,
2268 2107 2323 2154 et
2367 2098 2571 2154 mundo
2601 2098 2886 2170 ejiciehat,
2920 2108 3139 2169 propter
3168 2099 3493 2169 sapientiam

1924 2188 2014 2243 Dei
2047 2190 2099 2243 iu
2129 2189 2406 2261 mysterio.
2437 2188 2674 2245 ﬁdelium
2707 2191 3067 2261 cogitationes
3096 2190 3175 2245 illi
3201 2190 3496 2259 impervias

1920 2282 2093 2335 voluit
2123 2281 2423 2336 custodire.
2467 2278 2615 2335 Talis
2645 2281 2913 2351 sapientia
2945 2281 3056 2336 Deo
3091 2282 3324 2338 stultitia
3360 2292 3445 2338 est
3473 2300 3489 2339 :

1920 2373 2229 2441 sapientmu
2259 2373 2619 2443 cogitationes
2659 2388 2833 2439 vanae,
2866 2374 3102 2444 propriis
3132 2375 3495 2446 apprehensa

1920 2461 2418 2517 machinationibus
2450 2477 2544 2533 per
2575 2463 2883 2533 simplicem
2908 2464 3156 2518 veritatis
3178 2477 3492 2518 sermonem

1921 2551 2305 2622 decerpantur.
2354 2552 2505 2608 Hanc
2551 2562 2611 2609 ut
2641 2553 2797 2619 olim,
2848 2554 2921 2608 ita
2964 2560 3019 2609 et
3061 2569 3212 2610 nunc
3237 2554 3496 2626 quaelibet

1922 2657 2046 2697 cum
2079 2642 2278 2713 pietate
2308 2642 2605 2711 conjuncta
2634 2643 2777 2698 ratio
2807 2643 3049 2713 respuit:
3079 2643 3276 2699 deliria
3310 2644 3490 2714 longa,

1922 2735 2227 2789 animarum
2263 2733 2540 2797 barathro,
2576 2733 2778 2788 diaboli
2804 2734 3073 2793 venatica.
3105 2749 3358 2805 magnam
3387 2750 3495 2790 ma.

1923 2825 2100 2880 lorum
2136 2824 2436 2880 ciliciuam.
2475 2827 2542 2880 Αι
2586 2824 2719 2894 quid
2762 2824 3050 2879 verborum
3090 2836 3237 2881 recta
3268 2841 3501 2897 compm

1923 2920 2054 2977 sitio
2092 2920 2378 2975 veritatem
2417 2918 2559 2973 bedit
2591 2919 2615 2973 l
2662 2918 2808 2989 quod
2840 2918 3104 2973 damnum
3141 2918 3308 2975 infert
3335 2919 3501 2976 adhi-

1922 3012 2208 3078 bentibus,
2238 3027 2400 3083 quem
2442 3013 2524 3068 vel
2571 3025 2828 3081 magnum
2858 3010 2943 3066 vel
2980 3027 3209 3082 parvum
3249 3026 3500 3068 errorem

1924 3104 2325 3176 supplautando
2354 3103 2597 3160 inducit!
2626 3103 2684 3159 Si
2725 3112 2979 3159 naturam
3027 3104 3123 3174 qui
3156 3104 3349 3167 ﬂuxit,
3382 3107 3498 3178 ipso

233 3195 404 3263 φέρει
432 3196 544 3255 τοῖς
573 3194 912 3263 χρωμένοιςς
946 3194 1080 3265 πρὸς
1129 3196 1290 3249 ποίαν
1336 3194 1683 3259 ὑποσκελίζει
1724 3213 1816 3264 μι-

1926 3195 2235 3265 linguarum
2267 3193 2489 3257 artifex,
2521 3193 2669 3249 unde
2699 3193 2841 3248 hami
2870 3208 3218 3264 consequens
3259 3195 3365 3249 erit
3387 3231 3402 3257 .
3438 3204 3499 3249 ut

231 3286 443 3355 κράνῆ
477 3286 719 3355 μεγάλην
751 3284 991 3355 πλάνηνς
1036 3286 1097 3338 Et
1136 3284 1181 3338 δ’
1215 3287 1244 3339 ό
1285 3285 1387 3355 τῆς
1434 3285 1649 3356 φύσεως
1684 3285 1821 3341 πλάο

233 3393 397 3446 στης,
425 3375 589 3439 αὐτὸς
619 3376 714 3429 καὶ
750 3375 859 3430 τῶν
886 3376 1147 3444 γλωσσῶν
1189 3378 1218 3431 6
1260 3376 1530 3447 τεχνίτης,
1564 3376 1683 3441 πῶς
1720 3377 1821 3430 οὐκ

229 3468 255 3518 ἕ
264 3484 394 3520 στιν
426 3466 741 3530 ἀκόλουθον,
764 3468 965 3537 μᾶλλον
996 3469 1123 3531 τοὺς
1156 3466 1406 3538 μαθητὰς
1430 3465 1525 3522 τοῦ
1552 3468 1712 3537 λόγου
1737 3468 1817 3539 τῷ

230 3561 542 3630 καθήκοντι
566 3560 864 3631 κεχρῆσθαι
890 3561 1034 3631 λόγῳ
1063 3578 1079 3627 ;
1108 3560 1326 3616 Ούκοῦν
1360 3562 1422 3616 ού
1458 3560 1822 3632 προσελάϐετο

230 3650 494 3721 μαθητάς
535 3652 565 3704 6
596 3651 831 3723 Χριστὸς
864 3652 1101 3717 ίὸιώτας,
1150 3653 1246 3730 καῖ
1295 3653 1530 3723 μάλιστα
1556 3653 1723 3723 φαίην
1755 3650 1821 3705 ἂν

227 3744 419 3812 ἔγωγε
442 3785 459 3811 ,
506 3744 599 3797 καὶ
622 3745 672 3798 εί
698 3744 880 3815 βούλει
928 3761 1015 3813 γε,
1052 3745 1144 3798 καὶ
1171 3744 1280 3798 τῶν
1313 3745 1536 3817 ίχθύων,
1570 3744 1665 3810 οὓς
1694 3745 1821 3815 ἀθή-

228 3853 375 3907 ρων,
416 3835 823 3906 ἀφωνοτιρους·
868 3834 985 3888 ἀλλ’
1029 3834 1219 3905 ὥσπερ
1273 3836 1511 3899 ίδιώτας.
1542 3835 1686 3890 οὕτω
1725 3836 1820 3890 καὶ

222 3927 501 3991 τελώνας,
532 3927 629 3981 καὶ⁵
671 3928 861 3990 ἁλιεῖς,
911 3929 1041 3997 μήτι
1086 3928 1325 3991 τελώνας
1366 3928 1668 3999 ἦάλιεύειν
1713 3929 1819 3981 ἀπ-

224 4020 419 4085 έλιπε,
448 4020 544 4073 καὶ
571 4018 675 4072 ποῦ
707 4018 868 4073 τοῦτο
897 4018 1176 4089 θαύματος
1206 4020 1240 4090 ἢ
1272 4019 1372 4090 τῆς
1398 4020 1635 4092 Χριστοῦ
1663 4020 1822 4074 δυνά-

225 4127 392 4182 μεως
443 4110 625 4175 άξιονς
665 4110 789 4174 Πῶς
830 4110 877 4165 δ’
923 4110 990 4165 άν
1036 4126 1119 4175 τις
1151 4110 1379 4182 διαδύση
1422 4112 1513 4165 τὸν
1573 4112 1665 4166 ἐπὶ
1711 4111 1821 4166 τῶν

223 4208 426 4277 ἔργων
468 4204 649 4258 αὐτῶν
690 4204 944 4275 ἔλεγχονς
979 4204 1168 4271 Οῦτως
1209 4205 1302 4260 οῦν
1334 4205 1442 4260 οὐδ’
1475 4208 1561 4269 είς
1603 4206 1821 4274 ἰδιώτας

1924 3287 2016 3357 qui
2053 3287 2292 3357 potiores
2323 3286 2579 3356 discipuli
2632 3286 2907 3342 sermonis
2952 3295 3117 3351 sunt,
3149 3287 3497 3342 convenienti

1923 3393 2175 3434 sermone
2224 3387 2468 3433 utantur.
2518 3376 2645 3433 ideo
2690 3377 2991 3448 discipulos
3041 3378 3242 3436 idiotas
3302 3379 3501 3436 ascivit

1922 3471 2174 3527 Christus
2203 3471 2432 3526 cumino
2473 3472 2883 3535 concesserim,
2929 3478 2986 3526 ct
3032 3471 3077 3527 si
3115 3471 3251 3527 velis
3275 3512 3290 3538 ,
3321 3472 3500 3542 magis

1920 3576 2086 3633 quam
2111 3571 2267 3618 erant
2303 3562 2500 3632 pisces,
2531 3577 2671 3630 quos
2704 3562 3015 3631 capiebant,
3048 3572 3230 3619 mutos
3259 3580 3273 3618 :
3308 3578 3497 3617 verum

1922 3661 1985 3707 ut
2035 3653 2265 3726 idiotas,
2316 3654 2387 3708 ita
2441 3655 2765 3724 publicanos
2793 3663 2848 3709 et
2896 3654 3221 3724 piscatores,
3266 3656 3361 3726 qui
3396 3670 3500 3712 nec

1921 3745 2201 3816 publicani
2227 3754 2436 3811 essent,
2487 3761 2587 3800 nec
2631 3746 2931 3816 piscatOres
2969 3746 3311 3813 desinebant,
3345 3748 3497 3819 quod

1923 3837 2122 3893 mirum
2181 3849 2319 3903 erat,
2375 3838 2470 3893 scd
2526 3838 2767 3906 potentia
2801 3836 3005 3893 Christi
3054 3837 3300 3908 dignum.
3343 3838 3498 3906 Quo-

1922 3931 2087 3986 modo
2111 3931 2237 4002 quis
2268 3932 2335 3985 ah
2361 3930 2621 4000 cperibus
2641 3931 3037 3986 convictionem
3062 3928 3324 4000 eﬂ‘ugiat!
3349 3931 3497 3988 inter

1923 4023 2119 4079 idiotas
2157 4039 2262 4077 non
2296 4022 2505 4078 dimisit
2529 4060 2546 4085 ,
2582 4037 2723 4092 quos
2750 4022 2947 4079 abinde
2971 4021 3236 4089 admisit,
3272 4027 3365 4080 sed
3397 4038 3495 4094 pro

1922 4112 2287 4183 piscatoribus
2352 4112 2647 4182 piscatores
2701 4111 2834 4167 fecit
2886 4111 3216 4177 hominum;
3277 4126 3493 4181 nempe,

1928 4201 2173 4265 tVenite,
2204 4204 2348 4258 enim
2377 4202 2575 4272 inquit,
2609 4210 2732 4273 post
2758 4218 2865 4268 me,
2894 4210 2951 4259 et
2977 4202 3172 4259 faciam
3199 4218 3295 4259 vos
3318 4205 3494 4273 pisca-

220 4295 478 4364 ἀφῆκεν,
525 4293 620 4357 οὓς
660 4293 872 4349 ἐκεῖθεν
919 4297 1327 4367 προσείληφεψ
1388 4297 1505 4352 ἀλλ’
1546 4297 1668 4352 ἀντὶ
1716 4299 1817 4368 μιν

1924 4302 2070 4347 tores
2097 4294 2379 4347 hominum
2401 4294 2508 4357 ης»
2543 4309 2640 4363 pro
2668 4292 2990 4362 publicanis,
3017 4294 3325 4348 animarum
3361 4302 3495 4349 tem-

218 4384 459 4445 ἀλιέων,
486 4384 658 4446 ἁλιεῖς
690 4385 1015 4438 ἀπετέλεσεν
1045 4386 1368 4456 ἀνθρώπων.
1408 4407 1427 4440 ι
1466 4386 1650 4454 Δεῦτε,
1684 4390 1815 4461 γάρ,

1922 4384 2224 4455 pestatibus
2263 4385 2594 4455 jactatarum
2641 4393 2983 4452 servatores;
3027 4394 3083 4441 et
3136 4400 3236 4457 pro
3279 4385 3488 4452 idiotis,

217 4481 431 4549 μησὶν,
462 4476 639 4528 όπίσω
671 4493 773 4546 μου
805 4477 901 4530 καὶ
943 4480 1154 4547 ποιήσω
1203 4478 1350 4547 ὑμᾶς
1396 4479 1566 4543 ἁλιεῖς
1599 4479 1813 4553 ἀνθρώ-

1924 4476 2113 4532 mundi
2145 4476 2423 4541 doctores,
2457 4476 2710 4547 impletos
2737 4476 2921 4533 divina
2944 4484 3002 4532 et
3029 4476 3236 4534 emlesti
3267 4479 3493 4549 sapien-

216 4542 389 4623 ςξιζιν-
432 4588 451 4620 ι
482 4567 606 4621 ἀντὶ
632 4542 883 4621 τελωνῶν
907 4567 984 4632 δι,
1016 4542 1207 4639 ψυχῶν
1242 4542 1680 4641 ’χειμαζομένων
1705 4542 1809 4626 ξω.

1920 4568 2030 4633 tia;
2069 4583 2186 4633 nec,
2239 4568 2328 4622 ubi
2372 4576 2490 4624 erat
2522 4542 2696 4639 opus,
2734 4567 2973 4624 humana
3002 4569 3274 4640 sapientia
3305 4542 3492 4627 dvestiv-

210 4666 445 4733 τῆραςο
490 4660 584 4713 καὶ
614 4660 737 4714 ἀντὶ
764 4659 1012 4721 ἰδιωτῶν,
1063 4662 1162 4730 τῆς
1195 4662 1522 4731 οἰκουμένης
1560 4662 1814 4717 διδασκά-

1920 4668 2082 4714 tutos.
2115 4658 2275 4714 Certe
2305 4659 2451 4713 enim
2481 4675 2607 4714 cum
2638 4659 2840 4716 Stoicis
2864 4698 2880 4724 ,
2910 4673 3037 4715 cum
3067 4659 3353 4730 Epicureis
3378 4704 3395 4729 ,
3430 4674 3491 4719 et

210 4756 385 4819 λους,
425 4753 527 4823 τῆς
551 4769 613 4805 τε
652 4751 804 4815 θείας
845 4751 941 4805 καὶ
970 4752 1226 4822 οὐρανίου
1278 4752 1472 4821 σοφίας
1504 4754 1812 4826 ἐμπλήσας,

211 4851 323 4905 καὶ
352 4847 461 4917 τῆς
488 4845 854 4916 ἀνθρωπίνης,
888 4846 1024 4899 ὅπου
1051 4845 1209 4916 χρεία
1240 4844 1436 4909 καλεῖ,
1467 4845 1622 4901 οὐδὲν
1654 4847 1813 4900 ὑστε-

214 4940 540 5013 ρουμένους
564 4937 867 5007 ἀποφήνας.
886 4936 1038 4990 Ἐπεὶ
1064 4936 1182 5000 πῶς
1210 4937 1487 5000 Στωϊκοῖς,
1520 4937 1638 5001 πῶς
1654 4939 1810 4993 ‘Em.

206 5030 530 5104 κουρείοις.
574 5028 693 5090 πῶς
737 5028 960 5098 μυρίαις
1004 5026 1193 5090 ἄλλαις
1222 5027 1473 5092 πλάναις,
1505 5028 1597 5081 ἐπὶ
1628 5026 1807 5097 λόγοις

209 5123 379 5196 μέγα
429 5121 601 5189 δνομα
648 5118 957 5185 λιπούσαις,
983 5119 1123 5173 κατά
1153 5118 1346 5188 λόγους
1374 5118 1803 5187 συνεπλέκοντος

206 5214 345 5278 πῶς
364 5213 404 5266 ὁ
433 5210 529 5265 τοῦ
553 5210 713 5279 λόγου
744 5210 966 5282 δρόμος,
987 5210 1084 5265 καὶ
1111 5210 1221 5263 τῶν
1249 5211 1511 5281 ῥημάτων
1536 5211 1569 5281 ή
1593 5208 1802 5283 εὔροια,

205 5301 718 5371 συνδεδραμηκότα
772 5301 851 5370 τῷ
899 5300 1138 5371 θαύματι
1165 5343 1182 5365 ,
1227 5299 1438 5372 Ἑρμῆν
1485 5302 1807 5373 νομισθῆναι

200 5396 307 5449 τὸν
360 5389 583 5446 Παῦλον
610 5394 725 5455 τοῖς
764 5392 1061 5461 ἀκροαταῖς
1104 5390 1519 5459 παρεσκεύασες
1552 5393 1648 5446 καὶ
1689 5393 1803 5461 εῖγε

204 5489 295 5559 μὴ
329 5482 557 5553 φθάσας
589 5483 771 5549 αὐτὸς,
802 5484 930 5547 τοὺς
958 5483 1192 5555 χιτῶνας
1215 5484 1475 5556 διέσχισε,
1520 5488 1613 5539 καὶ
1640 5485 1808 5556 γέρας

1914 4750 2187 4806 sexcentis
2236 4750 2361 4806 aliis
2410 4750 2691 4806 erroribus
2732 4750 3051 4822 congressi,
3098 4767 3222 4808 cum
3269 4753 3485 4811 celebre

1912 4858 2109 4898 nomen
2141 4843 2213 4899 ob
2245 4842 2606 4898 eruditionem
2655 4852 2815 4900 erant
2840 4846 3158 4910 consecuti,
3185 4846 3483 4902 verborum

1908 4946 2141 4999 cursus,
2185 4942 2241 4989 et
2280 4932 2584 4989 dictionum
2630 4933 2829 4990 ﬂuvius
2867 4936 3133 4991 miraculo
3187 4936 3488 5007 coniuncto

1915 5022 2263 5090 ferebantur;
2306 5034 2361 5080 et
2400 5024 2631 5081 Paulum
2663 5041 2763 5098 pro
2791 5026 3060 5083 Hercurio
3104 5028 3286 5097 putari
3341 5030 3487 5100 apud

1916 5113 2196 5169 auditores
2226 5114 2500 5171 faciebant
2527 5154 2543 5177 .
2578 5116 2722 5188 quod
2750 5117 2796 5173 si
2830 5115 2945 5187 ipse
2977 5116 3281 5172 diloricatis
3316 5120 3488 5173 vesti-

1918 5206 2021 5261 bus
2052 5220 2150 5261 eos
2180 5219 2289 5261 non
2317 5206 2691 5277 praevenisset,
2724 5207 2780 5263 in
2818 5208 3082 5263 honorem
3112 5207 3233 5277 ejus
3267 5208 3486 5279 publica

1916 5296 2186 5354 sacriﬁcia
2218 5296 2633 5357 oblataesseut.
2667 5298 2819 5354 Mitto
2844 5300 2897 5354 in
2931 5298 3183 5370 praesenti
3222 5300 3329 5355 vim
3375 5303 3484 5354 sub

1914 5402 2080 5443 manu
2122 5400 2305 5444 natam
2338 5390 2633 5453 sermonis.
2666 5405 2787 5461 qua
2820 5389 2872 5444 in
2898 5388 3179 5455 Ecclesiis,
3213 5388 3355 5460 apud
3388 5404 3487 5461 po-

1917 5480 2106 5553 puimu
2126 5522 2144 5550 ,
2179 5494 2279 5552 pro
2304 5478 2587 5539 Tribunali
2608 5520 2624 5547 ,
2651 5482 2705 5538 iu
2732 5480 3043 5539 Judasorutu
3067 5480 3391 5555 Synagogis,
3427 5483 3485 5541 iu

283 5672 341 5707 ⁸⁸
369 5668 575 5727 Matth.
610 5684 684 5734 Iv,
716 5667 803 5725 i9.

1527 5761 1760 5822 VARUS
1798 5762 2204 5824 LECTIONES.

327 5868 363 5910 ς
404 5854 499 5911 la.
532 5853 660 5907 add.
695 5854 828 5909 ἀνω.
860 5850 922 5907 C.
956 5851 1027 5907 ll.
1066 5852 1208 5909 sicut
1240 5851 1295 5909 in
1325 5860 1494 5907 testu.

580 5947 847 6008 Ρετιιοι.
880 5945 997 6007 Gtt.
1030 5944 1130 6007 Cl.
2994 5940 3074 6008 19
