4200 6444
742 435 846 500 579

1885 422 2148 485 ΡΙῐΟΤΙΙ
2190 416 2692 480 ΡΛΤΙΠΑΗΟΙΙᾸΕ
2723 416 2835 478 CP.

3895 417 4000 483 580

742 546 894 605 foro,
931 557 1055 598 cum
1087 540 1307 596 doceret
1331 579 1346 602 ,
1375 538 1664 608 corriperet
1695 576 1711 602 ,
1743 534 2060 590 admoneret
2083 575 2100 600 ,
2131 548 2190 588 se
2218 532 2317 587 de-

2418 527 2484 581 ἃν
2515 529 2570 581 al
2606 528 2750 581 θεῶν
2793 524 2944 598 αὐτῷ
2985 525 3167 580 θυσίαι
3215 526 3526 597 δημοτελᾶκ
3572 530 3995 600 προσεφέροντο.

740 637 1005 700 fenderet,
1055 635 1460 697 testilicaretur,
1510 646 1629 702 quae
1677 629 1906 695 viritim,
1960 628 2304 689 catervatim,

737 729 878 799 apud
911 726 1125 796 judices
1147 767 1161 789 ,
1193 725 1582 794 sycophantas.
1615 722 1900 790 Quomodo
1933 718 2166 774 dicendo
2217 730 2307 769 re-

737 833 855 888 gem
886 817 1200 870 Judzeorutn
1237 815 1473 878 alticuit,
1524 815 1598 868 ita
1643 822 1704 867 ut
1753 819 1966 866 tantum
2015 825 2122 862 non
2166 808 2307 862 inter-

735 907 1080 960 Christianos
1131 913 1482 969 censeretur,
1528 903 1572 958 si
1624 915 1730 956 non
1772 899 1923 968 regni
1964 906 2019 953 et
2048 911 2308 967 purpura:

736 997 983 1060 inﬂatio,
1030 1011 1150 1064 quae
1181 995 1365 1050 multis
1398 995 1675 1050 multoties
1715 991 1912 1048 letltale
1961 991 2162 1044 vulnus
2217 989 2308 1042 in-

737 1085 946 1150 ﬂixere,
999 1084 1386 1153 impedimento
1419 1082 1612 1138 fuisset
1645 1081 1712 1136 ad
1756 1079 2005 1134 effectum
2036 1077 2281 1147 operatio

735 1190 973 1245 nemque
1005 1174 1179 1227 verbi.
1220 1172 1288 1226 Ut
1314 1173 1690 1241 proloqncndo
1725 1170 2064 1239 compescuit
2094 1170 2307 1223 clamo.

733 1282 829 1323 sos
865 1279 919 1321 et
951 1266 1004 1321 itt
1039 1281 1097 1319 se
1119 1265 1443 1327 concitatos,
1473 1264 1566 1333 qui
1592 1262 1914 1332 sanguinem
1947 1261 2120 1331 ipsius
2151 1259 2308 1315 sitie-

735 1358 894 1422 bant,
939 1371 1081 1426 quos
1125 1358 1191 1409 ad
1247 1371 1402 1410 snam
1452 1355 1842 1423 protectionem
1895 1353 2302 1423 suscipiendum

734 1447 948 1502 induxit
983 1465 995 1500 :
1029 1454 1090 1499 ιιι
1133 1444 1381 1498 ascendit
1427 1445 1479 1496 in
1511 1443 1878 1512 Areopagum,
1915 1441 2004 1496 ubi
2038 1443 2178 1495 inter
2207 1455 2304 1495 eos

731 1537 1074 1600 versabatur,
1119 1536 1210 1604 qui
1263 1535 1441 1590 verbis
1487 1535 1542 1588 in
1591 1535 1765 1604 ipsum
1799 1532 2303 1598 exacerbabantur;

731 1627 1074 1698 Areopagum
1105 1627 1385 1690 nimirum,
1418 1626 1532 1692 ubi,
1558 1635 1616 1679 ut
1644 1625 1842 1679 fabulis
1872 1623 2186 1679 Cra-corum
2217 1637 2304 1677 so-

734 1721 985 1775 lemniter
1015 1708 1392 1782 narratur,'et
1419 1717 1493 1772 dii
1521 1727 1573 1772 et
1603 1718 1855 1772 homines
1893 1717 1969 1770 rei
2000 1726 2057 1770 et
2092 1724 2306 1771 actores

733 1808 1050 1865 ferebantur
1078 1829 1094 1866 :
1126 1820 1292 1880 utque
1322 1809 1396 1864 ibi
1429 1810 1782 1872 constitutus,
1819 1824 1925 1863 non
1950 1809 2043 1862 uni
2075 1808 2179 1863 soli
2212 1822 2305 1876 ον

2431 618 2538 670 Ἐὦ
2568 616 2664 670 νῦν
2693 617 2790 689 τὴν
2813 618 2984 688 ἄλλην
3019 618 3368 688 αὐτοσχέδιον
3398 621 3554 689 ἰσχὺν
3573 620 3670 673 τοῦ
3703 622 4001 692 λόγου,τὴν

2417 710 2475 762 ἐν
2513 709 2864 780 Ἑκκλησίαις
2889 751 2905 776 ,
2935 711 3034 779 τὴν
3067 711 3124 763 ἐν
3155 711 3350 780 δήμοις
3374 751 3389 774 ,
3418 710 3518 782 τὴν
3547 713 3605 764 ἐν
3634 713 3999 785 δικαστηρίῳ,

2431 800 2532 871 τὴν
2557 802 2696 855 κατὰ
2731 804 3054 871 συναγωγὰς
3093 803 3384 869 Ἰουδαίων,
3410 805 3512 878 τὴν
3540 808 3598 858 ἐν
3625 807 3824 878 ἀγορᾷ,
3851 807 4002 860 διδάο

2419 909 2663 959 σκοντος,
2683 893 3074 964 διελέγχοντος,
3101 896 3798 966 παραινοῦντος,ἀπολογου
3807 898 3998 967 μένου,

2417 984 2951 1055 διαμαρτυρομένου,
2978 986 3077 1056 ὅση
3110 986 3230 1040 κατ’
3253 987 3444 1056 ἄνδρα,
3471 987 3572 1057 ὅση
3597 988 3738 1040 κατά
3767 986 3999 1054 πλῆθος,

2415 1077 2513 1146 ὅση
2552 1078 2688 1146 πρὸς
2718 1077 3002 1141 δικαστὰς,
3045 1079 3147 1148 ὅση
3181 1079 3320 1150 πρὸς
3353 1081 3728 1147 συκοφάντας·
3775 1080 3853 1142 ὡς
3885 1072 4000 1131 εἷλε

2415 1169 2590 1237 λέγων
2629 1170 2720 1222 τὸν
2773 1169 3000 1240 βασιλέα
3047 1171 3155 1224 τῶν
3207 1171 3501 1231 Ἰουδαίων,
3545 1173 3638 1224 καὶ
3689 1170 3895 1242 μικροῦ
3932 1171 4000 1224 ἀν

2417 1255 2572 1323 οὗτος
2603 1271 2623 1297 ι’
2655 1263 2734 1324 εἰς
2763 1263 3128 1332 Χριστιανοὺς
3169 1264 3535 1332 μετετάξατο,
3570 1266 3617 1316 εἰ
3649 1264 3726 1332 μὴ
3768 1263 3872 1329 τῆς
3902 1264 4003 1332 ὁρ-

2415 1352 2514 1419 χῆς
2542 1352 2758 1421 καὶτῆς
2794 1353 3114 1422 ἁλουργίδος
3153 1356 3215 1405 τὸ
3245 1355 3474 1422 φύσημα
3518 1354 3581 1423 (ὃ
3614 1355 3832 1416 πολλοῖς
3865 1355 4000 1405 πολι

2413 1443 2567 1505 λάκις
2594 1447 2674 1507 είς
2699 1447 2766 1497 τὰ
2811 1447 3003 1517 καίρια
3035 1445 3366 1514 ἐλυμήνατο)
3404 1447 3654 1515 ἐμποδὼν
3684 1446 3836 1516 αὐτῷ
3866 1463 4000 1498 κατ⁴

2419 1534 2549 1606 έστη
2575 1537 2710 1606 πρὸς
2741 1539 2839 1605 τὴν
2861 1537 3151 1608 ἀκρίϐειαν
3179 1537 3272 1591 τοῦ
3303 1539 3690 1608 κηρύγματος·
3722 1539 3798 1601 ὡς
3829 1540 3999 1608 ἐσχη-

2417 1634 2514 1676 σει
2561 1625 2954 1698 δημηγορήσας
2983 1629 3109 1691 τοὺς
3143 1629 3265 1681 κατ’
3317 1628 3480 1680 αὑτοῦ
3536 1629 3856 1696 φονῶντας,
3904 1635 4002 1684 καὶ

2415 1718 2544 1780 τοὺς
2581 1717 2852 1786 διψῶντας
2895 1719 2989 1772 τοῦ
3015 1719 3268 1788 αἵματος,
3295 1718 3582 1772 ἀναλαϐεῖν
3611 1720 3706 1782 τὰς
3727 1721 3873 1790 ὑπὲρ
3899 1722 3998 1786 τῆς

2420 1808 2586 1860 αὑτοῦ
2636 1811 2910 1879 σωτηρίας
2954 1809 3242 1880 φροντίδας
3283 1810 3601 1863 ἀνέπεισεν·
3644 1810 3722 1872 ὡς
3762 1813 3859 1863 ἐπὶ
3906 1813 3999 1863 τὸν

731 1903 966 1974 positus,
1009 1903 1104 1956 sed
1151 1912 1340 1958 contra
1384 1915 1578 1956 omnes
1624 1901 1854 1954 omnino
1905 1899 2308 1955 disertissimus

2418 1898 2632 1968 Ἀρειον
2668 1897 2835 1969 ἀνέϐη
2873 1900 3070 1966 πάγον,
3117 1897 3328 1968 ἀνδρῶν
3359 1900 3418 1952 ἐν
3467 1900 3618 1969 μέσῳ
3655 1903 3768 1962 τοῖς
3817 1900 4000 1968 λόγοις

731 1994 836 2049 fuit
864 2013 878 2059 ;
909 1994 951 2049 si
977 1995 1137 2048 modo
1159 1994 1402 2048 omnium
1429 1993 1712 2048 hominum
1732 1991 2118 2057 Athenienses,
2147 1991 2310 2044 Athe-

731 2083 1003 2138 niensium
1025 2082 1364 2152 Areopagitze
1389 2081 1762 2151 praestiterunt
1791 2079 2044 2143 dicendo,
2071 2093 2308 2149 quorum

731 2172 961 2228 allectus
993 2172 1322 2242 animosque
1354 2171 1432 2224 ita
1463 2170 1698 2225 dicendo
1728 2169 2028 2235 concussit,
2057 2179 2112 2224 et
2129 2179 2309 2222 trans-

732 2264 1010 2327 formavit,
1054 2273 1112 2317 ut
1151 2264 1309 2318 multi
1351 2262 1496 2317 inter
1532 2277 1628 2317 eos
1677 2263 1746 2316 ab
1798 2262 1972 2330 ipsius
2019 2262 2202 2331 lingua
2255 2269 2313 2315 et

731 2373 984 2414 sermone
1022 2358 1273 2424 suspensi
1321 2357 1618 2426 abjicerent
1663 2371 1787 2426 quae
1834 2370 1930 2424 per
1981 2364 2158 2410 totum
2188 2355 2311 2408 vita

733 2466 956 2506 cursum
989 2450 1280 2519 amplexati
1319 2447 1539 2502 fuerant
1567 2489 1583 2513 ,
1627 2457 1680 2502 et
1711 2446 2007 2501 transirent
2036 2447 2102 2500 ad
2136 2446 2310 2515 pieta-

733 2550 838 2595 tem
870 2580 886 2606 ,
921 2539 1071 2592 illum
1105 2538 1309 2592 imitari
1355 2537 1590 2592 studiosi
1617 2577 1630 2597 ,
1667 2537 1758 2606 qui
1805 2536 1945 2604 apud
1977 2536 2198 2590 intimas
2229 2535 2314 2605 ip-

733 2646 916 2683 surum
949 2628 1163 2682 animas
1189 2627 1406 2680 virtutis
1443 2634 1496 2680 ct
1527 2640 1665 2679 verte
1687 2625 1905 2694 pietatis
1934 2624 2189 2693 dogmata
2215 2638 2312 2676 ex-

735 2729 1005 2775 araverat.
1051 2717 1154 2772 Tot
1203 2728 1256 2771 et
1308 2717 1431 2769 talia
1481 2717 1600 2771 sine
1641 2730 1893 2770 sermone
1930 2729 2173 2783 congruo
2203 2727 2311 2767 non

735 2811 1154 2881 assequebatur.
1186 2809 1388 2878 Ecquis
1415 2807 1561 2862 enim
1585 2805 1820 2862 barbaro
1841 2804 2168 2858 attendisset
2194 2802 2315 2856 ani-

735 2921 849 2969 mo,
881 2902 974 2973 qui
1007 2917 1106 2956 nec
1139 2910 1285 2956 recta
1313 2901 1367 2954 in
1401 2899 1536 2968 ipsis
1562 2898 1788 2951 vocibus
1820 2895 2141 2950 incedebat?
2165 2894 2315 2961 Quo-

734 2999 899 3054 modo
929 2995 1111 3064 igitur,
1147 3009 1268 3062 qua:
1308 3008 1375 3045 ne
1415 2991 1562 3061 loqui
1591 2998 1861 3054 noverat,
1896 2995 2041 3043 recte
2079 3002 2313 3041 consen-

738 3089 841 3142 tit-e
893 3087 1017 3141 aliis
1064 3087 1350 3140 videbatur
1381 3101 1395 3138 :
1427 3084 1620 3138 nedum
1651 3083 1788 3137 alios
1826 3081 1928 3137 sibi
1969 3080 2317 3136 consentien-

738 3189 819 3235 tes
843 3180 1060 3233 habere.
1077 3178 1274 3232 Verum
1300 3177 1472 3246 gratia
1493 3176 1559 3230 de
1586 3176 1724 3230 cado
1749 3173 2094 3244 operabatur,
2118 3171 2312 3242 gratia,

740 3269 986 3336 inquam,
1019 3275 1072 3321 et
1117 3283 1224 3320 non
1257 3265 1569 3320 artiticium.
1602 3263 1736 3317 Nam
1765 3263 1908 3332 quod
1938 3271 2052 3315 arte
2081 3267 2314 3316 constat.
2343 3233 2386 3292 θ

741 3355 1039 3410 humanum
1083 3363 1167 3408 est
1208 3365 1264 3408 et
1308 3354 1442 3419 vile;
1471 3351 1615 3421 quod
1656 3366 1687 3406 e
1736 3350 1948 3417 gratia,
1999 3349 2218 3403 etelestc
2265 3356 2318 3403 et

741 3448 1124 3518 apostolicum.
1169 3445 1404 3515 Operata
1443 3454 1527 3500 est
1573 3443 1770 3512 gratia,
1803 3451 1859 3496 at
1890 3443 1942 3494 in
1969 3441 2159 3510 primis
2205 3441 2319 3494 haec

741 3547 1018 3608 operatur,
1048 3549 1105 3592 ut
1131 3537 1263 3591 nihil
1290 3553 1346 3591 se
1373 3535 1642 3590 dedcccns
1661 3535 1954 3604 loquantur
1973 3533 2140 3602 ipsius
2159 3531 2320 3584 mitti-

741 3631 860 3685 stri.
895 3629 1013 3684 Non
1047 3638 1131 3684 est
1168 3631 1313 3684 enim
1349 3628 1453 3683 hoc
1499 3627 1884 3689 leviusculutn,
1919 3626 2176 3679 inducere
2200 3638 2315 3689 eos,

741 3725 832 3794 qui
861 3732 989 3778 sunt
1026 3738 1091 3777 ex
1126 3723 1374 3792 opposito
1408 3762 1423 3785 ,
1461 3721 1514 3774 iu
1553 3735 1774 3775 sensum
1807 3719 1924 3788 ejus
1962 3716 2319 3772 irresistibilis

745 3816 1170 3885 potentiae,quse
1213 3815 1264 3867 in
1297 3814 1430 3880 ipsis
1473 3825 1751 3884 operatur.
1787 3809 1999 3864 Alieuhi
2042 3809 2190 3861 enim
2241 3808 2321 3860 ait

745 3906 1026 3975 Seiiptura
1055 3923 1066 3958 :
1103 3903 1389 3958 «Videntes
1430 3901 1632 3968 Judwi,
1662 3902 1808 3958 Petri
1839 3910 1892 3955 ct
1930 3899 2079 3955 Pauli
2113 3899 2321 3951 auden-

741 3993 927 4049 tiam.»
983 3991 1336 4053 Quamnam?
1388 3990 1591 4062 Nempe
1623 3991 1676 4045 in
1710 3989 1979 4060 loquendo
2027 4001 2120 4056 per
2152 4000 2318 4054 quam

744 4086 1112 4157 impudentem
1163 4085 1520 4156 quaestionem
1581 4083 1922 4138 retuderunt.
1977 4083 2116 4150 Quid
2164 4082 2322 4138 tum?

749 4198 766 4229 ι
782 4179 844 4232 lit
867 4187 1260 4244 cOgnoscentes
1279 4175 1426 4245 quod
1455 4175 1652 4229 indocti
1678 4184 1854 4238 erant,
1877 4183 1928 4227 et
1948 4175 2136 4242 idiota,
2157 4175 2322 4228 mira-

743 4267 942 4320 bantur
975 4264 1072 4319 ⁸³.»
1102 4263 1392 4318 Cernimus
1430 4262 1732 4332 piscatores
1769 4263 2034 4327 rhetores,
2063 4271 2118 4317 et
2162 4262 2320 4316 labiis

743 4353 1070 4425 sapientiam
1116 4351 1454 4422 proferentes
1477 4391 1491 4414 ,
1522 4350 1612 4418 qui
1654 4350 1938 4404 scientiam
1970 4350 2113 4404 haud
2159 4351 2321 4404 hahe-

741 4447 874 4500 bant
907 4447 1238 4500 litterarum.
1268 4442 1408 4508 Quid
1436 4442 1578 4497 hoc?
1604 4444 1743 4496 unde
1779 4443 1886 4496 illis
1930 4443 2127 4497 accidit
2172 4443 2317 4512 quod

2411 1989 2855 2059 φλεγμαινόντων
2876 2005 2888 2020 ·
2913 1991 3136 2059 ’Δρειον
3165 1992 3343 2056 πάγον
3373 1991 3607 2056 ἐκεῖνον,
3629 1984 3692 2044 οὗ
3718 1991 3812 2043 καὶ
3841 1991 4000 2052 θεοὺς

2416 2080 2544 2150 παρ’
2578 2080 2844 2150 ἀλλήλων,
2880 2081 2974 2134 καὶ
2997 2081 3133 2152 πρὸς
3158 2079 3479 2151 ἀνθρώπους
3497 2081 3652 2144 δίκας
3679 2083 3775 2134 καὶ
3811 2082 4001 2134 λαϐεῖν

2410 2173 2504 2225 καὶ
2533 2171 2718 2225 δοῦναι
2767 2172 2928 2242 μῦθοι
2957 2173 3242 2242 χαίρουσιν
3282 2171 3588 2240 Ἑλληνικαὶ
3615 2172 3996 2244 διηγούμενοι·

2411 2264 2560 2326 ὅπως
2588 2266 2768 2316 ἐκεῖσε
2793 2262 3092 2326 καταστὰς,
3123 2264 3185 2316 ού
3222 2263 3356 2332 πρὸς
3391 2264 3490 2316 ἕνα
3518 2264 3676 2332 λόγον
3706 2265 4001 2334 ὑποσχεῖν,

2411 2357 2548 2411 ἀλλὰ
2577 2357 2715 2428 πρὸς
2761 2357 3009 2421 ἅπαντας
3039 2359 3166 2421 τοὺς
3195 2359 3255 2409 ἐν
3286 2357 3599 2429 ἀνθρώποις
3632 2358 3875 2429 λογίους,
3922 2362 4002 2412 εῖ-

2413 2463 2519 2516 περ
2557 2449 2831 2517 Ἀθηναῖοι
2886 2449 2988 2518 μὲν
3046 2449 3170 2502 τότε
3225 2449 3334 2501 τῶν
3390 2447 3567 2503 ἄλλων
3615 2449 3932 2520 ἀνθρώπων
3954 2454 3998 2513 ι,

2426 2534 2726 2604 Ἀθηναίων
2781 2536 2861 2601 δὲ,
2905 2537 2955 2589 οἶ
3000 2538 3058 2590 ἐν
3100 2537 3444 2608 Ἀρειοπάγῳ
3487 2539 3554 2592 τὸ
3594 2539 3799 2610 κράτος
3831 2535 3999 2611 εἶχον,

2414 2627 2565 2679 οὓτω
2592 2628 2910 2680 κατέσεισεν
2951 2628 3130 2680 αὐτῶν
3157 2631 3271 2692 τοῖς
3296 2629 3476 2698 λόγοις
3508 2632 3610 2695 τὰς
3651 2632 3836 2702 ψυχὰς
3855 2672 3873 2697 ,
3907 2633 4004 2685 καὶ

2396 2719 2863 2789 μετεσκεύασεν,
2928 2719 3003 2782 ῶς
3070 2720 3303 2786 πολλοὺς
3363 2723 3548 2777 αὐτῶν
3618 2722 3737 2794 τῆς
3784 2726 4001 2778 ἐκείνου

2414 2810 2662 2879 γλώττης
2692 2812 2788 2864 καὶ
2815 2811 2926 2864 τῶν
2956 2811 3220 2882 ῥημάτων
3254 2813 3756 2885 ἐκκρεμασθέντας.
3803 2817 4001 2886 ῥίψαν-

2416 2916 2516 2960 τας
2550 2898 2800 2964 ἅπαντα,
2848 2897 2938 2952 διὰ
2979 2899 3096 2968 βίου
3139 2900 3343 2964 παντὸς
3388 2903 3526 2971 πρὸς
3555 2903 3656 2974 τὴν
3710 2904 4004 2956 εὐσέϐειαν

2421 2989 2900 3059 μεθαρμόσασθαι,
2947 2992 3044 3044 καὶ
3083 2991 3327 3061 μιμητὰς
3369 2993 3603 3063 ὀφθῆναι
3641 2995 3739 3047 τοῦ
3777 2995 3870 3048 διὰ
3906 2995 4006 3064 βά·

2419 3078 2542 3141 θους
2575 3079 2754 3132 αὐτῶν
2787 3081 2907 3143 ταῖς
2955 3079 3158 3150 ψυχαῖς
3191 3082 3262 3135 τὰ
3291 3083 3390 3152 τῆς
3413 3083 3616 3154 ἀρετῆς
3643 3085 3739 3138 καὶ
3766 3087 3867 3156 τῆς
3897 3089 3992 3154 69-

2421 3168 2519 3239 θῆς
2574 3169 2828 3241 λατρείας
2873 3171 3283 3241 ἐγχαράξαντας
3331 3172 3600 3242 δόγματα.
3631 3175 3776 3247 ’Δρα
3828 3177 4004 3230 ταῦτα

2420 3263 2514 3314 καὶ
2551 3262 2620 3314 τά
2661 3263 2888 3316 τοιαῦτα
2919 3264 3088 3335 χωρὶς
3135 3262 3298 3333 λόγου
3341 3265 3437 3318 τοῦ
3491 3267 3868 3339 καθήκοντοςς
3909 3269 4006 3323 καὶ

2419 3353 2502 3417 τίς
2551 3353 2618 3406 ἀν
2664 3353 2811 3424 αὑτῷ
2844 3354 2937 3407 τὸν
2989 3353 3115 3407 νοῦν
3147 3354 3538 3426 βαρϐαρίζοντι
3570 3363 3831 3430 προσεῖχε
3853 3399 3870 3424 ,
3910 3363 4006 3413 καὶ

2425 3444 2550 3514 μηδ’
2582 3446 2639 3498 ἐν
2669 3444 2862 3509 αὑταῖς
2887 3445 3063 3517 ὀρθῶς
3095 3448 3215 3510 ταῖς
3246 3453 3450 3517 φωναῖς
3497 3450 3837 3520 φερομένους
3883 3454 4003 3516 Πῶς

2421 3537 2465 3589 δ’
2497 3533 2590 3587 οὖν
2617 3534 2652 3588 δι
2683 3535 2817 3606 μηδὲ
2847 3535 3027 3604 λέγειν
3051 3536 3186 3607 ᾔδει,
3219 3537 3393 3591 ταῦτα
3425 3542 3644 3609 φρονεῖν
3683 3540 3864 3609 ὀρθῶς
3896 3543 4006 3594 ἐδο-

2422 3626 2512 3693 ξεν
2541 3626 2720 3689 ἄλλοις
2736 3632 2788 3689 ιι,
2854 3626 2987 3696 μήτι
3017 3643 3081 3694 γε
3125 3628 3220 3680 καὶ
3265 3631 3598 3698 συμφρονεῖν
3630 3629 3780 3699 αύτῷ
3815 3632 4001 3684 πειθο·

2425 3719 2617 3786 μένους
2645 3712 2829 3786 εἶχεν*
2856 3733 2870 3781 ;
2911 3717 3073 3770 Ἀλλά
3115 3719 3273 3789 χάρις
3297 3718 3504 3772 ἀνωθεν
3534 3721 3756 3790 ἐνήργει
3774 3732 3794 3752 ··
3823 3722 4004 3790 κᾶγωο

2421 3807 2484 3876 γέ
2518 3825 2681 3878 φημι,
2729 3809 2949 3862 πάντων
2987 3809 3246 3878 μάλιστα,
3281 3811 3440 3880 χάρις
3469 3810 3696 3876 ἀνωθεν,
3725 3813 3787 3866 οὐ
3813 3815 3998 3883 τέχνη.

2424 3900 2498 3952 Τὸ
2533 3902 2634 3971 μὲν
2664 3901 2775 3972 γὰρ
2807 3903 2872 3954 ἐκ
2903 3902 3122 3972 τέχνης,
3171 3901 3512 3973 ἀνθρώπινον
3555 3906 3650 3956 καὶ
3691 3905 3877 3958 κοινόν
3897 3923 3911 3937 ·
3943 3907 4002 3958 τὸ

2420 3991 2477 4045 δὲ
2501 3993 2566 4045 ἐκ
2597 3992 2839 4063 χάριτος,
2865 3993 3120 4063 οὐράνιον
3165 3992 3262 4046 καὶ
3295 3993 3405 4048 τῶν
3443 3995 3778 4050 ἀποστόλων.
3828 3997 4000 4067 Χάρις

2422 4085 2678 4154 ἐνήργει·
2718 4084 2837 4139 ἀλλ’
2881 4086 3015 4138 αὑτό
3054 4101 3118 4153 γε
3149 4085 3310 4139 τοῦτο
3351 4086 3569 4154 πρῶτον
3601 4087 3907 4158 ἐνεργοῦσα
3941 4092 4000 4142 τὸ

2426 4175 2591 4244 μηδὲν
2640 4173 2812 4245 αὐτῆς
2863 4175 3086 4242 ἀνάξιον
3133 4175 3471 4244 φθέγγεσθαι
3515 4178 3640 4240 τοὺς
3696 4179 3994 4248 ὑπηρέτας.

2423 4264 2556 4317 Οὐδὲ
2585 4265 2694 4337 γὰρ
2725 4266 2886 4320 τοῦτο
2917 4267 3243 4340 μικρότερον
3272 4269 3486 4336 ἐνάγειν
3514 4270 3640 4332 τοὺς
3669 4269 3999 4338 ἀνθεστηκὼ

2422 4373 2522 4419 τας
2569 4359 2645 4420 ηίς
2688 4357 3043 4428 συναίσθησιν
3088 4358 3190 4429 τῆς
3229 4359 3586 4430 ἐνισχυούσης
3621 4360 3823 4421 αὐτοὺς
3859 4359 4002 4429 ἀμά-

2424 4464 2518 4516 χου
2547 4447 2853 4517 δυνάμεως.
2884 4449 2993 4501 Καὶ
3033 4449 3142 4520 γάρ
3178 4449 3477 4520 πούφησι,
3514 4470 3530 4501 ι
3567 4449 3911 4519 Θεωροῦντες
3946 4453 4002 4504 δὲ

744 4541 1040 4593 humanam
1080 4537 1377 4594 excedebat
1410 4534 1825 4590 conditionem?
1866 4550 2031 4588 unum
2062 4537 2270 4590 scimus
2303 4553 2314 4588 :

2423 4539 2470 4589 οἱ
2511 4537 2751 4590 Ἰουδαῖοι
2799 4539 2898 4609 τὴν
2927 4539 3021 4592 τοῦ
3071 4539 3280 4610 Πέτρου
3329 4541 3642 4612 παρρησίαν
3683 4540 3780 4593 καὶ
3821 4541 4005 4595 ’ῐωάν-

748 4651 768 4682 ι
797 4631 950 4698 Quod
983 4645 1104 4684 cum
1133 4627 1260 4683 Jcsu
1291 4626 1562 4681 fuerant.»
1601 4624 1761 4680 Vides
1803 4636 1860 4679 ut
1906 4627 1958 4678 in
1993 4627 2313 4679 admiratio-

742 4739 865 4777 nem
902 4737 1010 4775 uon
1059 4721 1241 4774 minus
1278 4735 1441 4788 quam
1492 4725 1703 4787 patrata
1734 4717 1788 4770 in
1826 4719 2106 4786 procinctu
2148 4719 2318 4773 mira-

741 4815 884 4881 cula,
915 4817 1078 4869 etiam
1134 4812 1408 4869 sermonis
1459 4811 1540 4866 vis
1581 4819 1634 4865 et
1676 4809 1906 4866 facultas
1935 4811 2124 4866 hostes
2165 4811 2318 4866 exci-

742 4903 914 4967 tavit;
965 4910 1017 4954 et
1064 4900 1222 4953 modo
1260 4899 1464 4952 vellent
1499 4897 1814 4953 adhibuisse
1848 4913 2224 4963 consensum,
2262 4900 2315 4951 in

741 4992 987 5047 vetitatis
1032 4989 1354 5044 adduxisset
1400 4990 1795 5058 cognitionem.
1843 4987 1947 5042 Sed
1995 4997 2050 5043 et
2100 4988 2319 5043 aliunde

743 5083 1043 5153 perspicias
1092 5081 1220 5136 licet
1264 5081 1316 5134 in
1352 5088 1618 5148 quantum
1659 5078 1873 5133 dicendi
1916 5093 2106 5134 eorum
2149 5079 2324 5133 facul-

745 5184 908 5226 tatem
961 5173 1299 5238 metueriut,
1333 5172 1598 5226 indictum
1650 5171 1782 5240 ipsis
1829 5179 1948 5224 crat
1994 5187 2062 5227 ne
2096 5172 2323 5226 omnino

743 5263 1122 5334 praedicarent.
1153 5262 1294 5330 Quid
1340 5265 1491 5320 dices
1522 5264 1644 5318 hic?
1673 5265 1756 5317 An
1784 5264 1828 5318 si
1863 5264 2111 5321 indoctus
2134 5265 2217 5320 vel
2245 5265 2324 5321 la-

742 5357 831 5415 bia
869 5360 1101 5412 moverit
1145 5358 1244 5411 tibi
1285 5356 1471 5413 statim
1509 5357 1680 5427 gloria
1727 5356 1986 5424 concidit,
2024 5367 2079 5412 et
2126 5358 2321 5428 dogma

819 5495 862 5527 ⁸³
891 5497 1011 5550 Act.
1043 5511 1116 5562 tv,
1149 5495 1236 5551 13.

2427 4645 2543 4681 νου.
2575 4647 2592 4680 ι
2627 4630 2791 4682 Ποίαν
2810 4669 2824 4692 ,
2857 4630 2890 4700 ἢ
2915 4631 3013 4701 τὴν
3045 4632 3103 4683 ἐν
3137 4630 3319 4700 λόγοις
3339 4631 3690 4701 δηλονότι,δι’
3720 4625 3794 4685 ὧν
3817 4634 4005 4696 αὐτοῖς

2425 4721 2516 4772 καὶ
2535 4723 2633 4789 τὴν
2654 4721 3007 4790 ἀναίσχυντον
3027 4723 3302 4792 ἐρώτησιν
3326 4724 3722 4794 ἐπεστόμισανς
3763 4720 4004 4792 Εἷτα,τί;

2430 4829 2448 4860 ι
2483 4811 2589 4862 Καὶ
2623 4811 3056 4882 καταλαϐόμενοι
3092 4815 3174 4867 ὅτι
3203 4815 3481 4886 ἄνθρωποι
3511 4816 3866 4887 ἀγράμματοί
3896 4820 4008 4872 εἰσι

2423 4903 2518 4954 καὶ
2560 4902 2790 4966 ἰδιῶται,
2820 4902 3149 4975 ἐθαύμαζον.
3190 4924 3210 4957 ι
3249 4905 3446 4969 Ἀλιεῖς
3479 4906 3694 4977 δρῶμεν
3722 4907 3876 4976 apvt»
3903 4911 4009 4980 ῥή-

2423 5009 2586 5064 τορας
2617 4995 2985 5065 γραμμάτων,
3018 4997 3216 5068 τέχνην
3247 5000 3350 5052 οὐκ
3379 4997 3633 5068 ἔχοντας,
3674 5001 3776 5069 ,καὶ
3809 5001 4010 5068 σοφίαν

2420 5086 2648 5154 χειλέων
2679 5089 3033 5158 προχέοντας.
3061 5091 3127 5142 Τί
3158 5089 3346 5156 τοῦτος
3374 5090 3545 5145 Πόθεν
3568 5092 3747 5154 αὐτοῖς
3770 5093 3838 5144 τὰ
3863 5093 4012 5162 ὑπὲρ

2419 5177 2706 5247 ἄνθρωπον
2739 5181 3149 5252 παραγέγονενς
3186 5181 3285 5234 Ἐν
3312 5183 3494 5252 ίσμεν,
3519 5199 3538 5233 ι
3569 5182 3692 5235 Ὀτι
3715 5181 3793 5252 τῷ
3827 5183 4012 5253 ἰησοῦ

2422 5269 2682 5338 συνῆσαν.
2719 5291 2737 5323 ι
2783 5271 2946 5343 Ὁρᾷς
2974 5273 3123 5335 ὅπως
3158 5273 3241 5335 είς
3288 5272 3471 5344 θαῦμα
3502 5272 3632 5337 τοὺς
3661 5273 3894 5343 ἐχθροὺς
3919 5279 4016 5327 οὺ-

2420 5361 2508 5413 δέν
2556 5362 2779 5416 ἔλαττον
2811 5363 2906 5418 τοῦ
2955 5362 3107 5438 παρὰ
3158 5364 3328 5429 πόδας
3364 5365 3938 5439 τερατουργηθέντος,
3980 5369 4017 5441 η

2039 5642 2272 5700 VARI/['1
2309 5643 2716 5706 LECTIONES.

853 5795 868 5823 π
899 5787 986 5842 ισ.
1033 5787 1218 5844 αὐτόν.

1323 5795 1344 5861 ξ
1380 5785 1582 5861 ἔσχισε.
1729 5783 1801 5861 bi.
1862 5785 2080 5861 ἔσχησε.

740 5855 807 5915 C.
836 5855 906 5912 Μ.
937 5858 1138 5923 ἄλλοις.

1251 5868 1273 5899 ν
1318 5853 1484 5928 ἔχειν.
1513 5858 1576 5912 C.
1615 5856 1684 5909 Μ.
1717 5853 1882 5927 εἶχεν.

2201 5792 2216 5823 ι
2251 5787 2628 5863 λογικώτεροι.
2671 5793 2732 5850 C.
2765 5792 2836 5872 Μ,
2895 5795 3022 5868 legit
3076 5799 3218 5870 quod
3261 5796 3420 5854 estin
3449 5805 3624 5854 testu.

3735 5807 3762 5838 υ
3789 5796 4020 5862 ἀλλους.
