4200 6444
238 424 341 491 581

1223 430 1323 490 AD
1349 426 1939 489 AMPHILOCHIUM
1986 426 2332 499 QU.’ESTIO
2373 426 2550 487 XCII.

240 540 354 594 τῶν
381 539 557 609 λόγων
588 539 743 611 ίσχὺς
779 538 1098 604 ἐξεκαλεῖτο
1122 579 1140 606 ,
1170 541 1267 596 καὶ
1317 542 1454 613 πρὸς
1502 542 1820 610 ἐπίγνωσιν,
1848 543 1899 602 Α

1817 588 1820 605 ι
1848 543 1899 602 Δ
1923 542 2060 597 adeo
2088 542 2373 611 antiquum
2402 556 2431 595 a
2465 542 2625 612 longe
2654 540 2873 595 obtenta
2907 547 3195 609 potestate,
3233 552 3328 607 per
3350 538 3476 590 idio-

242 632 402 703 εἰπερ
442 631 655 701 ἧθελον,
699 631 797 701 τῆς
823 632 1082 703 ἀληθείας
1126 632 1509 703 προεϐίὸαζεν.
1543 632 1685 703 ὀρα
1723 634 1817 685 καὶ

253 724 523 794 ἑτέρωθεν
556 726 634 787 είς
660 725 785 778 ὅσον
811 725 992 778 αὐτῶν
1015 726 1286 779 ἐδεδίεσαν
1316 726 1378 779 τὸ
1405 727 1463 779 ἐν
1489 726 1669 794 λόγοις
1692 726 1817 795 κρά-

244 831 361 877 τος.
385 816 768 886 Παρήγγειλαν
788 816 973 880 αὐτοῖς
994 818 1054 870 τὸ
1066 817 1189 871 καθ’
1210 817 1335 872 ὅλου
1358 816 1433 888 μὴ
1459 816 1815 887 φθέγγεσθαι.

255 907 324 960 Τί
353 907 565 976 λέγειςς
602 910 699 962 Ἀν
731 909 894 979 μόνον
936 908 1088 980 χείλη
1118 910 1147 962 ό
1178 910 1541 981 ἀγράμματος
1586 911 1815 980 κινήσῃ,

248 999 309 1050 αἰ
338 998 451 1051 ;ίκα
483 1015 565 1052 σοι
617 998 951 1070 μεταπίπτει
987 1002 1057 1055 τὰ
1092 1001 1194 1071 τῆς
1237 1000 1417 1072 δόξης,
1447 1002 1542 1053 καὶ
1589 999 1819 1052 παλαιὸν

243 1087 393 1141 οὕτω
431 1089 607 1159 δόγμα
650 1085 750 1159 τῆς
802 1092 1019 1162 μακρᾶς
1073 1092 1431 1161 ἐπικρατείας
1463 1090 1819 1157 ὑπεξίσταται

246 1179 327 1249 τῷ
375 1180 560 1251 ίδιώτη
606 1180 784 1252 λόγῳ⁶
826 1183 922 1236 καὶ
966 1183 1286 1253 μεθίσταται
1331 1166 1462 1249 λαὸς
1511 1182 1649 1253 πρδς
1697 1182 1821 1236 νέαν

246 1266 519 1338 γλῶτταν,
547 1274 576 1326 ό
605 1272 923 1337 Μωσαῖκοῖς
958 1273 1181 1345 θεσμοῖς
1210 1273 1684 1346 ἐντεθραμμένος,
1724 1272 1823 1327 καὶ

171 1362 175 1366 ’
391 1364 486 1417 καὶ
516 1366 772 1435 θνήσκειν
799 1366 938 1436 πρὸς
974 1366 1076 1437 τὴν
1104 1366 1333 1421 ἐκείνων
1360 1367 1693 1437 ἀρχαιότητα
1728 1382 1824 1419 κε-

250 1454 613 1525 κροτημένος.
633 1456 764 1521 Ναὶ,
798 1458 996 1527 φησίνο
1028 1455 1089 1509 οὐ
1122 1457 1234 1528 γὰρ
1257 1456 1554 1511 ίόιωτικάὀ
1583 1453 1823 1526 ἰδιώτης,

248 1544 391 1599 ἀλλά
424 1545 618 1614 σοφίας
650 1547 872 1617 ῥήματα
904 1547 1201 1617 φθέγγεται
1222 1564 1237 1580 ο
1275 1548 1385 1603 οὐδ’
1408 1548 1485 1612 ὡς
1522 1550 1826 1620 ἀγράμμαο

248 1649 366 1699 τος,
397 1634 671 1707 βάρϐαρα,
702 1638 816 1692 ἀλλ’
842 1636 919 1702 ώς
945 1639 1031 1693 διὰ
1062 1639 1244 1709 πάσης
1272 1639 1469 1709 τέχνης
1500 1640 1702 1705 ἐλάσας
1731 1657 1825 1694 κε-

250 1725 607 1796 χαριτωμένα
636 1727 732 1780 καὶ
760 1724 1002 1798 εὖσημαο
1021 1727 1137 1781 ἐστι
1160 1745 1245 1792 τις
1268 1728 1449 1783 αὐτῶν
1475 1730 1826 1802 ἐγκαθημένη

249 1814 366 1876 τοῖς
412 1814 647 1884 χείλεσιν
684 1814 924 1885 ἔμφυτος
972 1810 1146 1871 πειθὼ
1170 1856 1187 1883 ,
1219 1816 1289 1871 δι’
1332 1811 1401 1889 ἦς
1435 1816 1530 1873 καὶ
1580 1819 1827 1891 ρητόρων

1924 641 1991 687 ta:
2031 646 2338 686 sermonem
2377 632 2729 687 deturbatur?
2767 641 2823 687 et
2853 632 3087 701 populus
3113 629 3367 685 Mosaicis
3402 630 3486 682 in.

1926 724 2128 777 stitutis
2169 723 2504 789 innutritus,
2544 724 2749 793 quique
2780 724 2962 779 vivere
3004 734 3059 778 et
3098 722 3237 778 mori
3290 710 3490 777 secun-

1924 815 2053 869 dum
2104 829 2294 869 eorum
2339 816 2718 885 antiquitatem
2764 816 3141 885 gloriabatur,
3185 815 3251 871 ad
3296 828 3490 868 novam

1926 903 2164 974 linguam
2222 905 2537 977 transfugit.
2608 906 2893 961 Omnino:
2942 922 3051 961 non
3110 908 3256 962 enim
3321 906 3491 960 idiota

1927 994 2144 1051 idiotice
2182 996 2455 1065 loquitur,
2493 998 2588 1054 sed
2620 999 2903 1067 sapientia:
2936 1000 3139 1062 verba;
3186 1014 3285 1052 nec
3320 1004 3380 1052 ut
3426 996 3496 1049 il—

1926 1086 2173 1141 literatus
2206 1089 2434 1144 barbare
2466 1091 2729 1159 loquitur,
2776 1090 2868 1145 sed
2907 1100 2962 1144 ut
3013 1091 3105 1159 qui
3158 1105 3252 1159 per
3300 1103 3495 1143 titnms

1926 1188 2072 1233 artes
2111 1181 2331 1244 meavit,
2365 1183 2607 1250 gratioso
2641 1191 2695 1234 et
2727 1181 2871 1235 facili
2904 1183 3176 1237 intellectu
3209 1200 3222 1236 :
3258 1195 3494 1250 quorum

1932 1268 2098 1323 labris
2139 1270 2339 1324 insidet
2377 1272 2644 1326 naturalis
2676 1273 2925 1338 quaedam
2961 1271 3132 1324 πειθὼ
3165 1276 3282 1341 (aut
3315 1287 3499 1327 suam:

1931 1356 2183 1427 medulla)
2207 1366 2263 1413 et
2294 1358 2575 1414 rhetorum
2606 1370 2815 1426 gentes,
2860 1372 2924 1411 ac
2960 1359 3253 1413 idiotarum
3286 1364 3499 1431 greges.

1931 1450 2163 1506 vinculis
2210 1448 2362 1506 velut
2404 1450 2788 1505 insolubilibus
2850 1450 3131 1504 constricti
3159 1490 3174 1511 ,
3219 1450 3285 1504 ad
3344 1451 3500 1512 illud,

1931 1540 2078 1611 quod
2107 1541 2240 1611 ipsis
2266 1542 2645 1606 annuntiatur,
2669 1543 2979 1596 trahuntur.
3000 1540 3080 1596 Ob
3102 1542 3203 1595 hoc
3230 1542 3395 1611 igitur
3412 1541 3499 1595 di-

1932 1646 2056 1687 eerc
2106 1648 2231 1687 eum
2271 1632 2571 1703 prohibeo,
2608 1632 2754 1702 quod
2784 1633 3135 1703 paucissimis
3164 1635 3371 1698 verbis,
3411 1646 3503 1688 re-

1935 1722 2079 1779 lictis
2112 1725 2307 1793 patriis
2333 1724 2578 1780 moribus
2623 1724 2828 1779 multos
2864 1724 3022 1778 video
3055 1724 3121 1777 ad
3151 1738 3246 1779 eos
3282 1739 3340 1779 se
3364 1739 3503 1779 con-

1936 1810 2114 1878 ferre,
2157 1814 2233 1869 ita
2274 1825 2333 1869 ιιι
2370 1816 2533 1871 unico
2574 1815 2846 1870 interdum
2880 1830 3213 1885 congressu,
3258 1816 3505 1872 subdito-

252 1897 407 1973 ἔθνη,
454 1905 549 1957 καὶ
595 1900 824 1958 ίδιωτῶν
870 1907 1088 1975 ἀγέλαι,
1132 1908 1322 1979 ὥσπερ
1364 1909 1582 1979 δεσμοῖς
1613 1909 1834 1974 ἀλύτοις
1866 1899 1911 1960 Β

1866 1899 1911 1960 Β
1938 1922 2059 1963 rum
2093 1908 2272 1963 locum
2320 1918 2375 1963 et
2408 1908 2802 1978 discipulorum
2846 1912 3175 1978 optimm-um
3224 1910 3503 1980 impleant,

248 1991 495 2059 δεθέντα,
530 1996 666 2065 πρὸς
709 1995 772 2050 τὸ
806 1998 1210 2069 κηρυττόμενον
1246 2000 1432 2063 αὐτοῖς
1464 1997 1704 2054 ἕλκεται.
1736 2001 1836 2055 Διά

253 2083 415 2139 τοῦτο
460 2084 797 2155 φθέγγεσθαι
825 2089 1043 2152 κωλύω,
1074 2090 1156 2143 ὅτι
1201 2091 1443 2160 ῥήμασιν
1474 2090 1674 2158 ὀλίγοις
1702 2092 1835 2145 πολ-

255 2177 382 2241 λοὺς
408 2178 649 2245 ἀφέντας
678 2179 749 2233 τά
781 2181 1007 2251 πάτρια,
1046 2181 1321 2246 ἐκείνοιςι
1360 2183 1473 2254 ὁρῶ
1504 2185 1834 2255 προσχωρή-

258 2279 486 2333 σαντας,
521 2271 603 2323 ὅτι
639 2274 738 2342 μιᾷ
770 2273 1030 2337 πολλάκις
1055 2274 1268 2345 ὁμιλίᾳ,
1298 2274 1395 2329 καὶ
1419 2276 1546 2337 τοὺς
1580 2275 1678 2329 σὺν
1705 2276 1835 2345 ἡμῖν

258 2360 520 2415 ἑκάστοτε
547 2364 667 2416 κατ’
703 2364 886 2417 αὐτῶν
915 2365 1238 2436 ἱσταμένους
1272 2367 1366 2419 καὶ
1392 2366 1837 2435 πολεμιωτάτους

255 2446 442 2515 ὄντας,
474 2452 570 2504 νῦν
619 2452 876 2522 ὑπηκόων
919 2454 1029 2523 εχει
1064 2454 1157 2508 καὶ
1188 2454 1449 2526 μαθητῶν
1481 2456 1837 2525 εὐγνωμόνων

258 2543 434 2607 τάξις.
468 2544 642 2597 Τοῦτό
681 2560 751 2614 με
783 2547 941 2616 σιγᾷν
982 2546 1180 2611 αὐτοὺς
1209 2549 1521 2603 ἐπιτάττειν
1557 2549 1838 2619 περιίστη-

261 2646 350 2685 σιν
385 2634 467 2695 είς
494 2633 776 2703 ἀνάγκην
820 2630 910 2690 διὰ
942 2636 1101 2690 τοῦτο
1143 2632 1277 2708 μηδὲ
1314 2639 1488 2710 στόμα
1525 2638 1701 2711 αἴρειν
1736 2641 1836 2693 οὐκ

258 2724 564 2794 ἐπιτρέπω,
602 2725 690 2779 διὰ
717 2726 817 2796 τὴν
849 2728 906 2780 ἐν
951 2727 1129 2796 λόγοις
1163 2730 1498 2801 παρρησίαν,
1534 2732 1633 2800 τὴν
1659 2732 1835 2802 ίσχὺν,

255 2813 361 2886 τὴν
391 2817 630 2885 ἐμφυτον
658 2816 1040 2887 πειθανότητα.
1074 2819 1212 2879 Ἰδες
1238 2820 1367 2881 τοὺς
1405 2820 1691 2883 Ἰουδαίους
1717 2823 1839 2875 ὅσον

257 2908 291 2961 ὁ
316 2906 638 2970 διδάσκαλος
669 2906 781 2960 τῶν
808 2908 1121 2962 ἀποστόλων
1152 2910 1307 2978 λόγος
1343 2913 1712 2981 ὑποπτήσσειν
1745 2916 1839 2968 καὶ

259 2997 722 3067 καταπεπλῆχθαι
782 3002 1209 3068 παρεσκεύαξεο
1259 3003 1434 3055 καίτοι
1491 3003 1689 3074 Παύλῳ
1735 3022 1836 3058 πε-

261 3088 585 3160 ρισσότερον
609 3092 643 3161 η
672 3091 897 3161 τοιαύτη
923 3094 1334 3165 περιήστραπτε
1370 3094 1550 3166 χάρις.
1573 3095 1759 3150 Βούλει
1782 3096 1837 3151 δέ

1939 2000 2033 2069 qui
2075 1998 2412 2055 infestissimi
2458 2000 2610 2069 prius
2666 1999 2817 2070 ipsos
2872 2001 3326 2055 circumstabant.
3380 1999 3505 2056 [hec

1939 2103 2027 2143 me
2062 2090 2386 2144 necessitate
2424 2104 2491 2144 co
2520 2090 2788 2158 adigunt,
2830 2099 2889 2143 ut
2928 2090 3201 2146 silentium
3238 2091 3368 2161 ipsis
3400 2094 3504 2146 im-

1940 2195 2138 2251 ponam
2178 2197 2193 2234 ι
2230 2195 2291 2235 ea
2324 2191 2543 2250 propter
2590 2196 2697 2236 non
2730 2183 3018 2251 permitto,
3059 2184 3140 2236 vel
3180 2198 3242 2235 os
3268 2184 3503 2252 aperire,

1938 2269 2063 2339 quia
2098 2270 2204 2322 vim
2232 2269 2445 2322 dicendi
2478 2269 2699 2323 liberam
2726 2310 2739 2334 ,
2776 2279 2830 2324 et
2876 2272 3101 2341 gratiam
3145 2272 3502 2341 persuadendi

1940 2356 2296 2411 inhaerentem
2347 2356 2601 2411 habeant.
2644 2355 2808 2411 Vides
2833 2368 3097 2427 quantum
3143 2360 3504 2415 didam-aliens

1951 2448 2322 2516 apostolorum
2356 2462 2536 2501 sermo
2559 2446 2778 2502 Judaeos
2817 2457 3024 2501 terrore
3060 2459 3112 2503 et
3146 2460 3287 2503 nn-tu
3325 2451 3505 2519 reple-

1948 2537 2126 2600 verit,
2161 2536 2253 2606 qui
2295 2546 2475 2591 tamen
2510 2538 2734 2593 l’aulum
2775 2538 3144 2594 abundantius
3184 2540 3506 2594 circumlui-

1942 2630 2120 2697 gebat.
2148 2624 2327 2684 Unum
2356 2630 2461 2683 huc
2482 2637 2671 2683 testem
2696 2631 2914 2684 citatum
2933 2630 3119 2685 sistam
3140 2632 3506 2702 corypbaum,

1942 2720 2226 2787 sapientiae
2267 2734 2391 2789 qum
2418 2718 2588 2774 Paulo
2619 2720 2811 2774 inerat.
2847 2740 2866 2773 ι
2902 2720 3391 2789 Quemadmodum,
3426 2724 3509 2778 in-

1943 2810 2063 2873 quit
2094 2807 2287 2864 Petrus
2315 2849 2329 2873 ,
2367 2809 2535 2864 frater
2569 2820 2753 2865 noster
2782 2810 2982 2866 Paulus
3014 2852 3029 2878 ,
3058 2813 3211 2883 juxta
3238 2813 3341 2883 ipsi
3372 2828 3510 2868 coe-

1942 2915 2151 2956 cessam
2196 2903 2555 2972 sapientiam,
2584 2904 2882 2971 scripsit“.
2932 2904 2997 2959 Et
3036 2906 3222 2970 scivit,
3261 2915 3315 2961 et
3344 2921 3510 2976 agno-

1944 2991 2020 3045 vit
2083 2992 2407 3061 sapientiam
2469 2992 2657 3059 Pauli,
2723 2994 2814 3048 Dei
2875 2993 3043 3049 fuisse
3097 2996 3320 3050 donum.
3370 2995 3508 3051 Tum

1947 3083 2114 3139 veluti
2148 3086 2505 3148 canonizans,
2535 3094 2590 3140 et
2623 3086 2769 3141 omni
2802 3086 3075 3155 praeconio
3101 3087 3349 3153 efferens,
3384 3103 3512 3157 pro-

262 3188 355 3231 σοι
384 3178 477 3231 τὸν
502 3180 801 3248 κορυφαῖον
824 3179 1080 3249 καλῶμεν
1112 3182 1366 3252 μάρτυρα
1390 3183 1490 3253 τῆς
1511 3183 1738 3255 ἐνούσης
1760 3184 1839 3256 τῷ
1872 3244 1914 3256 _

1872 3244 1914 3256 _
1946 3175 2270 3231 funditatem
2305 3188 2358 3231 et
2392 3177 2718 3231 densitatem
2752 3180 2925 3248 ipsius
2958 3193 3294 3244 sermonum,
3327 3180 3510 3235 addit:

259 3271 424 3342 ἀνδρι
471 3244 699 3341 copiae;
754 3290 774 3325 ι
804 3244 1039 3339 Καθὼς,
1086 3244 1355 3345 eam
1405 3244 1637 3346 ἀδελφὸς
1679 3244 1914 3350 ἧρπε

1864 3244 1914 3307 c
1951 3267 2037 3322 cln
2061 3268 2260 3338 quibus
2282 3278 2411 3324 sunt
2433 3271 2679 3339 quaedam
2709 3244 2849 3325 haud
2876 3271 3037 3327 facile
3059 3272 3505 3339 iutclligemla".i

263 3357 484 3428 Παύλος
534 3366 680 3419 κατά
708 3364 807 3437 τὴν
841 3367 1089 3420 δοθεῖσαν
1127 3367 1277 3439 αὑτῷ
1305 3370 1499 3439 σοφίαν
1546 3370 1781 3441 ἔγραψε·
1813 3391 1830 3424 ι

260 3455 441 3525 δῶρον
491 3456 635 3510 θεῖον
673 3457 774 3530 τὴν
822 3458 1034 3512 Παύλου
1064 3457 1259 3527 σοφίαν
1283 3460 1378 3513 καὶ
1408 3459 1565 3523 εἰδὼς
1600 3462 1695 3514 καὶ
1726 3462 1840 3515 δια-

266 3544 705 3619 μαρτυρόμενος.
734 3545 891 3613 Εἶτα,
925 3548 1019 3603 καὶ
1064 3549 1125 3604 τὸ
1167 3550 1309 3621 βαθὺ
1359 3554 1455 3607 καὶ
1496 3554 1696 3607 πυκνὸν
1733 3554 1841 3607 τῶν

262 3637 673 3709 γεγραμμένων
718 3633 830 3693 οἷον
879 3640 1225 3705 ἀποθειάζων
1277 3643 1371 3696 καὶ
1418 3638 1838 3713 ὲξυμνούμενος,

273 3747 293 3781 ε
329 3726 421 3781 Ἑν
448 3724 527 3791 οἷς
557 3728 695 3795 ἐστι,
719 3730 873 3800 φησὶ,
893 3729 1163 3801 δυσνόητά
1184 3747 1358 3784 τινα.»
1380 3731 1613 3785 Ὠσανεί’
1644 3733 1841 3798 Φρενδς

261 3820 450 3886 ὀξείας
481 3820 673 3885 δεῖται,
723 3820 897 3891 ῥοπῆς
944 3820 1119 3885 θείας,
1171 3822 1352 3889 σοφῶν
1399 3822 1678 3893 μαθητῶν,
1722 3840 1844 3875 συν-

263 3908 441 3967 ἐσεως
472 3906 765 3981 σταθερᾶς,
796 3913 823 3964 ό
850 3911 960 3963 τῶν
992 3912 1336 3981 γραμμάτων
1370 3915 1582 3968 Παύλου
1616 3915 1839 3985 θεωρός.

262 4000 371 4055 Διά
392 4002 550 4055 τοῦτο
572 4004 622 4055 οῖ
652 4003 885 4073 ἀμαθεῖς
907 4002 1001 4057 καὶ
1030 4005 1373 4076 ἀστήρικτοι,
1408 4008 1543 4079 πρὸς
1564 4008 1640 4079 τῷ
1674 4008 1843 4077 μηδὲν

261 4091 576 4162 κερδαίνειν
620 4096 713 4147 καὶ
759 4095 901 4162 σφᾶς
946 4095 1144 4159 αὐτοὺς
1187 4090 1624 4165 διασφάλλοντες,
1682 4116 1846 4170 προσ-

263 4182 622 4239 απόλλυνται.
659 4186 720 4239 Εἰ
746 4185 803 4239 δὲ
835 4186 931 4240 καὶ
956 4187 1237 4255 γλωσσῶν,
1279 4190 1307 4242 ό
1333 4190 1561 4256 Παῦλος,
1599 4186 1687 4255 αἷς
1719 4192 1843 4261 μηδ’

258 4275 571 4343 ἐνείθιστο,
612 4276 736 4347 μηδ’
766 4278 846 4341 είς
874 4278 1044 4348 ἀκοῆς
1079 4280 1276 4348 ἀφῖκτο
1307 4284 1522 4352 πεῖραν,
1557 4282 1656 4351 τὴν
1684 4284 1844 4353 χάριν

260 4368 558 4422 ἐπλούτει·
606 4370 711 4422 κάν
758 4368 1006 4436 ταύταις,
1053 4372 1230 4426 οὐδενὶ
1276 4373 1385 4427 τῶν
1428 4376 1715 4445 πρωτείων
1757 4376 1844 4442 ἐξ·

264 4461 496 4515 ίστατο·
531 4479 550 4512 ι
593 4461 912 4531 Εὖχαριστῶ
947 4461 1057 4533 γὰρ
1087 4462 1165 4534 τῷ
1191 4464 1310 4534 Θεῷ
1344 4483 1467 4536 μου,
1515 4469 1679 4537 φησὶ,
1712 4471 1845 4523 πάν-

1946 3358 2112 3425 Quasi
2144 3362 2392 3423 diceret,
2436 3362 2622 3415 animo
2660 3376 2797 3431 opus
2846 3370 2930 3415 est
2965 3362 3124 3417 cclcri
3164 3362 3513 3417 inclinatione

1945 3452 2149 3516 divina,
2186 3452 2468 3522 discipulis
2494 3454 2927 3525 intelligentibus
2949 3495 2962 3519 ,
2994 3454 3277 3520 prudentia
3305 3454 3511 3514 stabili.

1946 3543 1989 3597 si
2017 3546 2140 3613 quis
2176 3545 2360 3600 rimari
2392 3560 2452 3601 ea
2481 3546 2647 3609 velit,
2679 3562 2801 3616 qua:
2830 3547 3054 3618 scripsit
3091 3546 3312 3603 Paulus.
3366 3548 3513 3616 Quo-

1945 3637 2093 3690 circa
2126 3637 2373 3691 iudnctos
2399 3647 2455 3693 et
2485 3639 2786 3704 instabiles,
2818 3654 2943 3694 cum
2979 3640 3111 3694 nihil
3133 3641 3402 3708 ejusmodi
3424 3657 3514 3694 ae-

1948 3727 2188 3794 quirant,
2225 3728 2435 3798 seipsos
2466 3730 2777 3799 decipiunt,
2811 3741 2866 3787 et
2895 3746 2989 3801 per
3025 3732 3236 3787 ruinam
3263 3743 3512 3799 pereunt.

1952 3818 2007 3870 Si
2039 3818 2349 3889 linguarum
2384 3821 2618 3889 requiris
2648 3824 2956 3889 scientiam,
2987 3822 3189 3878 Paulus
3222 3824 3309 3877 illa
3342 3828 3512 3893 gratia

1949 3912 2249 3966 ornabatur
2293 3928 2308 3965 :
2342 3914 2505 3967 etiam
2547 3914 2599 3967 in
2654 3915 2722 3969 iis
2751 3915 2952 3984 quibus
2995 3930 3096 3971 nec
3128 3916 3513 3971 assuefecerat.

1952 4017 2053 4057 nec
2095 4017 2218 4072 qua:
2258 4002 2422 4057 fando
2449 4017 2737 4072 acceperat
2782 4023 2797 4061 :
2837 4007 3118 4072 «Gratias,
3152 4008 3363 4077 inquit,
3408 4009 3517 4063 Dco

1952 4108 2073 4147 meo
2102 4110 2224 4164 ago,
2259 4095 2460 4164 linguis
2491 4097 2662 4167 magis
2688 4099 2944 4154 omnibus
2976 4099 3170 4170 loquor
3194 4101 3291 4155 ¹⁶.ι
3329 4099 3385 4155 Si
3420 4101 3519 4169 igi-

1950 4195 2042 4241 tur
2058 4193 2268 4240 tantam
2291 4187 2525 4241 habebat
2549 4188 2859 4244 facultatem
2889 4190 2941 4244 in
2971 4192 3168 4261 linguis
3192 4191 3517 4263 peregrinis.

1950 4278 2077 4331 dum
2094 4274 2330 4346 Spiritus
2346 4278 2528 4331 afﬂatu
2553 4278 2931 4346 instrueretur,
2954 4283 3227 4351 quomodo
3248 4281 3332 4337 vel
3354 4283 3519 4338 ratio-

1953 4369 2203 4425 nabiliter
2226 4371 2452 4440 cogitari
2472 4373 2694 4441 poterit,
2726 4387 2852 4428 eum
2881 4374 3123 4445 linguam
3148 4376 3515 4440 vernaculam,

1950 4477 2073 4531 qua:
2117 4461 2301 4518 Graeca
2334 4462 2531 4529 fuerat,
2563 4466 2876 4534 corrupisse
2908 4486 2922 4523 :
2957 4475 3017 4521 ut
3063 4469 3115 4522 in
3146 4470 3347 4537 quibus
3376 4469 3517 4523 baud

257 4567 382 4607 των
413 4550 615 4621 μᾶλλον
654 4552 928 4619 γλώσσαις
951 4553 1167 4608 λαλῶνο
1195 4573 1215 4609 ι
1268 4558 1317 4609 εί
1361 4558 1541 4612 τοίνυν
1585 4560 1689 4612 κάν
1730 4563 1840 4624 τοῖς
1878 4596 1916 4652 D

1878 4596 1919 4652 ο
1950 4569 2080 4610 sane
2112 4554 2311 4609 multos
2341 4555 2597 4612 inducere
2630 4566 2840 4626 poterat
2860 4558 2925 4614 ad
2956 4559 3230 4629 pietatem,
3266 4559 3336 4614 ibi
3370 4560 3521 4630 prin-

258 4643 528 4712 ἐκφύλοις
572 4643 847 4712 γλώσσαις
876 4645 1090 4715 ἄμαχον
1126 4642 1240 4716 εἶχε
1266 4646 1327 4699 sb
1368 4650 1589 4718 κράτος,
1624 4650 1722 4717 τῆς
1748 4652 1841 4705 τοῦ
1878 4642 1914 4652 ⁷

1878 4642 1914 4652 ⁷
1951 4652 2189 4720 cipatum
2221 4649 2530 4705 obtineret:
2590 4651 2679 4705 ubi
2714 4666 2841 4706 vero
2892 4667 3082 4708 omnes
3107 4652 3217 4707 fere
3270 4653 3521 4709 homines

262 4734 415 4790 Πνεύ
423 4752 591 4804 ματος
608 4736 770 4788 αὐτον
789 4731 1111 4806 σοφιζούσης
1129 4736 1371 4800 ἐπινοίας
1387 4746 1435 4799 Υ,
1464 4740 1581 4802 πῶς
1599 4738 1666 4793 ἂν
1683 4741 1847 4794 αὑτὸν

257 4826 610 4898 διαφθείρειν
638 4828 792 4897 λόγος
820 4830 913 4882 καὶ
954 4830 1074 4882 τότε
1122 4819 1289 4884 οὖσαν
1314 4830 1479 4884 ἐθάδα
1500 4831 1708 4898 δέξαιτο
1748 4833 1848 4905 τὴν

270 4917 542 4972 Ἐλλάδαο
576 4920 670 4974 καὶ
700 4920 768 4973 δι’
800 4909 875 4972 ὧν
913 4914 1141 4983 πολλοὺς
1181 4920 1406 4990 έμελλον
1451 4924 1531 4985 είς
1568 4923 1848 4977 εύσέσειαν

257 5008 551 5081 αἱρήσειν,
600 5012 658 5063 ἐν
699 5011 926 5073 ταύταις
976 5010 1037 5064 τὸ
1073 5011 1348 5082 ἀριστεῖον
1376 5013 1552 5082 ἔχειν’
1596 5014 1665 5068 δι’
1694 5008 1762 5085 ἧς
1792 5015 1850 5069 δέ

259 5099 464 5172 σχεδὸν
528 5096 776 5164 ἅπαντας
842 5102 1163 5174 ἀνθρώπους
1189 5144 1205 5168 ,
1265 5105 1323 5157 ἐν
1378 5104 1553 5179 ταύτῃ
1616 5106 1851 5173 γέλωτος

258 5193 460 5247 αίτίαν
485 5195 579 5247 καὶ
604 5194 800 5263 χλεύης
832 5196 1125 5267 παρέχεινς
1165 5195 1259 5249 καὶ
1292 5195 1399 5266 μὴν
1432 5197 1529 5266 οὐχ
1565 5196 1738 5261 οὕτως
1764 5198 1851 5251 εὑ-

260 5280 445 5354 χερὴς
476 5284 553 5344 είς
582 5281 793 5352 λόγους.
824 5284 946 5339 ούδέ
985 5288 1099 5348 τοῖς
1140 5285 1353 5355 ἐχθροῖς
1386 5286 1689 5355 ἐνομίζετο,
1730 5287 1768 5342 ἃ
1793 5286 1852 5342 δέ

260 5373 391 5436 τοῖς
425 5370 637 5443 ἐχθροῖς
689 5374 767 5438 είς
797 5372 1017 5429 ἔπαινον
1052 5376 1155 5446 ὁρᾷ
1190 5374 1522 5447 μαρτυρίας,
1557 5375 1658 5429 οὐκ
1696 5376 1844 5431 ἐστιν

352 5526 401 5561 ⁸⁸
428 5526 494 5585 ll.
522 5530 665 5587 Pctr.
694 5545 775 5587 ιιι.
822 5529 907 5586 i5.
983 5530 1026 5565 "
1054 5528 1188 5587 Ibid.
1234 5529 1319 5586 16.
1383 5532 1427 5564 ⁸⁸
1456 5531 1499 5588 i.
1537 5530 1665 5586 Cor.
1696 5546 1808 5596 xlv,
1844 5530 1928 5585 l8.

1954 4746 2292 4802 convertere,
2330 4738 2402 4792 ibi
2437 4738 2582 4795 risus
2606 4748 2682 4793 ’et
2730 4739 3002 4795 irrisionis
3030 4741 3310 4795 materiem
3366 4744 3522 4797 exhi-

1955 4830 2126 4885 beret.
2156 4828 2411 4894 Omnino,
2463 4845 2531 4884 ne
2556 4831 2771 4897 quidem
2816 4831 2885 4885 ab
2921 4831 3156 4886 inimicis
3207 4832 3324 4887 suis
3376 4831 3520 4887 haud

1952 4921 2026 4976 ita
2071 4936 2321 4977 sermone
2350 4923 2775 4993 contemptibilis
2827 4923 3147 4978 habebatur.
3182 4923 3313 4988 Qum
3339 4934 3523 4979 autem

1952 5014 2224 5083 quispiam
2280 5013 2581 5068 intuebitur
2621 5015 2672 5067 in
2726 5015 2938 5069 laudem
2991 5016 3234 5085 martyrii
3275 5014 3523 5077 tendere,

1955 5117 2063 5157 non
2094 5112 2179 5157 est
2234 5118 2333 5158 cur
2372 5103 2569 5173 aliquis
2623 5105 2878 5168 declinet,
2933 5106 3059 5160 licet
3123 5120 3351 5174 magnos
3418 5106 3525 5162 sibi

1958 5202 2207 5247 assumat
2254 5194 2499 5261 spiritus,
2525 5205 2578 5249 et
2604 5210 2700 5264 per
2728 5196 2912 5250 omnia
2942 5196 3071 5251 velit
3122 5210 3247 5251 csse
3294 5204 3527 5250 conten-

1965 5284 2143 5339 tiosus
2172 5302 2186 5339 :
2215 5293 2271 5339 et
2319 5285 2407 5339 hic
2451 5301 2634 5342 meum
2671 5287 2792 5341 vide
2844 5288 3217 5343 testimonium
3250 5304 3264 5341 :
3294 5285 3525 5341 Siticliat

1953 5377 2106 5431 Pauli
2139 5378 2457 5448 sanguinem
2488 5376 2799 5435 ,ίυόιυοιυιιι
2821 5380 2968 5436 natio
2996 5398 3010 5434 :
3053 5380 3142 5437 ille
3180 5378 3385 5435 lumine
3412 5392 3526 5433 cm-

1575 5681 1808 5739 VARIIE
1839 5682 2131 5738 LECTION
2140 5683 2247 5741 ES-

391 5830 418 5858 ι
460 5821 674 5892 ἐκείνῳ.
708 5820 771 5878 C.
803 5819 871 5875 Μ.
906 5820 1154 5885 ἐκείνοις.

1268 5829 1294 5869 γ
1331 5819 1634 5885 ἐπιπνοίας.
1669 5818 1730 5877 C.
1768 5820 1833 5874 Μ.
1868 5821 2130 5883 ἐπινοίας.
