4200 6444
687 453 790 519 583

1830 450 2095 513 ΡΗΟΤΙΙ
2129 449 2635 512 ΡΛΤΒῙΑΠΟΗᾹΞ
2671 450 2777 510 CP.

3833 438 3940 506 584

687 565 805 620 testi
837 563 1194 619 collustratus
1227 572 1374 620 totus
1418 563 1747 620 transfertur
1802 565 1868 619 ad
1916 580 2041 620 eum
2089 579 2252 634 quem

2379 564 2508 625 lett;
2535 563 2634 615 οὐκ
2666 561 2731 614 ἂν
2761 559 3196 631 ἐκδυσωπηθείη,
3232 559 3336 613 κᾶν
3361 556 3502 628 μέγα
3529 555 3672 609 θέλοι
3696 557 3935 623 φρονεῖν,

686 656 1169 726 persequebantur.
1199 654 1353 711 Tunc
1390 669 1565 712 autem
1598 656 1867 727 imprimis
1887 666 1943 712 et
1978 657 2255 718 sitiebant,

686 758 740 803 et
783 749 838 802 in
867 748 1236 803 voluntarium
1265 749 1624 803 homicidium
1655 750 2106 810 incendebantur.
2129 761 2256 801 cum

689 839 932 910 ipsorum
958 839 1244 911 Synagoga
1283 855 1484 895 vacuas
1534 841 1681 896 illius
1709 840 2016 896 reddiderat
2063 839 2260 910 pra'di-

689 932 955 987 cationes.
1005 931 1179 986 Omne
1229 933 1522 987 movebant
1583 932 2065 1002 sycophantiarunt
2122 931 2260 985 arti-

692 1025 895 1086 ﬁcium,
935 1036 1126 1077 omnes
1171 1022 1454 1078 machinas
1505 1022 1878 1077 admoverant.
1912 1022 2026 1076 Non
2061 1022 2260 1076 lanceis

691 1124 902 1170 tantum
935 1115 1220 1184 argenteis,
1253 1114 1398 1184 quod
1425 1115 1643 1179 dicitur,
1679 1130 1766 1169 res
1800 1115 2108 1184 gerebatur,
2161 1112 2259 1168 sed

692 1205 1126 1266 mendaciorum,
1157 1204 1499 1268 insidiarum,
1558 1205 1673 1266 irat,
1721 1204 1962 1258 audaciae
2003 1205 2174 1272 copiis
2203 1204 2258 1257 in

691 1296 895 1352 caedem
915 1296 1080 1357 illius,
1103 1296 1438 1350 contribulcs
1449 1297 1820 1360 armabantur,
1841 1297 1977 1350 adeo
1999 1307 2054 1348 ut
2069 1310 2263 1350 manus

693 1389 954 1443 haberent
993 1395 1240 1439 rorantes
1270 1387 1337 1438 ab
1360 1387 1477 1454 ipso
1517 1387 1773 1456 ﬂagrante
1811 1386 2099 1439 maleﬁcio.
2124 1385 2261 1439 Cum

694 1493 822 1532 vero
848 1476 1046 1530 frustra
1079 1475 1576 1543 ipsosessultantes
1595 1485 1645 1529 ct
1669 1477 1984 1546 gaudentes,
2015 1491 2138 1545 spes
2166 1478 2263 1530 de-

695 1577 898 1624 sereret
929 1567 1211 1636 (nimirum
1242 1566 1333 1619 ille
1381 1568 1584 1620 athleta
1636 1581 1731 1635 per
1790 1583 1920 1622 suas
1965 1569 2262 1638 apologias,

693 1674 886 1715 omnes
927 1659 1175 1712 omnium
1225 1657 1665 1712 machinationes
1719 1657 2065 1721 discutiebat,
2113 1667 2166 1711 ct
2198 1657 2264 1711 ad

693 1761 1000 1808 extremum
1033 1764 1128 1818 per
1185 1748 1457 1803 sermonis
1513 1748 1822 1801 [nouitatem
1868 1749 2266 1803 irresistibilcm

696 1847 1035 1916 dejiciebat),
1091 1859 1215 1899 cum
1280 1846 1566 1905 llznt‘ez‘ettt.
1632 1856 1904 1898 oratorem
1974 1846 2264 1913 quemdam

2360 657 2453 708 ἐπὶ
2488 655 2564 724 τῷ
2595 656 2772 707 πάντα
2801 653 3103 721 φιλόνεικος
3139 647 3280 704 εἶναι
3304 667 3320 681 ⁶
3354 649 3448 703 καί
3486 667 3576 720 μοι
3605 647 3840 716 πρόσεχε
3870 649 3936 714 τῇ

2361 745 2657 816 μαρτυρίᾳ.
2715 744 2902 811 Ἐδίψα
2945 742 3008 795 τὸ
3062 741 3330 794 Ἰουδαίων
3376 740 3526 802 ἔθνος
3572 737 3667 789 τοῦ
3708 737 3941 806 αἵματος

2363 839 2597 902 Παύλου,
2631 840 2750 892 ἐπεὶ
2775 837 2854 906 τῷ
2880 835 3116 907 οὐρανίῳ
3143 835 3283 903 φωτὶ
3315 830 3781 902 περιαστραφθεὶς
3801 831 3942 882 ὲκεί-

2361 949 2470 996 νος,
2509 931 2628 991 ὅλος
2668 929 2900 999 μετέστη
2946 927 3084 997 πρὸς
3129 927 3186 978 ὅν
3212 925 3427 990 ἐδίωξεν
3457 934 3480 960 ι
3511 939 3526 953 ·
3548 923 3703 991 ὲδίψα
3734 923 3795 975 δι
3818 922 3942 973 τότε

2366 1024 2585 1095 μᾶλλον,
2612 1023 2706 1076 καὶ
2735 1021 2874 1092 πρὸς
2895 1019 2994 1090 τὴν
3019 1017 3331 1089 μιαιφονίαν
3356 1017 3702 1085 ἀνεφλέγετο,
3728 1015 3817 1066 ὅτε
3845 1015 3944 1076 τάς

2366 1116 2685 1183 συναγωγὰς
2713 1114 2894 1166 αὐτῶν
2932 1114 2992 1165 τὸ
3019 1113 3226 1165 ἐκείνου
3255 1111 3516 1180 κήρυγμα
3561 1107 3943 1176 κεκενωμένας

2363 1211 2544 1269 αὐτοῖς
2573 1207 2918 1276 ἁπελίμπανε
2942 1220 2955 1232 ·
3003 1205 3098 1256 καὶ
3146 1202 3211 1271 δὴ
3252 1201 3399 1253 πᾶσα
3437 1199 3535 1268 μὲν
3564 1197 3746 1258 aitet;
3780 1211 3946 1247 συκο-

2365 1301 2594 1368 φαντίας
2649 1299 2813 1366 τέχνη
2840 1307 2890 1356 ι,
2932 1297 3083 1347 πᾶσα
3131 1293 3186 1344 δὲ
3228 1291 3446 1361 μηχανὴ
3489 1289 3791 1356 ἐκεκίνητο.
3831 1286 3950 1337 θῦκ

2365 1393 2608 1462 ἀργυραῖ
2638 1389 2694 1442 δὲ
2729 1389 2836 1458 ἄρα
2863 1388 3052 1456 λόγχαι
3103 1385 3283 1454 μόνον,
3331 1384 3360 1435 ὃ
3406 1383 3642 1448 λέγεται,
3673 1379 3811 1433 ἀλλά
3856 1381 3952 1430 καὶ

2365 1484 2615 1551 ψεύδους,
2647 1481 2744 1532 καὶ
2774 1481 3011 1547 απάτης.
3047 1479 3140 1529 καὶ
3173 1477 3364 1544 ὀργῆς,
3408 1475 3504 1526 καὶ
3537 1472 3772 1541 θράσους
3811 1469 3954 1537 πρὶς

2366 1577 2466 1645 τὴν
2503 1572 2596 1626 τοῦ
2623 1571 2815 1642 ἀνδρὸς
2848 1571 3086 1638 σφαγὴν,
3131 1569 3256 1629 τοὺς
3289 1564 3597 1636 ὁμοφύλους
3628 1560 3952 1626 ὲξὼπλιξσν.

2369 1669 2465 1722 καὶ
2489 1666 2585 1729 τὰς
2613 1669 2799 1737 χεῖρας
2825 1666 2926 1735 ήδη
2957 1665 3076 1725 ταῖς
3107 1661 3290 1714 ἐλπίσι
3318 1657 3621 1721 σταζούσας
3651 1651 3797 1724 εἶχον
3825 1652 3955 1721 θερο

2373 1759 2474 1822 μοῦ
2501 1757 2594 1812 τοῦ
2631 1760 2962 1828 μιὲισματος.
3006 1755 3160 1807 Ἐπεὶ
3180 1753 3236 1806 δὲ
3262 1752 3436 1822 μάτην
3462 1750 3655 1810 αὐτοὺς
3681 1747 3955 1813 ἀνασκιρ-

2370 1850 2578 1910 τῶντας
2614 1851 2707 1902 καὶ
2739 1848 3035 1919 χαίροντας
3071 1848 3129 1898 αἱ
3157 1844 3372 1903 ἐλπίδες
3402 1841 3666 1896 ἀπέλιπον
3695 1837 3956 1908 (κρείττω

698 1937 1126 2001 mercenarium,
1153 1936 1246 2005 qui
1283 1936 1588 1989 (-alntnnias
1628 1936 1860 1990 consilio
1899 1951 1998 1991 suo
2033 1935 2260 1998 foveret,

2379 1941 2465 1994 τοῦ
2492 1906 3040 2011 ἀριστέωξάτίάντων
3065 1936 3471 2006 μηχανημάτων
3490 1934 3608 1994 ταῖς
3631 1929 3958 1996 ἀπολογίαις

695 2029 1092 2085 eunducebanl.
1145 2025 1519 2096 Opinabautur
1555 2027 1700 2080 enim
1736 2042 1890 2080 reum
1942 2037 1997 2080 et
2032 2043 2264 2083 accusa-

697 2131 832 2183 tum,
866 2129 1142 2187 utcunque
1198 2118 1347 2172 omni
1382 2118 1607 2174 omnino
1650 2120 1810 2189 culpa
1843 2131 2074 2184 careret,
2119 2121 2266 2176 illius

697 2223 841 2266 artes
867 2219 921 2263 et
953 2210 1215 2264 orationis
1275 2211 1546 2264 versutias
1580 2225 1688 2264 non
1742 2226 2056 2275 evasurum,
2107 2213 2270 2281 idque

695 2302 1000 2358 indubitan
1053 2300 1318 2355 futurum.
1370 2301 1572 2356 Verum
1631 2302 1849 2371 sapiens
1895 2303 1986 2358 ille
2041 2302 2267 2370 Paulus,

695 2404 880 2465 utpote
909 2393 1002 2463 qui
1045 2392 1227 2448 divina
1279 2393 1510 2447 callebat
1553 2404 1606 2446 et
1645 2394 1904 2458 humana,
1941 2396 2033 2465 qui
2082 2407 2270 2451 contra

695 2487 943 2539 mercede
978 2484 1307 2538 conductum
1353 2483 1644 2539 artificiose
1681 2486 1972 2540 accusabat
2008 2503 2102 2555 per
2131 2487 2274 2540 divi-

695 2577 841 2630 nitus
897 2574 1294 2644 suppeditatum
1349 2577 1691 2643 prudentiam
1757 2588 1809 2631 et
1871 2578 2142 2646 gratiam,
2199 2577 2274 2632 ita

695 2669 940 2721 oratione
969 2666 1350 2730 contendebat,
1390 2676 1448 2719 ut
1483 2667 1630 2720 illum
1657 2669 1965 2737 repelleret,
1992 2679 2045 2724 et
2077 2669 2276 2723 rubore

696 2758 1049 2821 sutl‘underet,
1091 2770 1213 2810 cum
1261 2773 1359 2810 sna
1395 2767 1511 2812 arte
1541 2757 1633 2828 qui
1683 2761 1858 2828 pretio
1883 2772 2124 2829 accepto.
2159 2777 2279 2831 per-

696 2849 1076 2917 sequebatur;
1130 2847 1434 2916 pontifices,
1483 2850 1814 2915 sacerdotes,
1877 2852 2012 2906 alios
2071 2854 2166 2923 qui
2223 2853 2278 2907 in

696 2941 895 2995 czedem
939 2939 1058 3007 ejus
1095 2938 1564 3007 eonspiraveraut,
1603 2941 1865 2996 attonitos
1911 2943 2177 3008 redderet,
2226 2952 2282 2998 et

699 3033 978 3087 intricaret
1011 3048 1027 3096 ;
1064 3032 1134 3084 ita
1179 3040 1238 3084 ut
1277 3046 1382 3084 non
1427 3031 1602 3086 solum
1635 3033 1783 3101 ipsos
1815 3034 1980 3102 hujus
2017 3051 2130 3090 sua:
2169 3053 2284 3089 mo-

699 3124 904 3178 litionis
940 3123 1246 3193 pthcret,
1299 3125 1392 3178 sed
1429 3135 1482 3178 et
1521 3125 1819 3187 silentium,
1853 3127 1935 3180 vel
1969 3127 2286 3181 ell'eratissi-

2369 2033 2818 2102 καθισταμένου),
2846 2032 3154 2085 τελευταῖον
3180 2030 3314 2099 προς
3340 2029 3403 2078 τὸ
3436 2028 3494 2078 ὲν
3539 2025 3719 2092 λόγοις
3755 2022 3960 2091 κράτος

2369 2128 2465 2180 καὶ
2509 2126 2567 2178 τὺ
2598 2124 3005 2195 ἀνεπηρέαστον
3039 2121 3426 2192 ἀπορούμενοι,
3464 2117 3670 2187 ῥήτορά
3700 2131 3825 2167 τινα
3871 2131 3961 2182 μιν⁶

2373 2218 2502 2270 σθοῦ
2556 2216 2855 2278 ποιοῦνται,
2889 2214 2998 2267 τῶν
3046 2211 3562 2281 συκοφαντηθέντων
3617 2207 3958 2274 συνήγορονο

2370 2311 2471 2362 οὐκ
2520 2309 2585 2362 ἂν
2634 2309 2714 2362 ἔτι
2746 2308 2993 2361 διαδῦναι
3026 2307 3123 2369 τὰς
3156 2306 3365 2359 ἐκείνου
3393 2301 3591 2372 τέχνας
3623 2299 3719 2352 καὶ
3749 2297 3962 2360 πλοκὰς

2375 2399 2483 2450 τῶν
2533 2397 2706 2464 λόγων
2737 2395 2829 2448 τὸν
2870 2395 3240 2465 γραφόμενον,
3280 2393 3383 2447 κᾶν
3428 2391 3689 2462 μυριάκις
3728 2388 3816 2456 εἴη
3867 2387 3962 2438 ἀν-

2375 2491 2569 2552 αίτιος,
2599 2489 2709 2542 οὐδ’
2733 2490 2880 2551 ὅπως
2915 2483 3007 2540 οὖν
3030 2488 3086 2538 ἐν
3114 2485 3401 2556 ἀμφιϐόλῳ
3431 2483 3728 2552 τιθέμενοι.
3765 2478 3909 2534 Ἀλλ’
3932 2479 3962 2530 ὅ

2377 2598 2440 2649 γε
2474 2580 2636 2649 σοφὸς
2665 2578 2740 2650 τῷ
2760 2579 2872 2632 δντι
2895 2578 3126 2642 Παῦλος,
3150 2579 3248 2629 ὅσα
3267 2593 3327 2628 τε
3354 2575 3470 2627 θεῖα
3501 2573 3595 2626 καὶ
3624 2573 3724 2626 ὅσα
3751 2569 3963 2640 ἀνθρὼ-

2379 2688 2533 2735 πινα,
2571 2671 2666 2722 καὶ
2716 2669 2853 2738 πρὸς
2891 2667 2983 2720 τὸν
3033 2666 3176 2719 οὕτω
3214 2668 3280 2736 τῇ
3315 2664 3481 2734 τέχνῃ
3531 2663 3626 2716 καὶ
3668 2660 3750 2730 τῷ
3782 2657 3962 2730 μισθῷ

2380 2759 2918 2831 παρεσκευασμένον,
2945 2759 3033 2811 διὰ
3064 2758 3161 2827 τῆς
3189 2756 3394 2809 ἄνωθεν
3422 2754 3668 2825 δηλονότι
3701 2769 3963 2822 χορηγουο

2385 2853 2554 2922 μένης
2587 2849 2736 2920 αὑτῷ
2769 2849 2959 2917 σοφίας
2997 2852 3093 2901 κατ’.
3118 2848 3361 2916 χάριτος,
3389 2844 3562 2907 οὕτως
3595 2842 3961 2910 ἀντικατέστη

2382 2949 2494 3006 τοῖς
2536 2945 2715 3011 λόγοις
2742 2944 2837 2996 καὶ
2878 2941 3254 3012 διηγωνίσατο,
3289 2940 3450 2992 αὑτὸν
3483 2937 3582 3008 μὲν
3620 2935 3967 3006 τρεψάμενος

2386 3038 2481 3090 καὶ
2503 3035 2870 3104 καταισχύνας
2902 3035 3041 3104 αὐτῇ
3075 3032 3241 3101 τέχνη
3268 3031 3361 3084 καὶ
3387 3027 3684 3100 μισθαρνίᾳ
3707 3044 3721 3056 °
3748 3026 3874 3088 τοὺς
3905 3024 3969 3076 δδ

2387 3129 2661 3196 ἀρχιερεῖς
2699 3127 2792 3178 καὶ
2828 3126 3011 3196 ἱερεῖς,
3049 3124 3139 3175 καὶ
3163 3123 3310 3182 ὅσοις
3343 3123 3371 3172 ὁ
3400 3119 3520 3172 κατ’
3551 3117 3716 3170 αὑτοῦ
3743 3130 3970 3168 συνεκι-

700 3215 826 3274 tnis,
867 3211 1026 3281 quasi
1066 3227 1280 3282 poenam
1322 3214 1615 3281 quamdam
1646 3230 1739 3283 per
1786 3217 2057 3270 biennium
2105 3218 2280 3286 impo-

2389 3221 2623 3288 κρότητο
2651 3223 2677 3265 b
2719 3218 2898 3285 φόνος,
2927 3213 3243 3284 ἐκπλήξεως
3287 3213 3383 3266 καὶ
3407 3209 3720 3280 ἀμηχανίας
3755 3208 3973 3278 ἐμπλή-

701 3308 889 3351 nereut
933 3298 1092 3367 (l9).
1138 3299 1300 3354 Vides
1345 3310 1402 3352 ut
1447 3300 1845 3357 inlensissimos
1888 3305 2051 3357 etiam
2091 3313 2280 3360 contra

704 3390 1034 3444 voluntatem
1069 3390 1229 3445 istius
1287 3393 1508 3447 athleta:
1563 3394 1617 3447 in
1655 3395 1890 3449 dicendo
1935 3397 2170 3452 facultas
2211 3396 2280 3452 ad

701 3479 989 3534 dicendum
1023 3479 1235 3549 impulit
1275 3482 1674 3546 testimonium,
1706 3483 1849 3553 quod
1891 3484 2147 3538 nimirum
2188 3499 2277 3539 sa-

704 3571 905 3640 pientia
962 3571 1134 3633 Pauli,
1179 3572 1320 3642 apud
1372 3573 1556 3628 hostes
1598 3573 1832 3627 maxime
1887 3573 2166 3642 capitales,
2223 3590 2282 3630 re

705 3673 760 3718 et
795 3663 962 3717 verbo
1016 3663 1392 3732 pra-dicatur:
1435 3665 1577 3719 unde
1619 3668 1689 3720 ah
1725 3666 1952 3720 initiatis
2005 3667 2280 3737 religioni,

705 3753 824 3807 sine
885 3750 1320 3807 contradictione
1373 3753 1504 3817 ulla,
1552 3754 1905 3809 meritissime
1955 3755 2279 3811 honoratur.

705 3842 825 3898 Noli
856 3853 1034 3898 autem
1069 3853 1260 3914 putare
1295 3860 1380 3898 me
1407 3847 1676 3901 sermonis
1721 3846 2044 3918 sapientiam
2083 3847 2282 3901 intelli-

707 3952 855 4008 gere,
879 3936 1096 3991 dicendi
1135 3936 1283 3991 illam
1319 3936 1656 4004 facultatem,
1690 3954 1812 4009 qua:
1851 3939 2120 4008 superﬂua
2142 3953 2280 4008 qna-

707 4031 830 4082 dam
885 4028 1230 4093 curiositate,
1282 4029 1578 4097 supercilio
1617 4044 1899 4099 pompose,
1928 4031 2278 4095 calamistris,

709 4118 1123 4174 medicamentis
1154 4128 1206 4174 et
1245 4119 1496 4182 ﬂoribus.
1535 4120 1752 4175 insitam
1793 4121 2006 4175 dicendi
2042 4122 2282 4191 pulchri-

2385 3332 2505 3374 σας,
2538 3311 2678 3363 ὥστε
2715 3310 2789 3380 μὴ
2827 3310 2986 3379 μόνον
3019 3307 3202 3369 αὐτοῖς
3252 3305 3351 3374 τῆς
3383 3303 3642 3372 τοιαύτης
3684 3300 3973 3370 ἐπιχειρήο

2391 3424 2530 3469 σεως
2561 3403 2909 3475 μεταμελεῖν,
2939 3400 3076 3456 ἀλλά
3097 3400 3191 3452 καὶ
3223 3397 3459 3467 σιωπῆς,
3487 3395 3665 3449 καίτοι
3697 3393 3859 3447 πλέον
3889 3391 3973 3459 τῷ

2389 3497 2548 3566 θυμῷ
2597 3495 2986 3564 ἡγριωμένοις,
3032 3493 3128 3545 ὅλα
3170 3491 3263 3544 δύο
3304 3490 3398 3558 ἐτη
3435 3487 3738 3554 καταδίκην
3784 3483 3977 3552 σφίσιν

2383 3588 2673 3641 ἐπιθεῖναι.
2704 3586 2876 3656 Ὀρᾷς
2908 3584 3055 3645 ὅπως
3069 3582 3196 3645 τοὺς
3221 3581 3503 3651 ἐχθίστους
3527 3577 3621 3631 καὶ
3647 3578 3902 3640 ἄκοντας,
3937 3576 3978 3644 ἡ

2386 3679 2494 3732 τῶν
2551 3678 2642 3729 τοῦ
2702 3675 2973 3747 ἀριστέως
3024 3674 3198 3742 λόγοιν
3238 3673 3470 3741 δύναμις
3523 3671 3601 3730 εἰς
3661 3667 3980 3738 μαρτυρίαν

2384 3769 2722 3834 ἐξεϐιάσατο.
2774 3769 2905 3820 Ὅτε
2941 3777 2962 3805 ε
3007 3766 3063 3818 δὲ
3112 3765 3205 3817 καὶ
3252 3764 3362 3827 τοῖς
3404 3761 3616 3831 ἐχθροῖς
3659 3760 3693 3828 ἡ
3751 3756 3977 3810 Παύλου

2391 3859 2553 3928 σοφία
2588 3858 2734 3927 ἔργῳ
2767 3858 2864 3909 καὶ
2891 3854 3034 3926 λόγῳ
3059 3853 3428 3923 διαϐεϐόηται,
3457 3853 3569 3911 τοῖς
3606 3847 3812 3900 ἐκεῖθεν
3841 3846 3868 3886 ἀ
3899 3849 3979 3900 τὰ

2385 3951 2485 4021 τῆς
2544 3948 2828 4011 εὐσεϐείας
2883 3945 3290 4016 μεμυημένους,
3343 3942 3406 3995 οὐ
3461 3939 3832 4010 διαφερόντως
3879 3940 3982 3990 καὶ

2385 4041 2552 4107 ἀξίως
2576 4040 2962 4110 τιμηθήσεται.
2987 4039 3098 4091 Καὶ
3129 4037 3204 4106 μή
3229 4051 3294 4105 με
3324 4033 3556 4103 νομίσῃς
3582 4029 3775 4098 σοφίαν
3797 4027 3982 4094 λόγων

2387 4137 2480 4186 καὶ
2511 4135 2709 4204 κράτος
2741 4131 2924 4198 λέγειν
2963 4131 3057 4184 καὶ
3085 4129 3337 4198 δύναμιν.
3376 4127 3475 4196 τὴν
3519 4125 3816 4195 περίεργον
3841 4121 3985 4176 ταύ·

711 4208 951 4264 tudinem
1001 4210 1291 4276 adulterat,
1323 4220 1376 4264 et
1408 4211 1686 4267 coloribus
1725 4212 2049 4280 quihusdam
2095 4229 2280 4282 super-

2389 4243 2487 4294 την
2529 4225 2622 4278 καὶ
2673 4222 2957 4286 σοὸοὖσαν,
2989 4222 3083 4273 καὶ
3122 4210 3498 4290 κομμωτικοῖς
3538 4216 3852 4286 φαρμάκοις
3881 4213 3997 4266 καὶ·

712 4302 970 4366 inductis,
1013 4302 1219 4372 puerile
1242 4302 1389 4372 quod
1419 4313 1503 4357 est
1540 4314 1594 4357 et
1620 4305 1857 4368 clumbe,
1894 4303 1962 4356 ad
1996 4320 2054 4358 se
2077 4306 2280 4358 trahit:

712 4407 813 4448 nec
845 4395 990 4447 illam
1031 4395 1386 4459 econtrario,
1444 4410 1566 4464 ηυδε
1622 4406 1874 4465 capcrata
1928 4395 2108 4450 fronte
2169 4396 2287 4450 sine

709 4486 822 4540 risu
858 4485 969 4540 ullo
997 4486 1131 4540 nihil
1171 4487 1423 4541 utilitatis
1448 4489 1611 4552 subit,
1640 4488 1731 4541 sed
1775 4489 1828 4540 in
1861 4488 2131 4556 profundo
2155 4502 2287 4542 con-

712 4577 894 4631 sideus
926 4577 1299 4641 obscuritatis,
1334 4577 1640 4641 illiteratos.
1680 4579 1821 4633 etde
1856 4578 1984 4634 faece
2007 4594 2284 4634 convenas

713 4668 828 4722 suis
854 4669 1094 4723 tenebris
1134 4669 1561 4723 eireumvolutos
1589 4669 1884 4724 terriﬁcat:
1916 4684 2098 4724 caecos
2125 4669 2190 4722 ad
2225 4683 2286 4724 se

714 4767 970 4814 attractos
1024 4770 1322 4821 amatores.
1369 4759 1676 4828 speciosius
1708 4759 2026 4828 prostituit:
2063 4760 2157 4813 sed
2185 4772 2285 4812 nec

713 4866 832 4918 qua:
880 4851 1112 4908 ell‘rmnis
1137 4864 1192 4908 et
1234 4855 1538 4916 cerricosa,
1587 4853 1651 4908 ad
1693 4853 1970 4907 licentiam
2015 4853 2289 4908 exorbitat

715 4955 998 5016 poetarum
1039 4945 1408 5000 incitamentis
1441 4944 1768 5014 quibusdam
1807 4945 2064 4999 novitatis
2109 4959 2288 4998 merc-

719 5038 876 5091 tricie
907 5037 1149 5092 lasciviat
1175 5046 1229 5090 et
1262 5037 1453 5090 illudat
1489 5055 1503 5091 :
1536 5036 1627 5091 sed
1657 5036 1800 5090 illaut
1835 5051 1936 5105 ego
1967 5037 2126 5090 velim
2165 5051 2286 5106 qua

717 5128 963 5183 modeste
1003 5128 1267 5193 insinuat,
1299 5128 1515 5198 publice
1547 5129 1788 5192 instruit,
1815 5129 2072 5198 princeps
2105 5129 2284 5192 docet,

717 5220 831 5274 sola
859 5219 1088 5286 inducit,
1117 5229 1170 5274 et
1200 5235 1296 5290 per
1322 5235 1653 5288 congcneres
1687 5218 1992 5273 intellectus
2022 5221 2168 5273 clare
2190 5235 2289 5274 na-

721 5320 900 5366 turam
928 5325 1112 5365 rerum
1141 5311 1400 5381 explicat,
1441 5311 1587 5381 quod
1617 5310 1865 5380 emphasi
1906 5310 2107 5364 alicubi
2151 5326 2290 5381 opus

2386 4311 2571 4365 ἀνθεσι
2601 4311 2662 4362 τὸ
2694 4310 2936 4378 ἔμφυτον
2967 4307 3161 4370 κάλλος
3189 4306 3284 4359 τοῦ
3317 4305 3476 4373 λόγου
3501 4303 3849 4365 νοθεύουσαν,
3879 4302 3984 4354 καὶ

2384 4405 2495 4463 τοῖς
2521 4403 2879 4463 ὲπιπλάστοις
2921 4399 3177 4470 χρώμασι
3204 4398 3267 4450 τὸ
3297 4394 3659 4468 μειρακιῶδες
3683 4394 3780 4448 καὶ
3810 4393 3984 4446 ἔκλυ-

2383 4511 2476 4546 τον
2497 4494 2631 4564 πρὸς
2654 4492 2844 4545 ἑαυτὸν
2867 4491 3303 4560 ἐπιστρέφουσαν
3329 4505 3340 4516 ·
3362 4488 3486 4558 μηδ’
3508 4482 3576 4540 αὖ
3604 4485 3844 4553 ἐκείνην.
3873 4485 3983 4554 ὅση

2384 4587 2444 4638 τὸ
2475 4585 2799 4654 σκυθρωπὸν
2841 4587 2935 4637 καὶ
2981 4583 3226 4652 ἀμειδὲς,
3261 4579 3351 4634 ἐπ’
3381 4579 3560 4632 οὐδενὶ
3589 4575 3816 4648 χρηστῷ
3845 4575 3986 4626 ὑπο-

2391 4675 2599 4739 δύ’-ται,
2629 4676 2782 4746 βαθεῖ
2811 4692 2869 4727 τε
2907 4675 3008 4744 τῆς
3046 4674 3316 4741 ἀσαφείας
3345 4668 3742 4739 ὑποκαθημένη
3772 4667 3983 4736 σκότῳ.

2393 4786 2487 4821 και
2521 4770 2640 4830 τοὺς
2669 4767 2897 4838 ἀμαθεῖς
2936 4769 3030 4818 καὶ
3058 4764 3343 4833 ἀγελαίους
3369 4761 3447 4832 τῷ
3469 4761 3596 4830 περὶ
3623 4757 3794 4830 αὐτὴν
3827 4759 3988 4829 ζόφῳ

2399 4859 2706 4928 συγχέουσά
2743 4875 2802 4909 τε
2843 4859 2935 4909 καὶ
2974 4856 3448 4925 καταπλήττουσα,
3484 4850 3716 4917 τυφλοὺς
3739 4851 3986 4920 ἐραστὰς

2398 4949 2765 5020 ὲπισυρομένη
2808 4947 3245 5011 καλλωπίζεται·
3280 4945 3388 4998 οὐδ’
3422 4945 3522 5011 ὅση
3563 4941 3704 5011 πρὸς
3729 4941 3792 4993 τὸ
3823 4955 3990 5010 ποιη-

2395 5041 2506 5093 τῶν
2531 5042 2829 5112 αὐτόνομον
2851 5040 3302 5112 ἒκτραχηλίζεται
3330 5037 3426 5100 τὰς
3448 5033 3778 5103 νεωτερικὰς
3803 5033 3989 5100 ὁρμὰς

2400 5131 2784 5204 ἐταιριζομένη
2816 5133 2910 5185 καὶ
2945 5129 3325 5195 διαπαίζουσα.
3368 5128 3508 5182 Ἀλλ’
3545 5125 3762 5194 ἐκείνην
3805 5121 3988 5190 ἔγωγέ

2399 5242 2563 5293 φγιμι,
2596 5225 2693 5294 ὅση
2735 5223 2968 5293 σώφρων
3003 5222 3102 5292 μὲν
3128 5220 3516 5290 ἀπαγγέλλειν,
3557 5216 3710 5286 κοινὴ
3747 5214 3805 5266 δὲ
3834 5211 3957 5265 διδά

2403 5333 2574 5378 σκειν,
2609 5315 2796 5386 πρώτη
2830 5315 2887 5368 δὲ
2919 5313 3215 5380 παιδεύειν,
3253 5312 3387 5383 μόνη
3419 5310 3473 5363 δὲ
3508 5305 3856 5378 συμπείθειν,
3885 5303 3986 5355 εὓ-

2018 5423 2253 5478 ΥΛΙΠᾹΞ
2293 5427 2697 5485 LECTIONES.

790 5531 813 5596 Ξ
843 5520 1169 5596 ιδίωξανκῼ.
1199 5519 1268 5574 Μ.
1295 5519 1485 5574 ἱδίιοκε
1553 5532 1578 5561 ι
1610 5521 1669 5574 (2.
1695 5517 1766 5572 Μ.
1799 5518 2130 5588 συκοφαντία
2153 5523 2249 5574 καὶ
2275 5525 2462 5596 τέχνη.

715 5592 833 5657 πῶς
855 5596 962 5656 τοῖς
993 5593 1223 5646 ἐκεῖθεν.

3762 5506 3988 5568 δαιι.

2551 5524 2577 5564 δ
2611 5524 2674 5580 C.
2703 5522 2773 5578 Μ.
2806 5523 3205 5594 συνεκροτεῖτο.
3290 5530 3311 5559 ε
3347 5517 3410 5576 C.
3434 5515 3505 5574 Μ.
3531 5517 3637 5572 ὅτι.

2236 5745 2470 5802 NOTAE.

791 5871 901 5930 (10)
940 5871 1074 5926 Nam
1106 5886 1202 5942 per
1230 5870 1509 5928 biennium
1553 5882 1772 5926 carcere
1819 5867 2064 5923 inclusus
2118 5865 2286 5921 libere
2327 5865 2629 5920 tenebatur.
