4200 6444
223 379 332 443 585

1175 378 1278 438 AD
1316 374 1906 437 AMPIIILOCIIIUM
1942 368 2285 445 QUIESTIO
2316 369 2490 431 XCIL

3372 367 3482 434 586

224 506 399 561 σημος
421 488 478 541 δὲ
504 485 593 540 διά
619 487 728 540 τῶν
758 484 1036 555 συγγενῶν
1056 489 1345 556 νοημάτων
1380 485 1478 556 τὴν
1509 485 1621 538 τῶν
1648 500 1792 556 πρα-
1814 533 1817 541 ι

1910 482 1984 543 sit,
2017 480 2251 549 mystico
2274 494 2449 543 more,
2479 486 2535 533 et
2556 476 2941 533 sacramenta"
2969 476 3173 534 revelat
3194 477 3480 534 veritatem

234 578 451 646 γμάτων
483 576 646 645 φύσιν
667 576 1055 641 ἀναπτύσσειν,
1086 576 1182 629 καὶ
1209 576 1262 629 εί
1290 592 1393 628 που
1424 574 1584 646 χρεία
1616 573 1795 643 ὶμφά·

224 685 385 731 σεως,
418 666 695 737 μυστικῶς
725 661 785 721 εὖ
818 667 963 736 μάλα
1011 667 1107 719 καὶ
1151 666 1481 727 τελεστικῶς
1520 665 1796 719 ἀνακαλύ-

224 774 383 811 πτειν
426 757 526 828 τὴν
568 758 678 811 τῶν
721 758 1122 829 κεκρυμμένων
1158 755 1437 827 ἀλήθειαν.
1470 755 1659 809 Ταῦτα
1701 756 1799 824 μὲν

225 850 337 920 γάρ
375 850 475 920 τῆς
506 848 771 919 ἐμφύτου,
802 849 899 902 καὶ
937 846 1323 917 κοσμίας,λκα“ι
1365 846 1662 918 βιωφελοῦς
1702 844 1798 899 τοῦ

226 940 388 1009 λόγου
418 940 612 1009 σοφίας
636 957 650 971 ·
676 942 863 993 ἐκεῖνα
891 938 949 992 δὲ
990 940 1091 1009 τῆς
1131 938 1439 1007 τερπούσης
1474 937 1575 1009 τὴν
1608 939 1802 1005 άλογον

226 1029 501 1099 αἴσθησιν,
524 1032 619 1084 καὶ
644 1032 766 1094 ταῖς
796 1032 1178 1100 Μρατροπαῖς
1215 1029 1417 1098 μᾶλλον
1442 1029 1537 1083 καὶ
1570 1027 1646 1099 τῷ
1674 1046 1806 1081 νεω-

238 1122 492 1191 έερίζοντι
514 1122 806 1191 χαιρούσης
827 1121 968 1190 ἥθει,
982 1121 1077 1173 καὶ
1091 1121 1226 1189 πρὶις
1249 1122 1347 1189 μὲν
1359 1113 1629 1187 ὠφέλειαν
1650 1120 1805 1173 οὐδὲν

228 1209 461 1279 δρώσης,
487 1213 566 1272 εις
589 1210 815 1280 κρότους
845 1210 924 1262 δὲ.
952 1212 1046 1262 καὶ
1075 1209 1386 1273 κολακείας,
1414 1211 1506 1262 καὶ
1530 1209 1697 1262 πολὺν
1718 1208 1809 1279 λῆ-

232 1313 347 1367 ρον,
370 1297 746 1368 διαλυομένης.
779 1299 894 1351 Οὔκ
924 1294 991 1369 ἦν
1017 1298 1126 1369 ἂρα
1149 1298 1237 1351 διὰ
1261 1297 1435 1352 ταῦτα
1457 1298 1555 1368 τῆς
1579 1298 1811 1367 μεγαλο-

236 1386 389 1451 νοίας
428 1388 640 1443 Παύλου
655 1390 764 1444 οὐδ’
793 1391 963 1459 ὲγγὶις
992 1388 1409 1461 ἀπομιμεῖσθαι,
1444 1389 1504 1443 δν
1533 1391 1595 1443 σὺ
1624 1389 1724 1459 τῆς
1752 1390 1811 1442 ὲν

233 1477 381 1550 λόγῳ
396 1479 677 1551 δυνάμεως
691 1482 735 1547 (1
749 1481 825 1553 9).
846 1483 934 1535 ἐπ’
958 1481 1129 1552 αὐτῆς
1146 1481 1327 1553 φέρων
1340 1481 1601 1550 κεφαλῆς.
1626 1498 1814 1550 μονον-

230 1570 356 1638 ουχὶ
373 1574 711 1640 προσκυνεῖς,
730 1572 845 1637 τδν,
864 1569 942 1625 Ἥ
963 1572 1007 1625 δ’
1021 1573 1101 1636 ὃς·
1121 1572 1230 1636 τὸν,
1249 1566 1358 1624 Ἷῐν
1373 1571 1418 1625 δ’
1439 1571 1568 1641 ἐγώ.
1589 1572 1687 1634 Ὦς
1706 1571 1810 1625 πιύ

231 1678 319 1725 τις
336 1661 431 1715 καὶ
461 1662 571 1715 τῶν
584 1665 663 1725 είς
679 1663 834 1731 δόξαν
852 1662 1068 1718 οἰκείων
1080 1664 1244 1717 αὐτὸν
1262 1663 1623 1734 άπεσέμνυνε,
1642 1682 1813 1733 προσ-

235 1752 394 1825 θείην
422 1753 469 1807 δ’
491 1753 558 1808 ἂν
584 1754 776 1823 ἔγωγε.
812 1756 907 1809 καὶ
938 1756 1086 1824 μάλα
1120 1754 1367 1820 εἰκότως,
1406 1756 1499 1810 καὶ
1535 1756 1626 1809 τὸν
1652 1756 1815 1809 Ἐπε-

1894 570 2375 627 absconditorum.
2402 567 2532 623 Hac
2550 568 2697 623 enim
2734 569 2949 625 dicendi
2982 570 3293 638 prudentia,
3321 584 3483 624 exor-

1897 670 1991 717 nat
2039 660 2341 715 naturalem
2371 668 2629 716 ornatum
2657 670 2711 715 et
2755 662 2880 717 vita
2908 662 3139 726 utilem;
3176 660 3295 722 illa.
3350 675 3481 713 eum

1896 754 1988 823 qui
2021 753 2253 807 oblectat
2277 752 2656 808 irrationalem
2698 766 2945 816 sensum,
2970 767 3094 821 quae
3123 753 3242 822 ipsa
3288 750 3485 821 potius

1899 845 2283 899 aversiouihus
2324 853 2380 899 et
2416 844 2754 899 novitatibus
2789 843 3068 909 allicitur;
3103 843 3235 897 dum
3271 842 3484 896 nullum

1901 936 2178 989 commodi
2208 943 2518 1004 respectum
2552 934 2736 997 habet,
2766 934 2863 989 sed
2909 934 2963 988 in
2990 933 3315 1004 applausum
3346 932 3486 987 adu-

1901 1029 2157 1083 lationem
2189 1027 2496 1097 etincptias
2526 1040 2708 1080 meras
2734 1024 3048 1080 resolvitur.
3076 1025 3346 1091 Quocirca
3379 1039 3489 1078 non

1902 1120 2083 1175 decuit
2111 1118 2391 1173 Paulinam
2426 1118 2573 1171 illam
2604 1117 2895 1172 sublimem
2957 1117 3322 1187 prudentiam,
3359 1132 3427 1171 ne
3456 1132 3488 1171 a

1905 1212 2211 1281 propinquo
2258 1209 2482 1275 imitari,
2538 1209 2684 1263 illam
2724 1209 2940 1264 dicendi
3002 1209 3315 1264 facultatem
3349 1208 3488 1277 (l9')

1907 1316 2073 1371 quam
2104 1312 2163 1355 tu
2190 1309 2401 1354 tantum
2431 1314 2539 1353 non
2569 1300 2787 1354 adoras.
2828 1298 3049 1369 Nempe,
3093 1300 3318 1368 inquam
3363 1314 3487 1370 ego,

1910 1391 2193 1461 inquiebat
2218 1391 2328 1451 ille,
2355 1399 2415 1444 ut
2446 1390 2647 1445 alicubi
2682 1391 2772 1445 ille
2798 1391 2894 1460 qui
2929 1391 3214 1459 gloriolam
3240 1406 3491 1460 aucupa-

1912 1484 2094 1549 batur,
2145 1483 2389 1553 seipsum
2438 1482 2648 1537 laudat.
2686 1480 2788 1537 Cui
2838 1497 2939 1537 cur
2973 1497 3082 1537 non
3137 1497 3242 1553 ego
3296 1481 3495 1535 merito

1912 1575 2167 1643 adjiciam
2193 1592 2207 1636 ;
2239 1583 2297 1629 et
2323 1574 2495 1640 Quem
2523 1573 2828 1630 desideravi
2855 1589 2976 1644 ego,
3004 1581 3081 1640 ct,
3115 1573 3327 1643 Aguovi
3349 1588 3452 1644 ego
3476 1590 3492 1638 ;

1912 1675 1988 1727 et.
2015 1665 2208 1719 Audivi
2241 1679 2368 1734 ego.
2410 1664 2521 1719 Nec
2550 1680 2650 1735 ego
2684 1665 2835 1720 illum
2857 1666 3003 1730 novi,
3025 1665 3120 1735 qui
3151 1666 3314 1737 longo
3340 1664 3493 1719 lasti-

1913 1758 2005 1813 dio
2031 1757 2327 1821 laboraret,
2357 1758 2410 1811 in
2441 1756 2551 1811 illis
2575 1757 2984 1826 percensendis,
3009 1756 3109 1828 qui
3138 1757 3193 1811 in
3223 1763 3437 1811 tantum
3465 1770 3496 1810 ε

234 1845 425 1899 πύνθει
451 1846 580 1913 ἐγώ·
595 1847 708 1911 καὶ,
723 1848 877 1918 Ἰιιδει
894 1847 1025 1915 ἐγώ·
1046 1846 1164 1911 καὶ,
1189 1847 1444 1918 ’Πκηκύει
1459 1845 1586 1915 ἐγώ·
1603 1848 1696 1901 καὶ
1720 1846 1812 1901 τὸν

1918 1851 2206 1903 verborum
2257 1849 2595 1904 novitatibus
2653 1849 3049 1920 corrumpitur,
3080 1858 3135 1904 et
3187 1848 3495 1912 emollitur.

230 1936 336 1990 οὒκ
388 1931 483 1990 οἷδ’
513 1939 659 1999 ὅπως
690 1938 756 1994 ἄν
788 1955 872 2001 τις
904 1939 1005 1992 οὑκ
1044 1938 1126 2001 είς
1169 1937 1387 2009 μακρὰν
1434 1937 1627 2008 ἀηδίαν
1653 1938 1815 2002 αὐτὸς

232 2028 467 2098 ἐμπέσοι
492 2028 559 2083 τά
578 2029 786 2083 ἐκείνου
811 2029 1026 2097 διεξιών
1049 2047 1063 2060 ·
1092 2030 1152 2092 ὂς
1182 2030 1274 2083 ἐπὶ
1298 2030 1553 2083 τοσοῦτον
1571 2032 1689 2094 ταῖς
1706 2031 1814 2084 τῶν

234 2120 500 2192 ῥημάτων
525 2122 897 2192 καινοτομίαις
923 2121 1386 2193 διαθρυπτόμενος
1408 2121 1715 2192 ἐθηλύνετο,
1739 2122 1815 2187 ὡς

236 2210 375 2279 μηδὲ
395 2212 700 2282 προσώπων
732 2214 916 2277 αὐτοῖς
936 2214 1205 2283 ἐμφάσεις
1232 2212 1310 2266 ἔτι
1338 2212 1620 2282 βούλεσθαι
1650 2231 1816 2267 καταο

231 2303 437 2367 λιπεῖν,
465 2302 547 2365 είς
580 2302 911 2373 παράσημον
953 2303 1011 2356 δὲ
1048 2301 1218 2357 τύπον
1261 2304 1679 2375 ἀπαρεμφάτων
1724 2305 1816 2358 τὸν

232 2393 562 2465 χαρακτῆρα
608 2393 818 2457 τούτοις
867 2394 1311 2465 μεταϐιάζεσθαι.
1354 2396 1460 2449 Ἐῶ
1490 2397 1547 2450 δὲ
1586 2395 1682 2450 νῦν
1724 2397 1817 2451 τὸν

230 2478 306 2534 τά
353 2479 671 2551 λιπάσματα
719 2482 827 2535 τῶν
859 2482 1177 2553 ὀφθαλμῶν,
1212 2484 1357 2539 κατά
1383 2485 1563 2557 ψυχήν
1612 2486 1817 2557 μᾶλλον

232 2572 565 2637 πεπονθότα,
596 2572 630 2643 ἢ
655 2572 1026 2644 φθεγξάμενον
1042 2590 1058 2605 ·
1085 2576 1276 2630 καὶτὰ
1298 2576 1399 2647 τῆς
1430 2580 1628 2649 σαρκὸς
1649 2579 1819 2633 πιστά

234 2664 509 2720 ὲλπίσατα
540 2674 589 2729 ε.
636 2669 732 2720 καὶ
772 2668 1011 2739 εὐσταθῆ
1061 2671 1460 2741 καταστήματα
1490 2671 1817 2745 ἀθλιώτερον

236 2754 540 2826 στέρξαντα
568 2756 602 2827 ή
632 2757 835 2828 ἔκληρή
846 2775 1030 2823 σαντα,
1050 2761 1143 2813 καὶ
1164 2760 1385 2825 πολλαῖς
1417 2762 1695 2828 τοιαύταις
1728 2762 1819 2817 λέ-

237 2864 401 2918 σχαις
421 2848 518 2903 καὶ
542 2852 737 2913 κακαῖς
762 2850 921 2914 άταις
946 2852 1399 2920 ὲνασελγαίνοντα
1419 2870 1433 2885 ο
1460 2847 1535 2907 ῶν
1566 2853 1676 2907 οὐδ’
1704 2855 1819 2909 ἑτέ·

237 2956 337 3009 pou
372 2939 618 3009 μιμητὴν
645 2940 727 3003 είς
752 2939 960 3006 λόγους,
989 2941 1098 2994 οὐδ’
1122 2942 1177 2995 εἰ
1203 2959 1288 3005 τις
1347 2942 1584 3005 τοιοῦτος
1610 2944 1817 3014 ἕτερος,

232 3028 332 3083 σὺν
370 3028 673 3099 θαυμάσιον
717 3030 949 3093 Παῦλον,
978 3031 1099 3085 οὐδὲ
1124 3032 1320 3086 πολλοῦ
1352 3033 1453 3096 δεῖ,
1487 3032 1681 3105 ῶσπερ
1709 3034 1817 3087 οὐδ’

234 3123 321 3183 εἰς
354 3120 615 3191 πράξεις·
647 3120 754 3173 οὐδ’
777 3122 858 3185 είς
885 3122 1071 3188 σέϐας,
1095 3123 1246 3195 θείην
1274 3125 1343 3178 ἂν
1372 3126 1569 3193 ἔγωγε.
1599 3125 1674 3179 Ού
1711 3125 1817 3196 μὴν

232 3211 359 3265 ἀλλ’
388 3210 499 3266 ούδ*
522 3212 829 3283 ήΓόργειος
856 3214 1064 3279 παιδιά,
1092 3217 1186 3270 καὶ
1214 3216 1411 3289 μικροῦ
1440 3217 1816 3289 παρισουμίνη

232 3307 356 3367 τοῖς
388 3304 482 3358 ἐπὶ
513 3306 719 3377 σκηνῆς
755 3306 863 3359 τῶν
900 3309 1175 3380 χορευτῶν
1222 3312 1559 3382 σκιρτήμασι
1599 3315 1695 3367 καὶ
1726 3312 1818 3367 λυ-

232 3394 505 3465 γίσμασιν
550 3395 934 3462 ἀπαγγέλλειν,
980 3394 1107 3461 ἀξία
1143 3396 1205 3449 τδ
1239 3396 1374 3465 βαθὺ
1403 3399 1499 3451 καὶ
1534 3398 1762 3468 βεϐηκὸς
1793 3398 1813 3438 ί

231 3482 351 3535 τῶν
384 3480 602 3553 ὑψηλῶν
625 3482 837 3536 Παύλου
867 3485 1174 3553 νοημάτων.
1206 3482 1347 3535 Ἀλλ’
1370 3484 1593 3536 ἐκείνων
1620 3501 1683 3552 γε
1710 3484 1818 3536 τῶν

231 3573 418 3642 λόγων
452 3572 553 3643 τὴν
581 3572 827 3642 γλῶτταν
855 3568 969 3643 εἶχε
1001 3572 1224 3637 κανόνα,
1251 3572 1300 3625 οἳ
1318 3574 1650 3643 τηλικούτων
1674 3591 1819 3645 πρα-

230 3662 473 3731 γμάτων
497 3662 591 3716 τὸν
622 3662 747 3716 νοῦν
781 3663 1036 3733 ἐκφέρειν
1068 3662 1322 3716 ἐδύναντο
1351 3663 1471 3716 κατ’
1497 3663 1675 3727 ἀξίαν,
1712 3682 1817 3735 μη-

228 3754 329 3807 δὲν
394 3755 533 3826 μήτε
589 3752 866 3816 δολοῦντες
903 3754 1041 3824 μήτε
1071 3751 1464 3823 ἐξυϐρίζοντες.
1508 3773 1527 3806 ι
1556 3756 1620 3806 Ὢ
1658 3753 1819 3824 βάθος

230 3843 476 3899 πλούτου
506 3844 601 3898 καὶ
624 3843 817 3913 σοφίας
843 3846 937 3898 καὶ
960 3846 1212 3913 γνώσεως
1234 3844 1399 3900 Θεοῦι
1435 3845 1510 3909 ὡς
1543 3844 1821 3915 ἀνεξερεύ-

228 3952 383 4006 νητα
426 3936 498 3989 τά
528 3934 775 4007 κρίματα
804 3934 990 4004 αὑτοῦ,
1030 3937 1124 3990 καὶ
1160 3935 1553 4007 ἀνεξιχνίαστοι
1599 3937 1657 3989 αί
1707 3937 1822 3992 ὁδοὶ¹

227 4026 443 4082 αὑτοῦί
474 4028 594 4095 καὶ,
630 4047 648 4079 ι
668 4027 766 4091 Τίς
792 4027 933 4094 ἔγνω
960 4026 1086 4082 νοῦν
1111 4028 1339 4099 Κυρίου,
1363 4028 1396 4099 ἢ
1417 4028 1501 4091 τίς
1519 4027 1823 4100 σύμϐουλος

226 4119 409 4174 αὐτοῦ
453 4120 703 4189 ιγένετος
739 4138 758 4171 ι
816 4119 873 4189 ἢ,
938 4139 958 4173 ε
995 4120 1093 4183 Τίς
1148 4120 1463 4191 προέδωκεν
1517 4122 1665 4192 αύτῷ
1725 4124 1822 4176 καὶ

224 4212 741 4283 ἀνταποδοθήσεται
798 4212 983 4284 αὑτῷς
1014 4213 1248 4284 Χριστὸς
1293 4213 1442 4283 ἡμᾶς
1488 4212 1823 4285 ἐξηγόρασεν

224 4307 308 4358 ἐκ
356 4303 458 4373 τῆς
502 4305 748 4374 κατάρας
781 4302 877 4357 τοῦ
910 4305 1099 4374 νόμου,
1152 4306 1437 4375 γενόμενος
1480 4304 1622 4375 ὑπὲρ
1664 4307 1824 4377 ήμῶν

224 4394 481 4464 κατάρα.
517 4412 536 4444 ι
580 4396 703 4448 Ἐπὶ
741 4395 917 4467 ταύτῃ
947 4397 1013 4465 τῇ
1048 4395 1211 4467 σοφίᾳ
1230 4395 1322 4448 τὸν
1353 4395 1673 4449 διδάσκαλον
1712 4396 1823 4466 ἐγὼ

1923 1947 1981 1990 ιιι
2009 1951 2108 1989 nec
2146 1935 2330 1989 vultus
2363 1937 2898 2005 representationem
2946 1937 3187 2009 aliquam
3239 1938 3370 1993 velit
3405 1952 3497 1993 re-

1916 2042 2137 2081 manere
2160 2044 2175 2092 ;
2202 2027 2295 2083 sed
2326 2027 2379 2082 in
2405 2027 2633 2097 ﬁguram
2667 2028 2825 2084 nobis
2845 2028 3217 2099 coniunctam,
3248 2030 3369 2086 sine
3388 2029 3497 2084 ulla

1916 2117 2319 2186 signiﬁcatione
2409 2119 2785 2172 characterem
2866 2132 3056 2172 eorum
3117 2118 3496 2188 compingere.

1916 2205 2069 2260 Mitto
2100 2208 2153 2261 in
2184 2206 2439 2277 praesenti
2470 2206 2829 2263 oblinimenta
2872 2209 3180 2272 oculorum,
3218 2223 3341 2278 quae
3375 2210 3495 2263 ani—

1917 2313 2067 2352 mum
2109 2297 2287 2368 potius
2320 2296 2583 2365 alliciunt,
2607 2312 2771 2366 quam
2804 2298 3100 2367 loquuntur
3127 2315 3141 2353 :
3166 2298 3349 2353 carnis
3373 2312 3467 2367 spe

1918 2399 2088 2442 ratam
2120 2388 2572 2443 constitutionem
2602 2388 2670 2442 ad
2711 2394 2980 2453 amantes,
3012 2386 3097 2443 vel
3128 2387 3181 2441 in
3211 2402 3275 2442 ea
3311 2389 3497 2457 potius

1916 2476 2235 2541 delirantes,
2277 2493 2342 2534 ac
2369 2477 2558 2533 multis
2605 2478 2915 2533 istiusmodi
2968 2478 3201 2549 negotiis
3233 2478 3416 2549 impiis
3441 2489 3497 2534 et

1917 2565 2241 2622 damnandis
2265 2568 2633 2632 lascivientes,
2667 2582 2902 2637 quorum
2935 2568 2990 2622 in
3031 2567 3264 2624 dicendo
3309 2567 3495 2622 imita-

1920 2661 2120 2714 tionem
2158 2659 2461 2715 mirabilcm
2492 2658 2644 2713 illum
2699 2658 2952 2725 Paulum,
3014 2659 3215 2715 nedum
3265 2673 3495 2714 venera-

1920 2760 2093 2807 toreiu
2148 2751 2403 2816 dixerim,
2457 2761 2513 2807 et
2557 2751 2754 2822 agendi
2807 2745 3155 2823 participem.
3190 2750 3336 2817 Quin
3394 2766 3495 2807 nec

1919 2841 2133 2913 Gorgia:
2164 2843 2373 2898 ludicra
2389 2844 2587 2908 oratio,
2612 2841 2725 2899 fere
2747 2858 2871 2898 cum
2893 2845 3108 2901 scenica
3132 2844 3492 2915 adaequanda,

1920 2946 2137 3005 propter
2163 2935 2477 2991 saltationes
2508 2934 2564 2989 in
2594 2936 2781 2991 choris
2812 2935 3126 2991 saliemium
3152 2954 3167 3004 ;
3211 2946 3265 2992 et
3298 2936 3494 2993 molles

1920 3025 2257 3088 iuncxioucs.
2288 3038 2530 3081 uteretur
2566 3040 2690 3082 eum
2714 3027 2977 3097 gravitate
3007 3036 3064 3081 et
3094 3026 3311 3083 incessu
3350 3026 3493 3080 Pau-

1920 3114 2018 3170 lini
2050 3130 2247 3170 sensus
2280 3115 2557 3185 componi,
2595 3115 2691 3171 sed
2735 3116 2975 3186 linguam
3010 3116 3100 3171 ille
3132 3132 3291 3171 suam
3327 3130 3491 3187 regu-

1843 3198 2027 3262 Clam
2064 3206 2297 3261 habebat
2339 3205 2498 3275 quasi
2543 3221 2857 3263 sermonum
2901 3207 3121 3262 illorum
3153 3208 3248 3277 qui
3301 3205 3497 3263 eﬂ'erre

1919 3305 2169 3368 poterant
2204 3312 2302 3368 pro
2338 3297 2605 3367 dignitate
2644 3306 2918 3353 tantarum
2967 3314 3154 3353 rerum
3183 3313 3405 3354 sensum
3438 3305 3495 3353 ct

1919 3390 2266 3455 sententiam,
2299 3389 2418 3444 sine
2457 3391 2567 3444 ulla
2616 3390 2700 3444 sui
2731 3390 3080 3447 contumelia.
3135 3411 3154 3443 ι
3180 3389 3225 3445 Ο
3264 3390 3497 3446 altitudo

1919 3480 2233 3535 divitiarum
2262 3480 2546 3550 sapientiae
2588 3490 2645 3536 ct
2675 3482 3005 3551 cognitionis
3056 3480 3255 3536 divina:
3282 3482 3296 3535 l
3327 3497 3494 3551 quam

1923 3572 2295 3628 iuscrutahilia
2314 3572 2522 3642 judicia
2560 3574 2704 3642 ejus,
2736 3584 2789 3627 et
2834 3572 3364 3643 impcrvestigabiles
3391 3574 3494 3627 vim

1920 3662 2082 3730 ejus!
2124 3681 2142 3713 ι
2181 3660 2266 3727 Et,
2310 3679 2328 3712 ι
2363 3660 2497 3727 Quis
2527 3662 2681 3715 novit
2706 3673 2940 3716 mentem
2968 3660 3222 3714 Domini?
3253 3660 3338 3715 vel
3372 3660 3498 3730 quis

1924 3754 1998 3807 illi
2039 3752 2143 3807 fuit
2167 3768 2195 3805 a
2229 3753 2537 3808 consiliis"
2562 3752 2621 3807 ί»
2660 3752 2746 3819 Ει,
2775 3771 2795 3804 ι
2834 3754 2967 3820 Quis
3009 3754 3163 3823 prius
3211 3753 3360 3807 dedit
3395 3752 3497 3822 ipsi

1922 3854 1981 3899 nt
2032 3845 2365 3898 retribuatur
2402 3845 2496 3900 ei?
2539 3843 2794 3901 Christus
2840 3860 2942 3901 nos
2980 3844 3209 3900 redemit
3251 3859 3283 3899 a
3325 3843 3497 3898 male-

1921 3936 2161 3991 dictione
2191 3936 2345 4006 legis,
2383 3936 2566 3992 luctus
2593 3938 2707 4007 ipse
2739 3953 2838 4008 pro
2870 3936 3027 3992 nobis
3064 3936 3379 3992 maledictio
3408 3936 3452 3968 “
3474 3954 3493 3988 ι

1922 4028 2005 4085 Ob
2034 4032 2173 4083 hanc
2208 4027 2381 4097 ipsius
2408 4029 2750 4099 sapientiam,
2779 4029 2966 4084 mundi
3004 4030 3286 4085 doctorem
3315 4029 3497 4084 admi-

1925 4136 2013 4176 ror
2038 4134 2159 4191 ego,
2196 4136 2373 4192 neque
2401 4129 2486 4175 est
2509 4136 2632 4177 cum
2654 4121 2883 4176 audacia
2915 4121 3207 4191 conjuncta
3242 4121 3356 4177 haec
3387 4120 3494 4177 all-

1923 4214 2142 4269 miratio
2173 4227 2292 4267 mea
2321 4232 2335 4267 :
2368 4212 2461 4282 qui
2498 4228 2624 4268 cum
2653 4213 2796 4268 istud
2849 4214 3237 4283 pronuntiabat
3292 4213 3497 4268 intellio

1924 4304 2074 4377 gibili
2130 4312 2186 4358 et
2217 4304 2489 4359 constanti
2546 4319 2824 4366 sermone.
2876 4304 3285 4373 intelligendum
3343 4304 3501 4360 exhi-

1926 4398 2080 4465 bens,
2134 4412 2269 4468 quo,
2313 4397 2365 4453 id
2396 4397 2544 4468 quod
2614 4398 2874 4454 omnibus
2921 4398 3198 4462 conducit,
3245 4399 3497 4453 docetur.

219 4485 345 4555 τῆς
375 4485 697 4555 οἰκουμένης
735 4484 956 4551 θειράζω⁹
991 4486 1088 4539 καὶ
1134 4484 1373 4550 θειάζειν
1427 4486 1494 4540 ἂν
1537 4488 1704 4553 ἀξίως
1746 4491 1817 4560 μή

1928 4493 2068 4559 Quid
2098 4493 2347 4548 dicturus
2372 4500 2457 4549 est
2504 4491 2760 4547 dictionis
2793 4491 3082 4562 puritatem
3119 4490 3364 4555 intuens,
3397 4507 3497 4546 nec

215 4576 517 4646 τολμηρὸν
547 4574 836 4645 εὐξαίμην,
861 4576 929 4630 δι’
959 4570 1030 4648 ἧς
1057 4576 1283 4631 τοιαῦτα
1311 4576 1631 4646 ἐφθέγγετο,
1665 4579 1817 4648 εὐσή-

1928 4584 2074 4639 illam
2106 4600 2228 4655 qua:
2252 4593 2463 4654 spectat
2490 4582 2869 4640 rectitudinem
2903 4584 3073 4648 vocis,
3108 4594 3161 4639 et
3185 4599 3495 4655 congruen-

222 4685 335 4738 μῳ
365 4666 464 4735 μὲν
496 4667 591 4719 καὶ
618 4666 855 4737 σταθερᾷ
883 4667 1027 4734 λέξει
1056 4667 1117 4722 τὸ
1150 4668 1330 4741 νόημα
1366 4670 1666 4742 παριστῶν,
1709 4689 1828 4726 κοι-

216 4757 336 4811 νὸν
382 4755 441 4809 δι
478 4757 613 4810 πᾶσι
651 4756 714 4810 τὺ
760 4757 954 4827 ὄφελος
1000 4758 1297 4831 προτιθείς.
1349 4760 1416 4812 τί
1452 4761 1497 4814 δ’
1532 4761 1599 4815 ἂν
1650 4762 1826 4829 εἴποις

214 4849 596 4921 ινθεωρήσας
627 4848 791 4904 αὐτοῦ
825 4851 887 4903 τὸ
925 4849 1168 4921 καθαρὸν
1194 4850 1304 4905 τῶν
1331 4854 1613 4923 ῥημάτων,
1641 4854 1703 4909 ού
1728 4854 1828 4925 μό-

211 4942 334 4997 νὸν
376 4940 499 4993 ὅσον
533 4941 615 5003 είς
643 4940 911 5013 ὀρθότητα
949 4942 1134 5013 φωνῆς
1173 4942 1268 4996 καὶ
1312 4945 1651 5015 συμμετρίαν
1692 4947 1818 5016 ἥκει

207 5030 514 5102 περιόδων
542 5032 875 5102 ιναρμονίως
897 5033 1344 5105 συστελλόμενον,
1378 5036 1514 5089 ἀλλὰ
1547 5038 1641 5091 καὶ
1687 5040 1741 5093 ετ
1766 5057 1820 5094 τι

210 5123 387 5195 πρὸς
429 5122 531 5195 τήν
576 5123 687 5179 τῶν
722 5126 1064 5196 πραγμάτων
1113 5126 1395 5197 ἀφήγησιν
1436 5126 1819 5195 άπευθύνεται,

210 5213 417 5290 μηδὲν
442 5211 552 5268 τῶν
575 5216 889 5284 ἀναγκαίων
922 5214 1120 5281 ἔξωθεν
1150 5217 1563 5291 ἑπισυρόμενον,
1584 5222 1670 5289 ἐφ’
1697 5222 1823 5275 δσον

205 5324 295 5366 τι
348 5305 413 5360 τὺ
448 5308 826 5379 τετραμμένον
866 5307 976 5361 τῶν
1032 5307 1349 5379 ὀνομάτων.
1394 5310 1489 5364 καὶ
1541 5311 1668 5365 ὅσον
1726 5313 1822 5367 ἐπὶ

317 5422 369 5455 ⁸⁷
405 5420 570 5480 Rom.
606 5438 687 5492 xu,
717 5423 808 5479 35.
885 5423 931 5457 ⁸⁸
960 5422 1139 5480 Galat.
1174 5440 1258 5491 tu,
1304 5425 1391 5482 l3.

1924 4683 2009 4729 ter
2045 4674 2319 4729 consentit
2366 4689 2492 4729 cum
2541 4674 2749 4744 periodi
2799 4674 3106 4739 harmonia,
3142 4674 3235 4729 sed
3270 4674 3498 4729 ulterius

1924 4767 1990 4822 ad
2022 4782 2201 4822 rerum
2247 4767 2619 4838 c0gnitionem
2652 4765 2909 4835 dirigitur
2939 4763 3343 4835 explicandam,
3397 4779 3499 4820 nec

1922 4859 2223 4931 quidquam
2257 4858 2627 4915 necessarium
2667 4856 2735 4913 de
2767 4856 2904 4913 loris
2937 4856 3187 4912 accersit.
3215 4856 3323 4912 Sed
3351 4857 3498 4927 quod

1923 4965 2118 5007 vocum
2155 4950 2519 5007 inversionem
2552 4957 2785 5020 spectat,
2837 4956 2892 5003 ct
2916 4947 3116 5002 durum
3144 4947 3277 5018 quid
3303 4961 3415 5017 pra
3436 4961 3498 5002 so

1924 5039 2031 5097 fert
2062 5040 2383 5097 distinctum
2412 5041 2548 5096 scite
2572 5040 2782 5111 ablegat
2811 5056 2826 5095 :
2866 5037 3090 5095 sublimi
3141 5039 3327 5109 generi
3368 5051 3495 5108 per-

1924 5134 2295 5205 spicuitatem,
2335 5132 2381 5187 si
2422 5131 2547 5203 quis
2579 5131 2744 5197 alius,
2767 5145 2952 5187 revera
2976 5129 3097 5200 plus
3130 5144 3295 5199 quam
3330 5130 3495 5193 alius.

1926 5222 2131 5293 ubique
2170 5220 2570 5277 inter-miscens.
2611 5218 2721 5275 Nec
2769 5220 2855 5274 hic
2910 5234 3308 5285 commemoro,
3344 5219 3496 5290 quod

1928 5313 2308 5370 coneiliatorio
2352 5321 2407 5368 et
2431 5310 2723 5369 dictatorio
2754 5311 2963 5367 dicendi
3000 5325 3199 5382 genere
3229 5318 3493 5370 variatur.

1550 5515 1787 5574 γΑιιιΑε
1826 5516 2234 5576 ιεοτιοιιεδ.

357 5612 384 5644 ⁸
403 5601 540 5661 C.|l.
563 5604 896 5677 δλπίσματα.

1010 5606 1029 5645 ί
1062 5606 1147 5662 to.
1187 5606 1371 5681 [male]
1406 5607 1755 5679 ἑπιϐεϐηκός.
1783 5608 1845 5667 C.

1902 5609 1975 5665 Μ.
2017 5610 2268 5684 βεϐηκός.

1775 5698 2002 5756 NOTAE.

360 5788 499 5861 (19⁸)
523 5788 803 5851 Platonem
837 5794 1109 5869 intelligit.
