4200 6444
1209 368 1308 428 AD
1338 368 1930 436 AMPHILOCHIUM
1970 371 2317 445 QUIESTIO
2348 372 2531 433 XCII.

3380 372 3490 439 590

243 476 469 533 λεύσατε
488 494 502 509 ο
533 497 551 530 ι
593 478 689 534 καὶ
713 477 883 551 μυρία
913 479 1069 535 ἀλλα.
1102 474 1231 549 'Ap’
1263 474 1357 536 οὖν
1377 481 1518 536 ἐνδεῖ
1544 499 1688 546 τινος
1710 482 1818 537 τῶν

1926 488 2092 537 totam
2132 498 2290 537 suam
2316 482 2483 539 vitam
2531 482 2585 537 in
2624 482 2745 538 istis
2779 482 3162 553 impenderunt
3191 503 3206 539 :
3241 486 3357 556 qui,
3397 504 3497 545 nec

246 574 375 643 περὶ
398 571 574 625 ταῦτα
603 572 695 625 τὸν
719 572 832 642 βίον
856 573 978 628 ὅλον
1007 573 1481 645 κατατριψάντων,
1507 575 1535 628 ό
1559 575 1698 646 μηδὲ
1724 575 1822 639 μέ-

244 678 338 733 χρι
386 661 496 715 τῶν
550 663 851 733 ὀνομάτων,
904 659 1077 734 οῐμαι,
1136 667 1236 736 τῆς
1279 665 1595 733 ἐπιμελείας
1642 667 1823 721 αὐτῶν

243 754 640 822 ἀνασχόμενος,
694 754 813 808 ἀλλ’
862 754 1209 825 αὐτοσχέδιον
1256 754 1397 826 ἔχων
1436 756 1536 828 τὴν
1576 756 1822 824 γλῶτταν

247 844 489 912 ῥήτορας
524 842 668 897 Ἀλλ’
696 844 806 915 ἀρα
833 846 894 898 τὸ
924 845 1022 915 μιν
1050 842 1180 917 ἦθος
1239 845 1390 916 αὐτῷ
1418 848 1513 901 καὶ
1555 848 1617 901 τὸ
1656 848 1824 917 σαφὲς

244 933 333 986 διὰ
368 933 461 987 τοῦ
489 935 755 1004 μεγέθους
779 935 923 990 οὕτω
956 936 1244 1008 διαπρέπει
1278 937 1694 1009 κεραννύμενον,
1726 938 1823 993 τοῦ

245 1024 443 1092 τάχους
475 1024 522 1078 δ’
551 1024 707 1079 ἐνδεῖ.
741 1028 852 1081 Καὶ
880 1027 966 1090 τίς
1001 1027 1145 1081 οὕτω
1176 1028 1383 1096 πέφυκε
1408 1028 1699 1099 συγκράτῳ
1728 1046 1822 1084 κε-

247 1114 485 1183 χρὲσθαι
511 1116 805 1187 γοργότητι
827 1134 843 1180 ;
878 1136 896 1169 ι
925 1118 1056 1183 Θεὸς
1083 1120 1112 1172 ό
1139 1119 1385 1182 δικαιῶν,
1403 1109 1485 1184 τίς
1513 1122 1541 1173 ό
1566 1121 1826 1192 κατακρίο

248 1223 394 1267 νων;
428 1206 663 1276 Χριστὸς
692 1208 721 1259 ό
743 1206 1054 1272 ἀποθανὼν,
1085 1208 1283 1278 μᾶλλον
1304 1209 1362 1263 δὲ
1391 1210 1483 1264 καὶ
1514 1210 1815 1281 ἐγερθεὶς.ι

248 1317 359 1349 ο-ι
391 1300 575 1353 Πάντα
620 1318 711 1368 μοι
754 1300 984 1365 εξεστιν,
1028 1301 1142 1354 ἀλλ’
1184 1300 1245 1354 06
1287 1302 1467 1356 πάντα
1516 1303 1821 1371 συμφέρει·

251 1390 431 1443 πάντα
474 1408 565 1458 μοι
615 1391 844 1457 ἔξεστιν,
894 1391 1007 1444 ἀλλ’
1048 1392 1109 1444 ού
1159 1392 1339 1446 πάντα
1379 1392 1667 1462 οἰκοδομεῖ.
1708 1414 1726 1446 ι
1760 1424 1830 1438 —-

258 1500 278 1533 ‹
315 1482 380 1534 Τί
417 1477 510 1535 οὖν
535 1482 597 1535 τδ
631 1484 888 1554 περισσὸν
919 1484 1013 1537 τοῦ
1050 1483 1327 1548 Ἰουδαίου,
1355 1484 1388 1554 ἦ
1417 1485 1501 1548 τίς
1534 1487 1567 1555 ἡ
1595 1487 1830 1555 ὠφέλεια

251 1574 354 1641 τῆς
397 1574 744 1645 περιτομῆςς
793 1576 929 1629 πολὺ
960 1577 1102 1630 κατά
1135 1577 1313 1631 πάντα
1353 1577 1574 1647 τρόπον.
1608 1577 1831 1647 Πρῶτον

257 1667 358 1736 μὲν
380 1665 487 1736 γὰρ
513 1667 595 1719 ὅτι
624 1666 1023 1737 ἐπιστεύθησαν
1051 1668 1119 1722 τά
1151 1668 1306 1736 λόγια
1323 1667 1417 1721 τοῦ
1442 1668 1595 1723 Θεοῦ.
1630 1670 1697 1721 Τί
1724 1669 1831 1739 γὰρ

254 1758 304 1808 εἰ
332 1757 679 1827 ἠπίστησανς
724 1760 797 1829 μὴ
843 1762 876 1829 ἡ
906 1759 1132 1813 ἀπιστία
1162 1760 1343 1814 αὐτῶν
1370 1760 1469 1829 τὴν
1507 1761 1691 1814 πίστιν
1730 1760 1829 1816 τοῦ

253 1846 392 1899 Θεοῦ
422 1849 792 1919 καταργήσεις
823 1849 915 1921 Μὴ
953 1850 1183 1918 γένοιτο.
1223 1869 1243 1903 ι
1292 1852 1423 1917 Καὶ,
1467 1850 1535 1905 Τί
1566 1846 1659 1906 ,ὗν
1690 1869 1826 1923 1:90-

254 1938 493 2007 εχόμεθα
517 1956 533 2005 ;
555 1939 617 1992 οὐ
643 1939 857 2004 πάντως
871 1941 964 1993 καὶ
989 1940 1152 1995 πάλιν
1171 1957 1184 1971 ·
1208 1958 1227 1992 ε
1247 1941 1665 2013 Λοιδορούμενοι
1685 1943 1829 1996 εὐλο-

252 2027 497 2098 γοῦμενο
558 2028 876 2098 διωκόμενοι
935 2030 1277 2102 ἀνεχόμεθα⁹
1348 2032 1829 2105 βλασφημούμενοι

254 2120 702 2191 παρακαλοῦμεν.
735 2122 799 2175 Τί
830 2123 856 2162 ιι
882 2122 947 2177 ἀν
975 2140 1059 2187 τις
1090 2123 1300 2193 πελάγη
1326 2123 1601 2195 θαλάσσης
1636 2124 1832 2179 σταλα-

253 2213 417 2282 γμοῖς
464 2216 680 2284 μετρεῖν
714 2213 1057 2284 ἐπιχειροίης
1093 2216 1207 2269 ῖσον
1240 2215 1349 2285 γὰρ
1379 2216 1564 2270 ἐκεῖνά
1593 2233 1653 2269 τε
1706 2233 1831 2271 στα-

254 2302 485 2373 λαγμῶν
525 2304 803 2373 λογισμοῖς
854 2305 1199 2370 ύποόἀλλειν,
1240 2306 1333 2360 καὶ
1367 2306 1466 2379 τὴν
1493 2308 1707 2361 Παύλου
1744 2326 1831 2363 σο-

254 2395 389 2461 φίαν
436 2393 726 2463 πειρᾶσθαι
774 2395 918 2467 λόγῳ
963 2395 1251 2462 διεξελθεῖν
1273 2413 1287 2427 ο
1318 2397 1439 2452 οὐδὲ
1471 2399 1580 2469 γὰρ
1618 2398 1743 2454 οὐδὲ
1771 2398 1832 2454 τδ

254 2485 617 2550 καλλωπίζον,
656 2488 896 2555 καίτοιγε
930 2487 1197 2557 περιορῶν
1230 2488 1362 2541 αύτὸ
1393 2490 1471 2553 είς
1502 2490 1655 2555 τέλος
1691 2508 1827 2562 παρ⁴

253 2575 513 2645 ἔδραμεν,
565 2575 701 2628 ἀλλὰ
748 2576 844 2643 τῆς
886 2576 1180 2645 ἐπιϐουλῆς
1224 2577 1323 2646 μὲν
1356 2575 1670 2647 γυμνώσας,
1703 2579 1760 2631 εν

254 2668 321 2719 ἄν
350 2684 433 2729 τις
473 2668 565 2719 καὶ
593 2666 1019 2730 ἐκαλλωπίσατο,
1047 2666 1125 2738 τῷ
1157 2668 1382 2739 ὲμφύτῳ
1409 2669 1465 2722 δὲ
1497 2668 1829 2739 περιῆαλὼν,

251 2756 392 2823 ὅπερ
439 2756 503 2809 ἀν
530 2773 615 2820 τις
667 2756 817 2826 μόλις
864 2755 1152 2820 ἐλπίσειεν,
1200 2755 1345 2810 οὕτω
1407 2758 1500 2810 καὶ
1558 2758 1833 2828 θαυμάσαι

256 2845 621 2914 προήνεγκεν,
655 2846 730 2908 ὡς
764 2845 897 2899 αὐτὸ
926 2845 1085 2898 τοῦτο
1127 2846 1327 2899 κανόνα
1361 2848 1454 2900 καὶ
1486 2847 1657 2901 τύπον
1703 2849 1834 2902 κάλ-

251 2935 383 2998 λους
410 2935 664 3005 ἀληθινοῦ
698 2938 809 2999 τοῖς
842 2937 1105 3006 συνορῶσι
1144 2938 1487 3007 προκεῖσθαι,
1522 2937 1701 3009 πολλῷ
1739 2938 1831 2993 τοῦ

253 3028 653 3096 σεσοφισμένου
713 3028 807 3080 καὶ
850 3028 968 3080 κατ’
1002 3027 1348 3098 ἐπιτήδευσιν
1393 3029 1473 3090 είς
1522 3028 1833 3101 ὡραιότητα

1922 570 2205 625 nominum
2239 583 2417 635 tenus,
2449 572 2592 640 quod
2618 587 2721 642 ego
2746 587 2892 638 reor,
2927 574 3132 644 aliquid
3169 574 3222 629 in
3251 576 3319 630 iis
3349 592 3496 631 curae

1923 663 2129 727 posuit,
2160 664 2253 718 sed
2287 679 2411 718 cum
2452 665 2743 719 volubilem
2789 682 2820 722 e
2870 682 2927 723 re
2959 675 3087 723 nata
3116 669 3359 738 linguam
3398 672 3495 723 ha-

1923 754 2096 818 beret,
2152 755 2503 819 rhetoricam,
2546 757 2804 822 ethicam,
2858 766 2913 814 ct
2967 761 3314 830 perspicuam
3367 778 3492 832 spe-

1923 846 2060 900 ciem
2092 847 2165 900 ita
2190 862 2315 901 cum
2350 848 2825 917 grandiloquentia
2856 853 3098 907 exercuit
3122 852 3493 921 coniunctam.

1924 936 1992 990 At
2039 937 2322 992 celeritate
2350 940 2701 1006 destituitur;
2750 941 2861 996 imo
2887 944 3014 1012 quis
3063 959 3187 998 cum
3216 945 3312 999 illo
3345 960 3499 1001 com-

1924 1028 2197 1094 parandus
2228 1026 2281 1080 in
2319 1028 2595 1080 miscenda
2636 1029 2981 1097 granditate:
3019 1048 3038 1082 ι
3074 1029 3219 1085 Deus
3264 1041 3351 1086 est
3388 1032 3483 1101 qui

1920 1117 2207 1186 justiticat,
2265 1120 2391 1187 quis
2437 1119 2526 1174 ille
2556 1120 2649 1189 qui
2700 1121 3068 1176 condemnat?
3102 1123 3355 1179 Christus
3399 1125 3495 1192 qui

1927 1218 2176 1264 mortuus
2199 1218 2303 1273 est,
2337 1211 2517 1277 potius
2550 1211 2897 1280 quisurrexit
2920 1212 3325 1267 “.0—«0mnia
3356 1214 3486 1266 mihi

1926 1298 2108 1363 licent,
2135 1300 2227 1353 scil
2256 1314 2361 1354 non
2383 1302 2692 1355 conducunt
2720 1302 2921 1355 omnia.
2942 1300 3136 1357 Omnia
3160 1303 3289 1357 mihi
3311 1304 3498 1365 licent,

1929 1394 1984 1439 at
2010 1402 2117 1439 non
2160 1389 2345 1441 ominis
2383 1388 2655 1442 aediﬁcant
2676 1388 3020 1455 ".i—«Quze
3048 1400 3131 1444 est
3163 1406 3292 1458 ergo
3324 1389 3496 1446 Judaei

1929 1477 2323 1544 superioritas‘l
2383 1487 2475 1532 aut
2533 1495 2654 1548 qua:
2721 1481 2925 1536 utilitas
3001 1482 3491 1539 circumcisionis?

1932 1566 2119 1628 Multa,
2173 1584 2267 1637 per
2304 1584 2521 1624 onmem
2566 1570 2808 1626 modum.
2838 1571 2897 1625 lu
2931 1571 3145 1640 primis.
3179 1574 3323 1641 quod
3366 1589 3501 1627 con-

1929 1660 2293 1714 credebantur
2335 1662 2470 1731 ipsis
2511 1663 2735 1717 oracula
2777 1661 2892 1717 Dei.
2926 1662 3062 1730 Quid
3110 1674 3288 1718 autem
3323 1663 3367 1718 si
3416 1664 3502 1717 in-

1931 1751 2140 1806 creduli
2174 1750 2398 1815 fuerint,
2427 1768 2557 1806 num
2588 1768 2779 1807 eorum
2809 1754 3160 1810 incredulitas
3196 1754 3289 1809 Dei
3325 1754 3501 1810 ildeli-

1930 1847 2092 1893 tatem
2148 1840 2473 1895 evacuabit?
2506 1842 2661 1895 Absit
2691 1844 2787 1895 ⁸⁸.»
2826 1874 2897 1885 -
2922 1863 2940 1896 ε
2977 1843 3271 1900 Conviciati
3312 1855 3497 1901 autem

1929 1929 2338 1996 benedicimus;
2378 1934 2672 2000 persecuti,
2704 1935 3076 1999 sustinemus;
3111 1936 3496 2005 blasphemati,

1929 2021 2293 2077 admonemus
2322 2024 2385 2080 ".
2421 2044 2439 2075 ι
2480 2024 2616 2090 Quid
2647 2035 2828 2079 autent
2875 2042 3024 2080 mare
3050 2042 3299 2097 magnum
3331 2028 3499 2094 guttis

1932 2113 2113 2167 metiri
2168 2115 2301 2168 velit
2347 2115 2514 2185 quis:
2548 2116 2689 2169 idem
2739 2126 2825 2171 est
2875 2118 3021 2171 enim
3076 2134 3224 2173 mare
3272 2119 3497 2187 guttulis

1932 2202 2240 2268 subjicere,
2295 2214 2352 2258 et
2397 2206 2534 2258 velle
2587 2205 2763 2260 verbis
2817 2206 3121 2273 exprimere
3175 2207 3496 2276 sapientiam

1932 2292 2109 2357 Pauli,
2148 2296 2239 2363 qui
2281 2312 2399 2360 nec,
2440 2308 2687 2351 ornatum
2722 2298 2846 2352 licet
2881 2298 3094 2366 penitus
3142 2312 3248 2351 neu
3280 2298 3501 2352 haberet

1934 2386 2175 2455 insuper,
2210 2388 2261 2440 in
2291 2397 2462 2442 totum
2493 2403 2599 2441 non
2641 2388 2844 2456 omisit,
2879 2390 2975 2445 sed
3004 2389 3143 2444 fucis
3172 2390 3495 2449 delibutum.

1935 2480 1986 2532 in
2021 2480 2219 2547 quibus
2260 2493 2366 2532 non
2401 2495 2560 2534 nemo
2589 2480 2929 2551 gloriabitur,
2976 2482 3209 2535 naturali
3243 2497 3371 2536 vero
3396 2482 3494 2536 de-

1933 2586 2061 2625 core
2112 2570 2405 2634 imbutum,
2458 2572 2605 2640 quod
2659 2573 2747 2625 vix
2793 2570 3065 2640 quispiam
3113 2579 3374 2641 speraret,
3422 2572 3496 2625 ita

1932 2664 2182 2732 provexit
2210 2663 2262 2716 in
2306 2664 2752 2725 admirationem,
2796 2673 2853 2717 ut
2892 2678 3153 2718 cationi-nt
3183 2676 3237 2719 ct
3268 2668 3497 2719 formam

1935 2771 2075 2810 vera:
2124 2755 2552 2823 pu!.-ln-itmliuis
2613 2755 2953 2810 intuentibus
3006 2756 3280 2818 exhibeat,
3346 2757 3503 2824 longe

1934 2854 2206 2901 semotum
2246 2861 2276 2899 a
2325 2848 2623 2916 sophistica
2673 2856 2729 2900 et
2757 2846 3001 2901 studiose
3028 2850 3254 2916 qumsita
3297 2847 3502 2903 ﬂoridi-

1936 2948 2062 2993 tate.
2110 2937 2212 2991 Sed
2261 2938 2394 2992 nihil
2448 2940 2548 2992 hoc
2595 2946 2703 2992 tam
2762 2938 2954 3007 probat
2991 2954 3155 3003 quam
3207 2939 3501 3008 ipsummet

1932 3032 2121 3087 audire
2152 3050 2164 3085 :
2206 3051 2222 3081 ι
2255 3030 2545 3097 Quomodo
2578 3031 2923 3094 invoealmnt,
2961 3031 3011 3084 in
3040 3046 3200 3099 quem
3238 3046 3342 3086 non
3380 3046 3501 3087 cre-

250 3120 625 3189 διαιρέροντος.
669 3118 812 3172 Ἀλλ’
842 3119 993 3174 οὐδέν
1034 3122 1180 3173 ἐστιν
1227 3115 1341 3173 οἷον
1384 3118 1548 3174 αὐτοῦ
1588 3120 1828 3175 ἀκούειν.

1935 3123 2229 3179 diderunt?
2257 3122 2532 3190 quomodo
2572 3125 2795 3178 credent
2840 3123 2895 3178 in
2943 3138 3090 3185 eum,
3121 3124 3189 3177 de
3237 3137 3347 3193 quo
3393 3139 3501 3178 non

261 3231 280 3261 ε
315 3210 438 3273 Πῶς
463 3209 554 3265 οὖν
581 3210 996 3264 ἰπικαλέσονται
1020 3213 1098 3274 είς
1120 3210 1179 3263 ὃν
1205 3210 1307 3264 οὐκ
1330 3210 1687 3275 ἰπίστευσαν,
1718 3213 1834 3276 πῶς

253 3302 314 3353 δὲ
348 3301 746 3365 πιστεύσουσιν,
774 3297 835 3358 οὗ
858 3302 959 3355 οὐκ
986 3303 1256 3373 ἧκουσανς
1291 3303 1407 3365 πῶς
1427 3302 1485 3355 δὲ
1515 3302 1837 3357 ἀκούσουσιν

256 3391 429 3462 χωρὶς
459 3391 859 3462 κηρύσσοντοςς
885 3392 999 3456 πῶς
1021 3394 1076 3446 δὲ
1100 3392 1451 3464 κηρύξουσιν,
1479 3393 1575 3447 εὰν
1603 3394 1677 3464 μὴ
1706 3398 1836 3449 ἀπο·

259 3484 565 3541 σταλῶσινο
617 3487 797 3551 καθὼς
845 3486 1175 3557 γέγραπται,
1224 3487 1310 3551 Ὠς
1354 3483 1545 3559 ὡραῖοι
1590 3487 1641 3542 οί
1680 3488 1837 3551 πόδες

256 3577 372 3628 τῶν
397 3576 895 3647 εὐαγγελιζομένων
925 3576 1170 3648 εἰρήνην,
1198 3577 1305 3630 τῶν
1335 3576 1836 3648 εὐαγγελιζομένων

257 3668 332 3719 τά
364 3668 579 3735 ἀγαθάς
620 3685 639 3718 ι
672 3667 854 3731 πάλιν,
904 3686 922 3720 ι
959 3667 1025 3721 Et
1063 3684 1150 3731 τις
1194 3666 1285 3721 οὖν
1312 3670 1371 3720 ὲν
1401 3667 1621 3738 Χριστῴ
1644 3707 1659 3733 ,
1701 3666 1756 3720 εἴ
1785 3686 1837 3721 τι

260 3754 608 3825 παραμύθιον
637 3755 855 3825 ἀγάπης
872 3796 886 3821 ,
916 3756 969 3808 ετ
982 3773 1102 3809 τινα
1114 3756 1400 3826 σπλάγχνα
1420 3757 1513 3810 καὶ
1534 3757 1832 3827 οἱκτιρμοὶ,

259 3845 593 3915 πληρώσατὲ
625 3862 727 3915 μου
759 3845 857 3916 τὴν
883 3845 1085 3916 χαράν
1122 3864 1141 3897 ι
1179 3844 1318 3911 εἶτα,
1348 3865 1366 3898 ι
1405 3845 1467 3904 Ἦ
1502 3845 1679 3917 θλίψις
1707 3848 1838 3901 ὑπο-

263 3936 435 4008 μονὴν
465 3937 856 4006 κατεργάζεται
874 3952 887 3966 ·
921 3938 953 4006 ἠ
978 3938 1034 3991 δι
1055 3934 1300 4009 ὑπομονὴ
1325 3938 1553 4010 δοκιμήν
1576 3956 1591 3970 -
1622 3939 1732 4009 ἠδὲ
1753 3939 1836 3992 δο-

259 4029 404 4099 κιμὴ
431 4027 619 4081 uuae:
638 4045 651 4057 ·
681 4030 713 4095 ἡ
737 4028 795 4081 δὲ
828 4028 981 4092 ἐλπὶς
1010 4030 1071 4083 οὐ
1099 4027 1469 4101 καταισχύνει.
1515 4049 1534 4083 ι
1579 4027 1769 4095 Οὕτως
1806 4031 1840 4085 ό

255 4120 373 4173 τῶν
411 4119 737 4173 Ἐπιστολῶν
764 4119 859 4173 τοῦ
889 4120 1128 4190 μεγάλου
1160 4121 1372 4177 Παύλου
1401 4124 1689 4193 χαρακτὴρ
1711 4124 1839 4194 ἀρε-

252 4210 365 4281 τῆς
395 4211 612 4279 ἀπάσης
645 4212 743 4280 τῆς
776 4214 834 4264 ιν
863 4210 1004 4280 λόγῳ
1033 4212 1132 4275 τὰς
1166 4210 1313 4275 ιδὲας
1360 4211 1835 4283 ἔμμορφούμενος,

254 4302 497 4363 καὶτοῖς
543 4299 896 4369 καταλλήλοις
939 4300 1034 4354 καὶ
1082 4300 1303 4365 οἰκείοις
1344 4301 1835 4371 ἀμποικιλλόμενος

252 4394 562 4463 σχήμασιν,
592 4391 899 4463 ἀρχετύπου
937 4393 1031 4446 καὶ
1074 4391 1521 4463 παραδείγματος
1558 4392 1714 4461 λόγον
1739 4394 1835 4447 ιπ-

1936 3212 2262 3270 audierunt?
2292 3213 2567 3283 quomodo
2612 3214 2837 3269 audient
2884 3214 3003 3269 sine
3050 3215 3340 3283 praet-oue?
3367 3229 3504 3283 quo-

1937 3305 2105 3361 modo
2145 3305 2538 3375 praedicabunt,
2595 3305 2703 3360 nisi
2756 3306 3080 3360 mittantur?
3134 3315 3193 3359 ut
3237 3305 3501 3375 scriptum

1936 3402 2041 3460 est,
2082 3392 2257 3460 Quam
2292 3392 2503 3463 pulchri
2535 3394 2697 3461 pedes
2744 3393 3234 3464 evangelizantium
3273 3408 3458 3462 pacem
3482 3436 3497 3457 ,

1936 3483 2425 3555 evangelizantium
2486 3483 2688 3539 bonum
2712 3485 2757 3517 “
2788 3487 2800 3539 !
2832 3504 2851 3537 ι
2908 3486 3108 3540 lterum
3140 3503 3153 3539 :
3213 3504 3231 3537 ι
3264 3484 3320 3539 Si
3371 3500 3493 3555 quae

1935 3591 2065 3647 ergo
2093 3576 2145 3631 in
2173 3576 2391 3631 Christo
2420 3575 2729 3630 consolatio
2762 3593 2774 3629 :
2804 3575 2848 3629 si
2892 3576 3100 3631 amoris
3133 3576 3373 3629 solamen
3409 3594 3421 3629 :
3454 3575 3500 3630 si

1937 3668 2148 3722 viscera
2200 3674 2254 3719 ct
2310 3666 2716 3732 miserationes,
2772 3666 3062 3736 adimplete
3127 3681 3305 3720 meum
3367 3681 3501 3736 gau-

1936 3759 2085 3814 dium
2113 3757 2177 3812 “.
2215 3776 2231 3807 ι
2262 3756 2325 3811 Ει
2360 3776 2371 3811 :
2414 3778 2432 3809 ε
2463 3758 2695 3814 Aﬂlictio
2736 3758 3050 3825 patientiam
3084 3767 3360 3828 operatur,
3408 3774 3503 3829 pa-

1936 3850 2126 3905 t'entia
2172 3848 2571 3919 probationem,
2618 3849 2869 3919 probatio
2916 3865 3065 3920 spem
3100 3868 3115 3904 :
3147 3865 3270 3918 spes
3319 3860 3500 3904 autem

1938 3958 2046 3996 non
2070 3940 2342 4010 pudefacit
2362 3941 2427 3996 δ’.
2464 3960 2482 3993 ι
2514 3942 2691 4009 Atque
2720 3940 2793 3995 ita
2820 3942 3104 3996 character
3134 3940 3500 4010 Epistolarum

1940 4031 2094 4089 Pauli
2149 4031 2299 4086 illius
2359 4032 2542 4103 magni
2605 4032 2924 4086 omnimoda
2985 4031 3238 4087 dictionis
3306 4033 3502 4086 virtute

1937 4124 2307 4187 confirmatus,
2338 4122 2602 4193 congruis
2635 4132 2800 4193 atque
2833 4122 3068 4193 propriis
3110 4121 3296 4193 ﬁguris
3327 4123 3503 4178 varie-

1938 4224 2115 4284 gatus,
2171 4213 2448 4283 archetypi
2496 4223 2549 4269 et
2600 4213 2931 4283 exemplaris
2985 4214 3250 4268 rationem
3295 4213 3500 4277 subire,

1938 4316 2100 4373 atque
2147 4304 2455 4359 imitatione
2505 4303 2736 4372 exprimi
2783 4304 2980 4373 dignus
3025 4310 3135 4367 est,
3169 4317 3277 4357 non
3320 4312 3501 4359 autem

1938 4394 2087 4465 religi
2130 4403 2225 4449 aut
2264 4393 2493 4449 rescribi
2527 4393 2592 4447 ad
2640 4391 2872 4448 aliorum
2915 4393 3270 4448 imitationem
3314 4409 3342 4447 a
3377 4409 3505 4465 pru-

248 4462 410 4555 έχειν
434 4486 528 4538 καὶ
557 4462 849 4553 ζηλοῦσθαι
885 4483 1054 4551 ἄξιος,
1086 4483 1223 4537 ἀλλὰ
1256 4482 1332 4555 μὴ
1354 4482 1488 4554 πρὸς
1512 4483 1717 4555 ἑτέρων
1743 4484 1831 4555 μί-

1938 4462 2191 4541 dentibus
2222 4485 2402 4542 debet.
2435 4482 2624 4553 Neque
2655 4483 2801 4539 enim
2836 4485 2943 4539 erit
2980 4486 3031 4539 in
3068 4492 3317 4555 promptu
3356 4462 3504 4538 inve-

250 4592 434 4644 μησιν
494 4576 915 4646 ἀναγεγράφθαι
976 4576 1094 4639 τοῖς
1155 4592 1218 4644 γε
1282 4575 1653 4645 σωφρονοῦσιν
1718 4577 1835 4629 ἐστι

243 4669 488 4729 δίκαιος.
516 4667 648 4720 υύδὶ
672 4667 781 4737 γὰρ
817 4667 938 4721 οὐδὲ
964 4669 1146 4739 ῥᾴδιον
1178 4667 1387 4739 εὑρεῖν,
1410 4666 1469 4721 ὃν
1491 4667 1835 4722 είκονίσειεν·

242 4759 387 4817 ἐπεὶ
424 4757 555 4827 μηδὲ
609 4758 840 4827 μελέτης
878 4760 1109 4829 καρπὸς,
1156 4759 1271 4817 ἀλλ’
1308 4760 1553 4823 ἐπινοίας
1593 4763 1609 4803 ί
1664 4763 1836 4833 ὑπερ-

242 4849 433 4919 φυοῦς
473 4850 541 4902 τὰ
570 4849 783 4903 Παύλου
816 4851 1033 4921 ῥήματα
1084 4853 1115 4904 ό
1157 4851 1260 4920 τῆς
1293 4852 1487 4920 σοφίας
1529 4851 1838 4925 πλοῦτος,ή

237 4944 360 5009 τῆς
388 4940 642 5010 ἀληθείας
672 4940 886 5011 καθαρά
922 4944 1013 4997 καὶ
1038 4943 1263 5013 διαυγὴς
1311 4945 1404 4998 καὶ
1434 4944 1629 5014 ἡδονῆς
1660 4960 1833 5015 cum-

241 5030 381 5103 ρίου
440 5027 677 5098 βρύουσα
729 5032 877 5099 πηγή
904 5047 918 5061 ο
964 5032 1123 5085 τοῦτο
1174 5033 1274 5102 τῆς
1320 5033 1528 5087 ἀνωθεν
1592 5034 1829 5105 φοϐερᾶς

235 5118 571 5188 ἀστραπῆς,
600 5118 827 5189 βραχεῖά
860 5139 941 5185 τις
968 5121 1288 5194 λαμπηδὼν,
1321 5123 1431 5178 τῶν
1459 5125 1828 5181 ἀποστολικῶν

236 5208 487 5284 χειλέων
511 5208 896 5265 ἀποπάλλουσα
917 5229 931 5243 ·
956 5211 1113 5267 τοῦτο
1131 5213 1230 5283 τῆς
1252 5215 1310 5269 εν
1328 5215 1582 5287 ἀσθενείᾳ
1600 5216 1830 5271 τελειου-

234 5301 433 5378 μένης
474 5298 623 5363 θείας
663 5300 944 5373 δυνάμεως
975 5306 1220 5377 ἀπορροή
1248 5322 1333 5370 τις
1357 5307 1574 5379 μετρία,
1623 5309 1826 5379 κόσμον

1935 4578 2054 4631 nire
2102 4576 2168 4630 ad
2214 4590 2375 4645 quem
2433 4576 2601 4629 alium
2648 4575 2722 4630 sit
2766 4573 3107 4643 emgiandus.
3161 4576 3302 4629 Sunt
3355 4574 3499 4629 enim

1935 4664 2090 4719 Pauli
2123 4663 2309 4728 verba,
2346 4678 2452 4716 nou
2484 4663 2856 4719 meditationis
2886 4663 3115 4728 fructus,
3146 4662 3238 4717 sed
3272 4662 3519 4732 inspira-.

1937 4758 2135 4821 tiones,
2178 4764 2231 4810 ct
2275 4753 2689 4810 excellentiores
2737 4754 3097 4824 cogitationes
3127 4771 3140 4809 :
3170 4752 3372 4807 divitiae
3418 4768 3503 4809 sa-

1938 4848 2193 4918 pientiae,
2265 4845 2388 4901 fons
2454 4845 2711 4901 virtutem
2779 4844 3110 4902 salutiferam
3191 4845 3501 4908 ebulliens,

1938 4939 2118 4993 brevis
2173 4940 2422 5009 quaedam
2487 4940 2839 5004 coruscatio,
2896 4954 2926 4995 e
2981 4938 3137 4994 labiis
3188 4937 3501 5008 apostolicis

1936 5030 2217 5096 insiliens,
2254 5031 2515 5087 terribilis
2562 5047 2594 5087 e
2639 5030 2779 5087 coelo
2821 5029 3225 5100 l'ulgurationis,
3272 5028 3500 5084 «illusus

1935 5124 2154 5193 quidam
2186 5132 2661 5181 commensuratus
2690 5122 2887 5178 divinae
2926 5123 3067 5177 illius
3103 5121 3353 5191 potentiae
3393 5136 3491 5191 per

1936 5214 2303 5271 inﬁrmitatem
2340 5214 2598 5287 perfecta:
2623 5230 2731 5286 qua
2765 5225 2912 5270 totus
2940 5212 3175 5268 mundus
3216 5212 3499 5283 irrigatur.

1934 5303 2117 5361 Gratia
2148 5318 2234 5362 cst
2264 5308 2379 5365 haec
2409 5323 2644 5381 operans
2672 5308 2727 5363 in
2760 5307 3011 5365 testaceis
3040 5306 3204 5372 vasis,
3239 5320 3501 5361 veneran-

325 5477 560 5554 t‘lfnm.
590 5480 822 5554 VIII,_3.’3,
859 5480 1068 5554 signa!
1095 5480 1113 5534 ι
1142 5480 1358 5554 (χονζς9
1389 5480 1481 5549 2.3,
1506 5483 1599 5537 23.
1676 5483 1721 5515 η
1748 5483 1828 5538 Β..

1938 5499 2023 5550 ιιι,
2066 5485 2176 5542 1-5.
2249 5486 2294 5519 ³¹
2325 5485 2494 5542 lCor.
2521 5500 2594 5554 tv,
2636 5485 2722 5553 12,
2760 5486 2843 5542 15.
2919 5485 2962 5519 ⁸⁸
3018 5482 3178 5543 Bern.
3207 5500 3261 5550 ι,
3298 5483 3378 5551 ιι,
3412 5482 3493 5537 l5.

228 5549 295 5585 “
331 5546 575 5617 Philipp.
607 5564 668 5615 ιι,
701 5551 753 5615 l,
780 5550 836 5605 2.
906 5549 952 5583 ⁸⁸
977 5550 1135 5604 Betti.
1169 5566 1219 5616 v,
1257 5551 1377 5609 3-5.

1537 5666 1767 5727 VARIA"
1797 5664 1826 5722 ἱ
1839 5669 2207 5729 .ECTIONES.

368 5760 483 5816 il(3.
516 5758 585 5815 31.
624 5762 732 5817 Καὶ
761 5761 833 5817 τί.
955 5765 966 5804 ί
1009 5764 1069 5820 (.1.
1115 5764 1185 5821 Μ.
1212 5766 1519 5830 ἐπιπνοίας.
