4200 6444
703 410 814 476 595

1867 421 2130 483 PHUTII
2161 421 2670 484 PATRIARCII/E
2700 424 2810 486 CP.

708 521 866 592 ὐμῶν
892 525 959 596 τῇ
994 525 1075 591 είς
1101 526 1166 582 τδ
1195 526 1553 598 Εὐαγγέλιον.
1578 529 1805 604 Singula
1827 533 1974 589 enim
2005 534 2280 589 antedicta

2385 533 2542 603 ὐμῶν
2569 536 2634 603 τῇ
2664 535 2743 598 είς
2773 533 2836 587 τὸ
2859 532 3193 603 Εὐαγγέλιον
3212 548 3227 564 ⁸
3262 532 3544 590 τουτέστιν
3571 533 3664 589 ἐπὶ
3688 536 3752 604 τῇ
3796 536 3874 598 είς
3900 545 3977 590 το

702 629 804 683 per
862 624 1158 688 utrumque
1190 621 1410 675 modum
1463 622 1706 687 dicendi,
1767 639 2074 694 regressum
2113 625 2168 680 in
2225 624 2279 679 id

704 705 848 774 quod
877 717 963 764 est
993 708 1054 762 τδ
1080 709 1257 764 κοινὸν
1289 713 1554 783 recipiant
1582 731 1704 785 :pcr
1727 715 2058 786 hyperbaton
2093 724 2279 772 autem

705 795 1046 865 simpliciter,
1088 799 1143 854 id
1172 801 1319 870 quod
1355 802 1707 874 bypertliesin
1759 809 1967 864 dictum
2002 820 2108 878 est,
2144 824 2281 866 eon-

707 887 929 946 texitur.

777 1153 863 1207 l0.
885 1154 1017 1209 Illud
1044 1173 1060 1210 :
1093 1156 1436 1231 ’Λσπάζομαι
1465 1163 1608 1234 ὑμᾶς
1645 1166 1756 1234 ἐγὼ
1771 1166 1992 1238 Τέρτιος
2011 1170 2040 1222 ό
2062 1170 2282 1242 γράψας

702 1245 802 1306 τὴν
832 1247 1124 1319 ἐπιστολὴν
1153 1251 1212 1303 ἐν
1246 1252 1465 1322 Κυρίῳ·
1499 1256 1589 1310 ubi
1627 1257 1780 1318 iliud,
1808 1258 1868 1311 ἐν
1929 1261 2144 1331 κυρίῳ,
2179 1278 2282 1316 an-

705 1349 905 1390 nosum
935 1350 1021 1392 est
1048 1338 1146 1404 illi,
1171 1342 1488 1414 ἀσπάζομαι
1539 1347 1706 1416 ὑμᾶς,
1760 1348 1913 1418 juxta
1976 1367 2134 1407 usum
2193 1368 2282 1407 sc-

703 1436 959 1493 quentem
991 1429 1204 1486 dicendi
1229 1433 1473 1490 adﬁnem
1506 1439 1787 1506 repetitur.
1815 1439 1878 1496 Et
1901 1441 2028 1496 illud
2055 1461 2068 1498 :
2091 1443 2282 1508 Ὅπως

704 1517 950 1590 ἐξέληται
977 1523 1126 1591 ἡμᾶς
1157 1523 1223 1577 ἐκ
1259 1524 1354 1579 τοῦ
1409 1529 1705 1594 ἐνεστῶτος
1763 1533 1955 1596 αἰῶνος
2003 1533 2242 1605 πονηροῦ
2263 1552 2278 1566 ο

704 1611 868 1665 simili
934 1613 1107 1684 ﬁgura
1147 1615 1394 1674 ell‘ertur.
1457 1619 1595 1677 Nam
1645 1638 1746 1678 vos
1806 1626 2044 1696 πονηροῦ
2099 1627 2280 1684 locum

704 1703 955 1771 supplere
982 1705 1144 1761 debet
1168 1707 1291 1778 ejus
1335 1713 1483 1780 quod
1533 1714 1784 1786 sequitur
1848 1717 2164 1786 ἐνεστῶτος,
2228 1729 2283 1774 et

702 1803 1039 1864 postremum
1071 1797 1252 1854 locum
1284 1800 1540 1860 absolvit.

772 1974 856 2027 ll.
888 1974 1083 2030 lterum
1119 1995 1134 2034 :
1175 1977 1379 2034 Τούτου
1409 1982 1590 2053 χάριν,
1612 1985 1640 2037 ό
1665 1983 1884 2057 δέσμιος
1909 1986 2018 2055 ἐγὼ
2031 1985 2126 2041 τοῦ
2143 1987 2280 2059 Χρι-

702 2064 826 2116 στοῦ
867 2065 1040 2136 Ἰησοῦ
1071 2068 1210 2140 ὐπέρ
1235 2070 1521 2138 ὑμῶντῶν
1557 2074 1730 2127 ἐθνῶν
1751 2092 1766 2107 ο
1814 2076 1971 2146 quasi
2023 2078 2232 2132 diceret
2261 2097 2276 2134 :

700 2154 904 2209 Τούτου
936 2157 1118 2228 χάριν,
1147 2160 1177 2210 ό
1206 2160 1344 2231 ὐπέρ
1385 2161 1541 2230 ὐμῶν
1571 2164 1680 2216 τῶν
1709 2162 1879 2218 ἐθνῶν
1906 2165 2125 2237 δέσμιος
2146 2169 2282 2240 Χρι-

700 2244 847 2298 στοῦ.
878 2248 1091 2317 Captivi
1123 2249 1271 2304 enim
1301 2250 1431 2307 Jesu
1455 2252 1661 2310 Christi
1688 2257 1866 2324 plures
1895 2257 2112 2313 fuerant
2137 2275 2282 2314 mar-

699 2347 865 2406 tyres,
894 2340 987 2394 sed
1013 2355 1122 2394 non
1155 2356 1252 2411 pro
1284 2343 1542 2411 gentibus
1598 2347 1651 2400 in
1701 2363 1976 2404 carcerem
2018 2353 2276 2423 conjecti.

697 2429 812 2484 Non
835 2432 979 2487 enim
1013 2433 1137 2488 ideo
1169 2434 1553 2492 vinciebantur
1581 2450 1636 2494 et
1679 2442 2096 2508 occidebantur,
2133 2446 2276 2513 quod

697 2532 884 2591 gentes
915 2524 1246 2580 adducerent
1278 2527 1346 2583 ad
1389 2529 1692 2595 Christum,
1730 2533 1825 2586 sed
1856 2535 1998 2602 quod
2051 2536 2156 2605 ipsi
2211 2537 2277 2591 ll-

697 2619 818 2673 dem
848 2619 900 2674 in
939 2619 1220 2678 Christum
1253 2625 1514 2681 nolebant
1571 2628 1861 2700 abnegare.
1901 2631 2103 2687 Paulus
2156 2635 2279 2688 vin-

697 2720 818 2768 ctus
855 2712 984 2770 Jesu
1006 2714 1232 2781 Christi,
1277 2717 1422 2773 haud
1451 2721 1611 2775 aliter
1644 2721 1771 2787 fuit,
1837 2739 2001 2792 quam
2058 2737 2280 2796 propter

697 2815 918 2874 gentes;
949 2822 1146 2876 nempe
1192 2811 1336 2878 quod
1373 2811 1478 2866 illis
1500 2811 1688 2867 Jesum
1724 2811 2028 2880 Christum,
2081 2826 2135 2870 ct
2168 2833 2278 2872 non

698 2905 840 2954 hunc
873 2911 969 2955 aut
999 2901 1151 2956 illum
1179 2906 1563 2968 annuntiabat.
1619 2907 1828 2961 mullum
1890 2911 2277 2977 particulareut

697 2993 995 3059 nominem,
1027 2996 1121 3050 sed
1159 2997 1402 3067 integras
1430 2999 1684 3054 nationes
1719 2998 1786 3052 ad
1810 3001 2090 3056 Christum
2147 3019 2280 3058 con-

699 3093 944 3138 verteret.
972 3085 1268 3156 Eaproptcr
1285 3089 1534 3158 captivus
1562 3090 1873 3146 tenebatur.
1899 3092 2002 3148 Sed
2033 3095 2100 3148 tle
2114 3110 2275 3149 sensu

2388 625 2718 694 Εὐαγγέλιον
2759 625 3017 696 κοινωνίᾳ
3081 624 3239 695 ὐμῶν
3260 642 3273 656 ·
3305 627 3338 696 ἢ
3376 626 3474 679 καὶ
3531 627 3734 689 οὓτως·
3766 628 3857 680 ἐπὶ
3890 630 3974 696 τῇ

2384 718 2642 789 κοινωνίᾳ
2671 718 2828 788 ὑμῶν
2852 721 2921 788 τῇ
2951 719 3031 782 είς
3067 717 3131 770 τὸ
3177 717 3513 786 Εὐαγγέλιον
3536 735 3549 747 ·
3579 718 3806 771 ἕκαστον
3849 720 3979 788 γὰρ

2381 807 2494 862 τῶν
2523 810 2831 880 εἰρημένων
2859 811 2953 878 ἀφ’
2975 808 3242 879 ἐκατέρου
3267 809 3472 878 τρόπον
3511 809 3614 880 τὴν
3659 811 3737 871 είς
3761 809 3821 861 τδ
3850 827 3979 863 κοι-

2384 904 2474 956 νὸν
2553 901 2813 956 ἐπάνοδον
2878 903 3262 970 ἀπολαμϐάνει
3291 918 3304 932 ·
3353 902 3479 956 καθ’
3529 901 3836 972 ὑπερϐατὸν
3904 901 3978 954 δί

2385 993 2665 1065 καθαρῶς,
2722 993 2754 1047 δ
2809 993 2931 1047 καθ’
2985 992 3284 1065 ὑπέρθεσιν
3359 993 3623 1063 λέγεται,
3672 993 3978 1047 διαπλέκε-

2383 1101 2496 1138 ται.

2456 1172 2616 1236 ι’.Τδ,
2645 1173 2985 1244 ’Δσπάςομαι
3015 1174 3159 1244 ὑμᾶς
3185 1174 3296 1244 ἐγὼ
3320 1175 3542 1246 Τέρτιος
3563 1177 3591 1230 δ
3613 1175 3828 1248 γράψας
3858 1175 3976 1246 τὴν

2384 1264 2672 1335 ἐπιστολὴν
2702 1267 2760 1318 ἐν
2791 1265 2981 1335 κυρίῳ
3007 1283 3022 1298 ο
3051 1267 3114 1320 τδ
3165 1268 3293 1337 γὰρ,
3320 1270 3378 1321 ἐν
3422 1268 3633 1338 Κυρίῳ,
3685 1269 3978 1322 συναπτό-

2388 1374 2548 1426 μενον
2599 1358 2660 1410 τδ
2699 1355 2742 1422 ι,
2774 1357 3090 1426 ἀσπάζομαι
3119 1359 3286 1428 ὑμᾶς,
3325 1359 3471 1413 κατὰ
3523 1359 3621 1430 τὴν
3665 1361 3979 1414 ἀκόλουθον

2383 1447 2477 1500 τοῦ
2509 1448 2667 1515 λόγου
2695 1451 2891 1518 χρῆσιν
2917 1449 3054 1518 πρὸς
3084 1449 3161 1518 τῷ
3187 1449 3332 1503 τέλει
3362 1450 3460 1504 νῦν
3482 1451 3821 1505 ἀποδέδοται.
3850 1453 3981 1505 Καὶ

2382 1540 2465 1600 τὸ.
2496 1539 2688 1602 Ὅπως
2719 1539 2970 1610 ἐξέληται
3017 1541 3164 1610 ἡμᾶς
3204 1543 3270 1595 ἐκ
3306 1541 3402 1594 τοῦ
3442 1542 3736 1608 ἐνεστῶτος
3761 1545 3981 1607 αἰῶνος

2384 1632 2622 1704 πονηροῦ
2649 1675 2665 1699 ,
2729 1633 3114 1704 παραπλήσιον
3180 1633 3306 1704 ἐσχε
3383 1634 3476 1688 τὸν
3544 1637 3976 1706 σχηματισμόν·

2382 1727 2444 1780 τὸ
2500 1727 2629 1796 γάρ,
2689 1725 2952 1797 πονηροῦ,
3003 1726 3104 1797 τὴν
3153 1726 3352 1797 ἐφεξῆς
3373 1727 3469 1781 τοῦ
3515 1729 3810 1789 ἐνεστῶτος
3856 1728 3979 1799 xci»-

2315 1867 2356 1923 Β
2387 1836 2488 1890 ραν
2550 1818 2769 1888 ἐπέχειν
2839 1817 3097 1886 ὀφεῖλον,
3150 1819 3250 1890 την
3318 1820 3558 1890 ἐσχάτην
3639 1820 3976 1891 ἀνεπλήρω-

2383 1927 2496 1963 σεν.

2454 2008 2546 2055 ια’.
2582 2001 2694 2056 Καὶ
2726 2002 2911 2060 πάλιν.
2941 2001 3147 2055 Τούτου
3178 2002 3338 2073 χάριν
3377 2003 3406 2056 ό
3437 2001 3655 2070 δέσμιος
3691 2001 3788 2055 τοῦ
3827 2001 3977 2072 Χρι-

2383 2090 2508 2143 στοῦ
2551 2092 2726 2162 Ἰησοῦ
2755 2093 2898 2164 ὑπὲρ
2929 2093 3084 2162 ὐμῶν
3108 2092 3218 2145 τῶν
3242 2094 3432 2154 ἐθνῶν.
3454 2087 3586 2154 οἷον,
3616 2093 3821 2145 Τούτου
3862 2092 3978 2160 χὰο

2385 2199 2468 2249 ριν
2500 2183 2528 2234 ὁ
2559 2183 2700 2254 ὑπὲρ
2728 2183 2882 2253 ὐμῶν
2902 2183 3012 2236 τῶν
3040 2183 3210 2237 ἐθνῶν
3238 2181 3566 2253 δέσμιοςτοῦ
3593 2181 3831 2254 Χριστοῦ
3855 2181 3977 2248 Ἰη-

2382 2270 2495 2325 σοῦ.
2522 2273 2744 2342 Δὲσμιοι
2777 2273 2879 2343 μὲν
2909 2273 3019 2344 γάρ
3047 2274 3305 2343 γεγόνασι
3356 2271 3450 2326 τοῦ
3498 2271 3736 2343 Χριστοῦ
3779 2271 3976 2340 Ἰησοῦ

2381 2364 2475 2416 καὶ
2503 2364 2690 2417 πολλοὶ
2721 2364 2830 2418 τῶν
2861 2365 3177 2436 μαρτύρων.
3221 2365 3335 2418 ἀλλ’
3355 2365 3454 2434 οὐχ
3483 2365 3624 2434 ὑπὲρ
3643 2363 3749 2416 τῶν
3766 2363 3974 2416 ἐθνῶν.

2381 2458 2453 2509 Οὐ
2486 2458 2593 2526 γάρ
2619 2458 2702 2510 ὅτι
2731 2457 2799 2510 τά
2833 2458 2961 2528 εθνη
2994 2457 3273 2527 προσῆγον
3301 2455 3380 2524 τῷ
3414 2455 3638 2526 Χριστῷ
3682 2455 3770 2507 διά
3799 2454 3979 2507 τοῦτο

2381 2549 2615 2601 ἐδέδεντο
2644 2550 2736 2601 καὶ
2765 2548 3121 2608 ἐσφάττοντο.
3152 2546 3267 2600 ἀλλ’
3297 2548 3379 2600 ὃτι
3403 2547 3557 2600 αὐτοὶ
3587 2545 3707 2599 καθ’
3729 2547 3974 2609 ἐαυτοϋς

2379 2640 2477 2712 τὴν
2515 2642 2596 2703 εἰς
2624 2639 2858 2710 Χριστὸν
2895 2639 2995 2693 οὐκ
3041 2638 3270 2707 ἠθέτουν
3313 2638 3516 2691 πίστιν.
3565 2637 3703 2690 Οὐὀέ
3749 2635 3978 2700 Παῦλος

2379 2731 2599 2800 δέσμιος
2634 2731 2735 2798 μὲν
2761 2725 2830 2800 ἦν
2875 2729 2969 2783 τοῦ
3002 2729 3240 2799 Χριστοῦ
3289 2727 3482 2799 Ἰησοῦ,
3519 2729 3655 2782 ἀλλὰ
3689 2730 3780 2780 καὶ
3820 2728 3981 2798 ὑπὲρ

2380 2821 2487 2873 τῶν
2520 2820 2710 2872 ἐθνῶν.
2749 2820 2873 2873 Ὅτι
2908 2821 3024 2889 γάρ
3055 2820 3356 2888 ἐκήρυττεν
3399 2821 3583 2881 αὐτοῖς
3615 2819 3704 2870 τὸν
3729 2817 3982 2888 Χριστὸν

2381 2913 2476 2965 καὶ
2519 2913 2602 2964 ὅτι
2629 2912 2748 2980 οὐχὶ
2790 2911 2938 2964 τόνδε
2970 2912 3002 2980 ἢ
3046 2911 3228 2973 τόνδε,
3264 2911 3401 2964 ἀλλὰ
3449 2913 3541 2964 καὶ
3571 2911 3776 2980 δήμους
3807 2910 3980 2973 ὅλους

2384 3002 2654 3071 μετετίθει
2686 3002 2820 3073 πώς
2853 3003 3086 3071 Χριστόν
3106 3017 3121 3031 ·
3160 3001 3252 3054 διὰ
3266 3000 3425 3054 τοῦτο
3447 3001 3508 3054 τὸ
3539 3002 3700 3054 πλέον
3728 3001 3980 3056 ἐδέδετο.

2394 3093 2554 3147 Ἀλλά
2581 3095 2711 3164 περὶ
2739 3095 2841 3164 μέν
2872 3097 2972 3161 τῆς
3001 3097 3060 3147 ἐν
3090 3097 3157 3164 τῇ
3188 3094 3400 3164 διανοίᾳ
3446 3094 3680 3165 θεωρίας
3722 3095 3818 3148 καὶ
3860 3093 3985 3164 τῆς

698 3173 800 3228 ioci
832 3174 1102 3241 interiori.
1130 3187 1187 3233 et
1218 3179 1510 3235 verborum
1541 3182 1964 3252 signiﬁcatione,
2003 3186 2134 3240 alibi
2156 3203 2277 3242 sum

2383 3186 2490 3240 τῶν
2517 3184 2721 3239 λέξεων
2743 3185 3099 3250 άναπτύξεως
3124 3187 3182 3239 ἐν
3217 3186 3417 3248 ἄλλοις.

699 3264 967 3321 dicturus.

769 3357 854 3411 12.
886 3358 966 3412 Ad
995 3374 1120 3414 eum
1150 3362 1461 3434 tropologia:
1494 3367 1715 3422 modum
1745 3379 1992 3438 spectat:
2027 3371 2090 3424 Ol
2117 3371 2172 3424 δέ
2198 3389 2281 3425 πι·

700 3448 856 3509 στούς
903 3448 1118 3518 ιχοντες
1176 3451 1442 3516 δεσπότας
1493 3457 1567 3525 μὴ
1620 3459 2132 3529 καταφρονείτωσαν
2199 3462 2280 3514 ὄτι

699 3537 914 3607 ἀδελφοί
953 3542 1110 3606 εἰσιν,
1133 3543 1267 3596 ἀλλὰ
1299 3545 1507 3614 μᾶλλον
1533 3547 1955 3614 δουλευέτωσαν,
1993 3552 2074 3604 ὅτι
2102 3553 2282 3604 πιστοί

700 3631 803 3682 εἰσι
840 3630 934 3683 καὶ
956 3633 1247 3700 ἀγαπητοὶ,
1275 3635 1326 3688 οί
1355 3635 1455 3706 τῆς
1500 3637 1816 3708 εὐεργεσίας
1888 3640 2282 3710 ἀντιλαμϐανό-

701 3736 851 3788 μενοι
884 3721 916 3790 ἢ
951 3723 1292 3791 μετέχοντες.
1331 3725 1485 3782 Patet
1535 3739 1717 3783 autem
1798 3730 1943 3798 quod
1993 3732 2281 3799 εὐργεσίας

700 3809 1221 3882 ἀντιλαμϐανόμενοι
1247 3831 1343 3884 per
1375 3816 1713 3887 hyperbaton
1742 3818 1940 3873 dicitur
1965 3836 1978 3883 ;
2000 3821 2280 3890 proprium

702 3915 829 3956 vero
863 3901 1036 3956 locum
1065 3903 1111 3957 si
1151 3905 1473 3976 disponatur
1497 3919 1644 3965 recte
1675 3909 1759 3965 sic
1783 3911 2054 3980 supplebit
2088 3909 2284 3966 τ’Λλλά

704 3992 903 4061 μᾶλλον
923 3995 970 4047 oi
997 3995 1095 4064 τῆς
1111 3995 1433 4066 εὐεργεσίας
1448 3999 1997 4071 ἀντιλαμϐανόμενοι,
2021 4003 2276 4058 δουλευὲ-

702 4101 901 4148 τωσαν,
937 4087 1019 4140 ὅτι
1043 4088 1224 4141 πιστοί
1252 4089 1358 4142 είτι
1388 4090 1484 4142 καὶ
1529 4093 1836 4163 ἀγαπητοί’
1900 4109 2092 4164 uetnpe
2138 4099 2281 4166 quod

705 4173 948 4242 ipsorum
985 4176 1101 4230 lteri
1137 4178 1274 4232 tales
1301 4179 1434 4234 sint.

779 4267 860 4320 l3.
893 4267 969 4321 Ad
1005 4269 1256 4323 eumdem
1290 4271 1510 4326 modum
1549 4281 1604 4327 et
1639 4271 1746 4328 hoc
1781 4274 2034 4340 refertur,
2087 4275 2282 4346 Ὑμεῖς

702 4356 756 4416 δὲ
778 4358 875 4428 οὐχ
913 4358 1084 4424 οὔτως
1116 4361 1347 4430 ἐμάθετε
1368 4363 1461 4417 τὸν
1490 4365 1746 4436 Χριστὸν,
1783 4366 1898 4433 εἴγε
1921 4366 2085 4420 αὐτὸν
2109 4368 2278 4437 ἠκού-

707 4466 833 4502 σατε
853 4493 867 4509 .
893 4452 986 4506 καὶ
1021 4454 1079 4505 ἐν
1099 4452 1250 4525 αὐτῷ
1278 4455 1594 4525 ἐδιδάχθητε
1619 4473 1635 4489 ο
1666 4456 1851 4520 καθώς
1871 4459 2018 4511 ἐστιν
2071 4459 2104 4529 ἡ
2149 4458 2281 4529 ἁλή-

2455 3356 2543 3426 ιβ¹.
2563 3357 2677 3425 Τῆς
2696 3355 2870 3424 αὐτῆς
2896 3355 3078 3425 μέντοι
3102 3355 3461 3425 τροπολογίας
3485 3355 3666 3424 ἔχεται
3691 3353 3880 3407 καὶτ6’
3905 3355 3985 3408 Οῑ

2380 3449 2434 3502 δέ
2461 3449 2683 3510 πιστοὺς
2699 3447 2912 3515 ἔχοντες
2930 3445 3196 3508 δεσπότας
3217 3445 3292 3516 μὴ
3318 3445 3856 3515 καταφρονείτωσαν,
3879 3448 3980 3500 ὅτι

2382 3538 2601 3604 ἀδελφοί
2630 3537 2800 3590 εἰσιν·
2831 3535 2969 3589 άλλά
2999 3535 3204 3605 μᾶλλον
3225 3535 3647 3597 δουλευέτωσαν,
3675 3535 3756 3589 ὅτι
3784 3537 3988 3590 πιστοί

2382 3631 2489 3682 εἰσι
2529 3630 2622 3682 καὶ
2647 3628 2943 3699 ἀγαπητοὶ,
2990 3628 3044 3680 οἱ
3083 3627 3183 3696 τῆς
3222 3626 3541 3698 εὐεργεσίας
3563 3626 3982 3696 ἀντιλαμϐανό-

2385 3737 2535 3789 μενοι
2577 3719 2610 3789 ῆ
2663 3720 3018 3789 μετέχοντες·
3073 3720 3136 3775 τὸ
3187 3720 3323 3790 γάρ,
3381 3720 3434 3772 al
3483 3721 3589 3790 τῆς
3634 3721 3981 3789 εὐεργεσίας

2384 3811 2926 3881 ἀντιλαμϐανόμενοι.
2973 3811 3209 3882 φανερὸν
3251 3812 3328 3876 ὼς
3367 3811 3750 3884 ὐπερτέθειται
3776 3828 3791 3842 ·
3837 3813 3992 3867 ἁνα-

2385 3902 2670 3975 πληρώσει
2689 3903 2748 3957 δέ
2764 3906 2864 3975 τὴν
2886 3903 3096 3959 οἰκείαν
3124 3903 3309 3974 χώραν
3329 3902 3471 3957 οὕτω
3495 3919 3612 3966 πως
3641 3902 3948 3972 διαταχθὲν
3969 3920 3987 3936 ο

2388 3995 2552 4050 Ἀλλὰ
2613 3996 2816 4066 μᾶλλον
2843 3998 2893 4051 oi
2937 3995 3036 4063 τῆς
3073 3995 3392 4064 εὐεργεσίας
3441 3994 3991 4063 ἀντιλαμϐανόμενοι

2381 4083 2802 4149 δουλευέτωσαν,
2829 4085 2912 4137 ὅτι
2940 4083 3117 4138 πιστοί
3142 4085 3246 4137 είσι
3282 4084 3376 4136 καὶ
3421 4084 3732 4155 ἀγαπητοί·
3762 4084 3816 4137 οι
3882 4085 3989 4138 δε-

2385 4177 2580 4230 σπόται
2603 4176 2868 4247 δηλονότι.

2457 4273 2548 4336 ιγ’.
2584 4268 2676 4330 Εἰς
2727 4266 2818 4321 τὸν
2843 4267 3009 4321 αὐτὸν
3049 4266 3340 4337 δὲτρόπον
3387 4266 3716 4338 ἀναφέρεται
3750 4266 3850 4322 καὶ
3889 4270 3987 4329 τέ.

2399 4360 2591 4429 Ὑμεῖς
2609 4361 2666 4413 δέ
2692 4361 2791 4430 οὐχ
2820 4358 2992 4423 οὕτως
3017 4360 3248 4429 ἐμάθετε
3264 4361 3354 4414 τὸν
3368 4360 3630 4432 Χριστόν·
3666 4361 3782 4429 εῐγε
3806 4361 3993 4414 αὐτὸν

2385 4451 2657 4524 ἠκούσατε
2675 4453 2768 4506 καὶ
2793 4454 2850 4505 ἐν
2867 4451 3015 4520 αὐτῷ
3042 4452 3380 4521 ἐδιδάχθητε,
3405 4452 3588 4516 καθώς
3611 4453 3758 4506 ἐστιν
3781 4454 3814 4522 ἡ
3834 4452 3992 4522 άλη-

705 4542 822 4595 ὕεια
847 4544 904 4596 ἐν
935 4543 1014 4615 τῷ
1052 4544 1251 4617 Ἰησοῦ,
1282 4546 1584 4601 ἀποθέσθαι
1608 4548 1753 4618 ὑμᾶς
1780 4549 1920 4601 κατὰ
1948 4548 2046 4620 τὴν
2086 4550 2281 4620 ’προτέ-
2317 4529 2358 4581 D
2387 4544 2508 4598 θεια
2531 4545 2590 4596 ἐν
2618 4541 2696 4613 τῷ
2744 4542 2917 4613 Ἰησοῦ
2949 4542 3250 4596 ἀποθέσθαι
3289 4543 3435 4613 ὑμᾶς
3459 4545 3602 4597 κατὰ
3634 4545 3734 4613 τὴν
3773 4545 3996 4613 προτέ-

708 4650 804 4702 ραν
827 4635 1170 4707 ἀναστροιρὴν
1215 4638 1306 4691 τὸν
1353 4637 1586 4693 παλαιὸν
1636 4639 1942 4709 ἄνθρωπον.
1995 4639 2109 4696 Nisi
2137 4642 2284 4697 enim

703 4723 892 4779 ordine
922 4735 1130 4781 mutato
1154 4726 1445 4782 dicerenus
1470 4746 1485 4782 :
1515 4727 1999 4800 ’Δποθέσθαιύμάς
2029 4733 2119 4783 τὸν
2147 4732 2288 4787 κατὰ

704 4818 802 4888 τὴν
831 4819 1100 4890 προτέραν
1129 4819 1477 4892 ἀναστροφὴν
1505 4821 1731 4874 παλαιὸν
1757 4821 2041 4892 άντρωπον
2063 4839 2080 4855 ο
2115 4833 2210 4878 aut
2241 4825 2286 4879 si

705 4911 861 4976 velis,
901 4911 1229 4967 ’Δποθέσθαι
1262 4912 1407 4983 ὑμᾶς
1430 4913 1522 4966 τὸν
1565 4913 1796 4967 παλαιὸν
1853 4915 2164 4984 ἄνθρωπον,
2190 4915 2280 4970 τὸν

705 5004 846 5057 κατὰ
888 5005 986 5075 τὴν
1030 5005 1306 5076 προτέραν
1347 5006 1696 5077 ἀναστροφήν
1721 5021 1735 5035 ·
1793 5006 1942 5062 locus
1988 5023 2152 5062 sensu
2193 5009 2284 5062 de-

704 5096 1040 5150 stitue:-ctur.

783 5187 864 5242 τι.
910 5185 984 5240 Ita
1014 5194 1070 5240 ct.
1104 5185 1156 5240 iu
1187 5187 1330 5254 istis,
1367 5188 1485 5242 Ἵνα
1506 5188 1600 5260 δῳ,
1634 5188 1777 5242 κατὰ
1809 5187 1899 5240 τὸν
1929 5189 2162 5242 πλοῦτον
2184 5190 2280 5260 τῆς

706 5278 862 5348 δόξης
890 5278 1057 5332 αὐτοῦ
1089 5279 1317 5351 δυνάμει
1344 5283 1754 5354 κραταιωθῆναι
1777 5281 1868 5335 διά
1891 5281 1985 5336 τοῦ
2027 5281 2280 5352 Πνεῦμα·

709 5387 799 5436 τος
825 5371 991 5427 αὐτοῦ
1034 5372 1116 5437 είς
1160 5375 1250 5428 τὸν
1301 5375 1410 5429 ἔσω
1457 5377 1782 5446 άνθρωπων,
1831 5378 2156 5446 κατοικῆσαι
2196 5373 2286 5427 τὸν

711 5465 942 5536 Χριστὸν
991 5465 1084 5538 διᾲ
1107 5468 1206 5540 τῆς
1240 5468 1475 5535 πίστεως
1506 5471 1564 5525 ἐν
1594 5472 1714 5536 ταῖς
1746 5468 1996 5540 καρδίαις
2032 5467 2207 5536 ὐμῶν,
2228 5469 2288 5523 ὲν

2393 4655 2493 4707 ραν
2549 4635 2893 4709 ἀναστροφὴν
2942 4636 3034 4690 τὸν
3070 4635 3294 4689 παλαιὸν
3324 4636 3628 4707 ἄνθρωπον.
3665 4637 3726 4689 Et
3758 4637 3834 4705 μὴ
3863 4638 3996 4707 γὰρ

2394 4729 2724 4801 ὑπερθέντες
2750 4730 2887 4785 εἴποι
2901 4745 3021 4798 μεν,
3053 4727 3380 4781 ’Δποθέσθαι
3403 4729 3547 4792 ὑμᾶς
3572 4729 3661 4781 τὸν
3694 4727 3837 4780 κατὰ
3874 4730 3998 4799 τὴν

2390 4823 2661 4892 προτέραν
2695 4821 3043 4890 ἀναστροφὴν
3070 4819 3297 4874 παλαιὸν
3327 4819 3649 4889 ἄνθρωπον·
3687 4820 3743 4888 ἢ,
3775 4821 3822 4872 εί
3854 4819 4000 4888 βούο

2391 4915 2492 4978 λει,
2525 4912 2847 4968 Ἀποθίσθαι
2865 4913 3009 4982 ὐμᾶς
3035 4911 3126 4965 τὸν
3148 4911 3379 4965 παλαιὸν
3401 4911 3688 4980 ἄνθρωπον
3710 4909 3804 4962 τὸν
3831 4914 3998 4966 κατΞι

2395 5005 2492 5074 τὴν
2515 5006 2790 5077 προτέραν
2818 5004 3169 5076 ἀναστροφὴν
3220 5005 3303 5066 είς
3344 5003 3665 5072 ἀδιανόητον
3688 5001 3754 5057 ἂν
3815 5019 4000 5075 περιε-

2391 5099 2701 5169 ενεχθέντες
2732 5096 2818 5168 είη
2827 5114 2947 5166 μεν.

2465 5189 2543 5242 ιδ’.
2565 5189 2675 5242 Καὶ
2699 5188 2763 5260 δὴ
2787 5187 2884 5241 καὶ
2913 5187 2970 5239 ἐν
2994 5185 3094 5257 τῷ,
3122 5186 3242 5241 ἰνα
3267 5185 3346 5256 δῷ
3362 5184 3504 5239 κατὰ
3516 5185 3608 5238 τδν
3625 5184 3859 5237 πλοῦτον
3878 5185 4000 5255 τῆς

2391 5280 2546 5349 δόξης
2575 5279 2739 5333 αὐτοῦ
2771 5279 3000 5348 δυνάμει
3031 5276 3437 5348 κραταιωθῆναι
3460 5275 3552 5329 διὰ
3595 5273 3690 5328 τοῦ
3723 5273 4000 5342 Πνεῦμα-

2391 5390 2482 5436 τος
2512 5371 2676 5426 αὐτοῦ
2699 5373 2778 5437 είς
2801 5372 2889 5424 τὸν
2918 5373 3028 5424 tam
3045 5369 3354 5439 ἄνθρωπον,
3378 5368 3706 5436 κατοικῆσαι
3724 5365 3821 5420 τὸν
3840 5366 4001 5436 Χτ-ι-

2396 5465 2520 5519 στὸν
2538 5465 2629 5519 διὰ
2659 5467 2762 5538 τῆς
2783 5465 3017 5528 πίστεως
3048 5463 3108 5518 ἐν
3123 5455 3254 5528 ταῖς
3268 5460 3518 5533 καρδίαις
3543 5459 3720 5531 ὐμῶν,
3747 5459 3808 5513 ἐν
3829 5459 3997 5528 ἀγά-

1979 5695 2221 5753 ΥᾹΚΙιΕ
2259 5696 2657 5752 ιιΕρτιοκιςδ.

848 5851 938 5910 la.
974 5855 1075 5923 τῷ.
