4200 6444
247 455 350 521 σοι
1194 454 1293 516 AD
1328 452 1919 515 AMPIIILOCIIIUM
1956 453 2304 525 QUIESTIO
2340 455 2557 519 XCIII.
3382 463 3499 531 θοι

245 572 348 641 τὴν
378 568 668 637 ἀναλογίαν
699 568 797 638 τῆς
821 566 1081 632 πίστεως,
1117 566 1227 620 εῐτε
1259 564 1539 618 διακονίαν
1580 564 1637 616 ἐν
1666 566 1733 633 τῇ
1760 563 2030 633 διακονίᾳ,
2061 564 2172 616 είτε
2201 564 2230 616 6
2266 563 2537 619 διδάσκων
2572 565 2630 619 ἐν
2654 567 2721 638 τῇ
2753 566 3087 642 διδασκαλίᾳ,
3122 571 3234 625 εἴτε
3258 572 3289 626 6
3317 589 3491 645 παρα.

246 666 432 719 καλῶν
461 667 519 718 ἐν
544 667 612 735 τῇ
641 664 1007 735 παρακλήσει,
1037 664 1066 716 6
1111 660 1422 732 μεταδιδοὺς
1451 660 1509 711 ἐν
1542 657 1828 727 ἁπλότητι,
1874 658 1902 709 6
1953 658 2348 726 προϊστάμενος
2399 659 2457 711 ἐν
2512 660 2790 731 σπουδῇ,ό
2837 662 3006 715 ἐλεῶν
3058 666 3117 717 ἐν
3165 666 3485 746 ἱλαρότητι·

244 756 405 811 τοῦτο
432 757 517 827 δὴ,
550 755 711 810 τοῦτο
738 755 800 809 16
826 755 989 825 ῥητὸν
1030 752 1283 824 λαμπρὸν
1341 751 1413 804 ἂν
1466 750 1550 821 εἴη
1610 747 2073 819 περιϐεϐλημένου
2128 748 2286 817 λόγου
2335 750 2721 822 παράδειγμ’
2766 752 2878 823 εχει
2913 753 3014 824 μέν
3051 756 3159 827 γάρ
3193 757 3355 820 εὐθὺς
3409 760 3490 829 τῷ

248 850 527 920 καθολικῷ
553 849 923 919 ἐπιφερόμενα
953 847 1022 901 τά
1054 845 1254 918 μερικά
1273 860 1287 873 ·
1312 841 1472 897 τοῦτο
1500 842 1619 913 μὲν,
1644 840 1722 911 τῷ
1747 840 2042 910 χαρίσματι
2074 841 2173 913 τὴν
2205 843 2537 913 προφητείαν
2563 846 2655 897 καὶ
2676 845 2775 915 τὴν
2805 847 3085 902 διακονίαν
3109 865 3123 880 ο
3152 849 3312 902 τοῦτο
3339 851 3383 904 δ’
3414 850 3484 908 αὖ

251 944 415 999 πάλιν
436 945 504 1012 τῇ
534 942 777 1013 διακονίᾳ
798 941 864 994 τά
892 937 1241 1009 μερικώτερα
1275 935 1479 1005 ταύτης
1501 933 1599 1005 τήν
1618 932 1966 986 διδασκαλίαν
1993 934 2090 1004 τὴν
2113 934 2475 1005 παράκλησιν,
2511 936 2605 990 καὶ
2651 937 2765 1005 είγε
2808 937 3011 1008 βούλει,
3041 941 3105 1011 τῇ
3137 941 3484 1010 παρακλήσει

249 1039 351 1110 τὴν
374 1036 679 1107 μετάδοσιν,
717 1035 818 1102 τὴν
841 1031 1195 1097 προστασίαν,
1226 1030 1328 1099 τὴν
1359 1027 1749 1098 ἐλεημοσύνην.
1772 1027 1841 1080 'U
1862 1044 1922 1080 τε
1942 1028 2050 1098 γὰρ
2082 1027 2392 1097 μεταδιδοὺς
2420 1029 2514 1082 καὶ
2531 1030 2559 1080 6
2578 1031 2975 1101 προϊστάμενος
3010 1035 3107 1088 καὶ
3134 1035 3164 1087 6
3192 1035 3381 1099 ἐλεῶν,
3404 1037 3489 1100 εἰς

249 1129 583 1199 παραψυχήν
605 1144 727 1181 τινα
755 1127 848 1180 καὶ
871 1123 1218 1197 παράκλησιν
1240 1122 1594 1191 καθίστανται
1612 1136 1627 1153 ο
1666 1122 1778 1183 τοῖς
1806 1120 1850 1173 δ’
1896 1120 2075 1173 αὐτῶν
2110 1120 2587 1191 εὐεργετουμένοις
2620 1123 2681 1175 οὐ
2721 1124 2828 1192 μὴν
2851 1124 2988 1178 ἀλλά
3022 1127 3116 1179 καὶ
3144 1126 3263 1179 καθ’
3296 1127 3488 1197 ἓτερον

246 1222 450 1291 τρόπον
480 1219 873 1291 περιϐέϐληται
894 1233 911 1249 ⁸
939 1219 1041 1288 τὴν
1072 1216 1251 1270 αἰτίαν
1280 1215 1388 1286 γάρ
1414 1216 1564 1268 ἐστιν
1598 1210 1681 1276 οἷς
1708 1212 2012 1284 προσάπτει
2035 1212 2143 1265 τῶν
2176 1215 2619 1283 κεχαρισμένων
2670 1215 2732 1267 οὐ
2777 1216 3167 1287 περιϐέϐληται
3210 1218 3268 1271 66
3301 1219 3486 1288 μόνον,

248 1313 389 1366 ἀλλά
410 1311 505 1364 καὶ
529 1310 609 1379 τῷ
637 1310 823 1381 τρόπῳ
853 1307 1189 1361 ποικίλλεται
1217 1305 1296 1376 τῷ
1327 1316 1350 1344 ι
1385 1304 1494 1358 ἀπὸ
1515 1303 1697 1357 κοινοῦ
1716 1318 1731 1332 ·
1765 1304 1862 1356 καὶ
1890 1304 1954 1373 δὴ
1977 1303 2341 1371 προϐάλλεται
2369 1305 2464 1358 καὶ
2488 1305 2584 1374 τὴν
2610 1305 2827 1369 εἰδικῶς
2845 1307 3186 1377 καλουμένην
3215 1310 3484 1381 ἐλλειψινο

250 1406 314 1457 16
344 1404 475 1473 γάρ,
509 1402 745 1473 ἔχοντες,
772 1401 883 1455 ἀπὸ
914 1397 1094 1453 κοινοῦ
1132 1400 1152 1436 ί
1188 1398 1288 1468 μιν
1318 1398 1544 1466 φέρεται
1575 1396 1713 1447 κατά
1738 1394 1854 1458 τοῦ,
1878 1394 2001 1447 Εἴτε
2046 1393 2385 1463 προφητείαν
2405 1394 2514 1448 εἴτε
2545 1395 2849 1449 διακονίανο
2873 1399 2953 1460 εἰς
2985 1399 3046 1452 τὸ
3072 1400 3487 1471 καλούμενονδέ

250 1494 464 1565 ζεῦγμα
481 1492 815 1561 διασχίζεται
838 1531 853 1556 ,
876 1490 970 1543 ἐπὶ
996 1488 1115 1555 τοῦ,
1144 1490 1254 1542 εἴτε
1282 1489 1311 1541 6
1344 1488 1630 1549 διδάσκων,
1666 1486 1775 1539 είτε
1803 1487 1831 1537 6
1864 1483 2222 1552 παρακαλῶν*
2262 1483 2355 1537 καὶ
2373 1486 2432 1536 δν
2458 1488 2571 1548 τοῖς
2608 1486 2808 1557 ἑφεξῆς
2834 1487 2892 1541 δὲ
2935 1489 3125 1559 μέρεθι
3155 1491 3253 1546 τοῦ
3301 1494 3485 1562 λόγωι

249 1588 361 1641 Kal.
387 1586 497 1656 γάρ
527 1585 588 1637 ἐν
615 1585 756 1653 ἀρχῇ
784 1580 1157 1652 πληθυντικῶς
1182 1577 1641 1648 ἐκπεφιονημένου
1666 1574 1784 1639 τοῦ,
1808 1575 2044 1645 εχοντες,
2073 1573 2268 1637 ἐνικῶς
2294 1574 2624 1645 ἐξακούομεν
2658 1578 2749 1629 ἐπί
2779 1594 2840 1630 τε
2858 1578 2974 1642 τοῦ,
3001 1578 3063 1634 '0
3094 1582 3358 1637 διδάσκων
3387 1586 3485 1638 καὶ

245 1681 277 1733 ὁ
298 1677 652 1748 παρακαλῶν,
681 1678 775 1729 καὶ
799 1674 908 1726 τῶν
922 1673 1096 1726 ἀλλων
1114 1688 1128 1703 ο
1148 1671 1310 1726 πάλιν
1332 1670 1388 1723 66
1416 1670 1476 1722 16
1503 1668 1633 1722 αὐτὸ
1658 1667 1857 1739 χωρίον
1869 1668 2139 1738 κρέμαται
2154 1668 2295 1734 ὅλον,
2324 1666 2630 1720 ἀνάπαυσιν
2655 1668 2757 1721 οὐκ
2783 1669 2904 1738 εχον
2920 1671 3196 1740 οὐδεμίαν,
3233 1675 3300 1729 ἂν
3328 1677 3403 1747 μή
3428 1685 3487 1729 τι

250 1776 402 1845 ῥῆμα
460 1769 885 1842 προσεπινοηθῇ.
923 1770 1022 1821 ‘Av
1071 1766 1183 1837 γάρ
1237 1768 1312 1837 μὴ
1345 1765 1718 1834 ἐπινοήσωμεν
1738 1761 1822 1826 τὸ,
1853 1764 2060 1831 μενέτω
2090 1762 2189 1831 μέν
2211 1761 2267 1814 ἐν
2314 1775 2375 1813 τε
2408 1762 2476 1828 τῇ
2518 1760 2759 1832 διακονίᾳ
2804 1764 2896 1815 καί
2936 1762 3249 1838 διδασκαλία
3298 1770 3388 1822 καὶ
3414 1772 3483 1840 τῇ

246 1866 589 1938 παραϐλήσει
619 1862 840 1933 [corrig.
878 1857 1241 1931 παρακλήσει]
1266 1876 1279 1891 ’
1309 1856 1405 1911 καὶ
1436 1857 1545 1928 πρό
1568 1873 1631 1925 γε
1653 1854 1856 1909 τούτων
1903 1858 1962 1910 ἐν
1994 1854 2094 1925 τῷ,
2126 1855 2239 1909 εἴτε
2283 1858 2617 1927 προφητείαν
2657 1855 2803 1908 κατά
2830 1854 2928 1926 τὴν
2959 1857 3247 1927 ἀναλογίαν
3268 1863 3369 1932 τῆς
3391 1865 3484 1915 πί-

254 1974 421 2021 στεως
453 1958 591 2027 μετά
615 1957 712 2009 καὶ
733 1954 1048 2024 προσθήκης
1073 1950 1189 2018 τοῦ,
1212 1952 1270 2005 ἐν
1289 1952 1358 2021 τῇ
1383 1948 1694 2021 προφητείᾳ
1718 1962 1733 1979 ο
1757 1946 1833 2018 μὴ
1859 1946 2185 2017 συνάψωμεν
2212 1948 2270 2001 δέ
2300 1947 2460 2002 πάλιν
2484 1948 2562 2018 τῷ
2578 1956 2630 2012 ιι,
2652 1949 2978 2018 μεταδιδότω
3003 1952 3096 2005 καὶ
3135 1957 3483 2025 προῖστάσθω

254 2050 343 2100 al.
379 2046 617 2110 ἐλεείτω,
649 2047 761 2108 τοῖς
784 2043 1001 2113 ἐφεξῆς,
1019 2041 1207 2105 ἀτελὲς
1245 2041 1369 2094 ὅλον
1393 2039 1488 2093 καὶ
1508 2038 1838 2109 παράσημον
1858 2036 2220 2106 πεποιηκότες
2256 2037 2324 2092 ἀν
2345 2037 2540 2110 είημεν
2568 2038 2631 2093 16
2649 2039 2869 2110 χωρίον.
2908 2040 3066 2096 Ἀλλά
3092 2043 3154 2097 16
3190 2046 3291 2114 μέν
3311 2051 3476 2122 ῥητὸν

251 2138 402 2193 τοῦτο
431 2138 609 2209 τρισὶν
634 2136 752 2207 ἅμα
775 2132 1223 2207 διεσχηματίζετο
1249 2130 1495 2201 τρόποις.

314 2236 426 2295 χς¹,
468 2228 697 2298 Ἐφεξῆς
723 2228 780 2281 δὲ
809 2226 971 2279 πάλιν
1001 2226 1030 2279 6
1060 2222 1401 2286 ἐλλειπτικὸς
1428 2218 1758 2293 προκύπτει.
1796 2218 1987 2273 Δείπει
2005 2219 2116 2289 γάρ
2135 2219 2195 2273 6v
2214 2217 2314 2287 τῷ,
2351 2218 2415 2274 Ἦ
2443 2222 2634 2293 ἀγάπη
2659 2222 3043 2295 ἀνυπόκριτος,
3084 2230 3165 2295 16,
3195 2231 3356 2299 εστω,
3382 2223 3478 2289 καὶ

243 2319 430 2373 λοιπὸν
456 2318 678 2383 ἐφεξῆς.

849 2406 1097 2478 περίοδος
1126 2402 1362 2474 δέχεται,
1390 2402 1447 2472 ή,
1497 2396 1957 2467 ’Δποστυγούντες
1991 2396 2054 2451 16
2082 2396 2318 2469 πονηρόν
2343 2412 2359 2431 ο
2385 2399 2507 2469 ήτις
2541 2398 2629 2455 διά
2661 2404 3006 2471 μακροτάτου
3034 2411 3329 2483 ποιουμένη
3374 2413 3473 2484 τήν

238 2506 517 2569 ἀπόδοσιν,
547 2504 625 2564 εἰς
663 2500 878 2570 πνεῦμα
913 2496 1014 2565 μὲν
1054 2494 1399 2549 ἀποτείνεται
1417 2507 1432 2522 ·
1459 2491 1561 2545 οὐκ
1592 2488 1939 2560 ἀπήλλακται
1968 2487 2025 2541 66
2050 2487 2174 2540 οὐδέ
2201 2487 2297 2541 τοῦ
2316 2487 2763 2560 περιϐεϐλῆσθαι.
2792 2491 2868 2544 T6
2887 2492 3013 2565 γάρ,
3040 2496 3475 2570 ἀποστυγοῦντες

238 2599 305 2652 16
337 2598 594 2667 πονηρὸν,
627 2595 707 2656 είς
733 2593 830 2659 16,
862 2592 1147 2658 Εὐλογεῐτε
1172 2588 1300 2651 τούς
1342 2586 1639 2646 διώκοντας
1698 2583 1863 2652 ὑμᾶς,
1916 2580 2187 2649 εὐλογεῖτε
2226 2582 2320 2634 καὶ
2364 2581 2440 2652 μή
2465 2582 2803 2653 καταρᾶσθε,
2832 2584 2926 2638 τὸν
2964 2588 3311 2659 ἀπαρτισμὸν
3336 2592 3475 2663 λαμ·

240 2692 419 2745 δάνει.
462 2689 615 2742 Ἐπεὶ
642 2688 738 2741 καὶ
768 2684 875 2738 τῶν
904 2683 1077 2738 ἀλλων
1108 2677 1297 2733 πασῶν
1337 2675 1544 2748 ἀρετῶν
1581 2675 1728 2739 τέλος
1755 2674 1875 2727 ἐστὶ
1899 2672 1994 2727 καὶ
2023 2673 2187 2726 οἰονεὶ
2232 2673 2707 2742 συγηφαλαίωσις
2728 2676 2792 2728 16
2827 2675 2988 2746 μέχρι
3020 2679 3128 2732 τῶν
3148 2680 3358 2751 ἐχθρῶν
3378 2686 3479 2738 καίι

247 2780 637 2853 μεμισηκότων
660 2778 758 2849 τὴν
788 2775 1095 2845 ἀγαθότητα
1126 2773 1223 2827 καὶ
1286 2773 1507 2841 ἀγάπην
1560 2768 1935 2840 παρατείνειν.
1990 2767 2146 2821 Κατά
2171 2767 2280 2837 γάρ
2320 2766 2525 2837 ταύτην
2546 2767 2646 2838 τὴν
2674 2768 2874 2837 πρᾶξιν
2898 2770 2993 2823 καὶ
3028 2773 3058 2826 6
3083 2775 3350 2844 σωτήριος
3384 2792 3481 2830 και

245 2871 483 2943 ἀψευδὴς
514 2879 540 2908 '
571 2870 724 2937 λόγος
763 2863 1156 2937 ἀφομοιοῦσθαι
1191 2862 1319 2926 τούς
1351 2862 1446 2914 ἐπὶ
1490 2860 1594 2929 γῆς
1642 2858 1962 2929 ἀνθρώπους
1993 2856 2129 2928 πρὸς
2152 2855 2245 2909 τὸν
2273 2858 2333 2910 ἐν
2372 2856 2626 2928 οὐρανοῖς
2662 2857 3003 2913 ἐπιστώσατο
3043 2863 3280 2935 Πατέρα.
3317 2868 3480 2923 ‘An;

239 2968 351 3038 γὰρ
385 2966 521 3018 πολύ
554 2964 757 3034 πλῆθος
778 2966 837 3018 6v
866 2965 979 3026 τοῖς
1006 2968 1294 3035 γράμμασι
1324 2962 1419 3017 τοῦ
1449 2962 1594 3016 θείου
1649 2960 1861 3016 Παύλου
1915 2957 2024 3012 τῶν
2068 2956 2326 3011 τοιούτων
2364 2957 2543 3011 ινεστι
2587 2960 3079 3030 παραδειγμάτων
3116 2963 3176 3028 ἐξ
3216 2959 3292 3019 ὧν
3318 2967 3477 3037 ὀλίγα

238 3062 669 3133 παρεθέμην,δι“
697 3062 876 3125 ἀςκαὶ
903 3061 1179 3131 καταρχὰς
1202 3059 1496 3130 ὑπολήψεις
1524 3057 1679 3127 ἔφην,
1713 3049 1802 3119 αἷς
1825 3055 1925 3117 τὰς
1956 3052 2134 3116 αἰτίας
2162 3053 2479 3124 ἀνατίθημι,
2510 3053 2605 3107 καὶ
2628 3054 2764 3109 διότι
2802 3057 2937 3125 μηδέ
2970 3058 3098 3129 περὶ
3135 3059 3243 3115 τῶν
3270 3060 3474 3116 λοιπῶν

238 3151 325 3221 οἷς
351 3159 716 3226 συνεχρήσατο
744 3155 1021 3225 διεξῆλθον
1044 3154 1243 3227 τρόπον
1270 3154 1406 3217 ὅλως
1431 3170 1493 3207 τε
1525 3152 1657 3223 περὶ
1695 3151 1901 3222 τρόπου
1928 3150 2198 3218 γενέσεως
2238 3147 2331 3201 καὶ
2359 3147 2622 3218 διαφορᾶς
2656 3148 2953 3218 ποσότητός
2978 3165 3038 3203 τε
3070 3153 3163 3203 καὶ
3199 3154 3467 3223 χρήσεωςο

239 3242 366 3298 ἰθεν
388 3260 449 3297 τε
484 3247 518 3314 ή
556 3244 882 3315 τροπολογία
910 3246 1035 3314 εφυ,
1067 3244 1165 3299 καὶ
1192 3244 1260 3297 δι’
1291 3244 1359 3314 ήν
1408 3259 1538 3297 ποτε
1570 3241 1747 3295 αἰτίαν
1801 3241 1835 3311 ὴ
1907 3237 2150 3307 Ἑλληνὶς
2186 3236 2391 3307 ταύτην
2432 3236 2747 3306 ᾠκειώσατο
2790 3238 3009 3307 γλῶσσα
3032 3258 3047 3272 ·
3084 3243 3203 3296 οὐδὲ
3233 3246 3339 3314 γάρ
3366 3247 3476 3300 0-360

238 3336 536 3406 ἀξιώσαιμι
562 3352 575 3365 ·
605 3336 728 3389 οὐτε
762 3337 823 3390 σε
850 3336 1057 3390 δεῖσθαι
1086 3334 1381 3405 μαθήσεως
1402 3334 1540 3397 ὅλως
1581 3333 1683 3405 τῆς
1725 3335 1857 3403 περὶ
1886 3328 2061 3383 ταῦτα
2104 3327 2424 3401 τηλικοῦτον
2464 3328 2596 3384 ὄντα
2622 3330 2739 3385 οὐθ’
2769 3331 2915 3403 ἡμᾶς
2936 3333 2993 3387 ἐν
3020 3336 3086 3404 τῇ
3116 3337 3244 3405 περὶ
3270 3338 3474 3394 τούτων

238 3427 559 3498 διδασκαλία
584 3427 1005 3497 φιλοτιμεῖσθαι.

304 3522 385 3573 Τά
422 3521 521 3592 μιν
563 3521 669 3591 γὰρ
702 3521 1016 3593 στοιχειώδη
1044 3537 1105 3575 τε
1131 3520 1229 3575 καὶ
1259 3522 1436 3576 οἰκεῖα
1450 3522 1560 3585 τοῖς
1592 3522 1810 3589 εἰσαγο-
1836 3526 1891 3585 Α

1836 3526 1891 3585 Α
1973 3516 2107 3583 ροσε
2124 3517 2269 3572 enim
2296 3526 2426 3573 sunt
2452 3518 2698 3589 quaedam
2715 3518 3063 3576 elementaria
3088 3523 3340 3593 primitus
3364 3528 3472 3581 ini-

240 3615 458 3682 μένοιςσ
487 3612 557 3666 τά
598 3612 676 3678 δέ,
723 3613 790 3667 δι’
820 3607 897 3668 ὧν
924 3613 1135 3685 ἔφημεν
1199 3614 1614 3685 ὑποδειγμάτων
1660 3615 1805 3683 σαφῆ

238 3706 336 3759 καὶ
362 3704 548 3776 ῥᾳδίαν
581 3704 770 3774 είληφε
794 3705 894 3774 τὴν
923 3704 1146 3774 γνῶσιν.
1176 3705 1298 3760 Τῶν
1330 3706 1429 3776 μιν
1454 3700 1546 3760 οὖν
1570 3707 1806 3759 ἀποστο-

237 3798 407 3850 λικῶν
435 3798 778 3867 γραμμάτων
831 3796 929 3851 καὶ
968 3800 1080 3861 τοῖς
1112 3799 1422 3869 εἰρημένοις
1467 3797 1562 3852 καὶ
1593 3796 1805 3861 πολλοῖς

236 3890 448 3959 ἐτέροις
479 3889 750 3959 σχήμασιν
771 3888 801 3941 6
830 3891 1115 3959 χαρακτὴρ
1148 3889 1289 3943 οὐτω
1327 3890 1538 3959 πέφυκε
1578 3888 1805 3959 διαμορο

235 3981 472 4051 φοῦσθαι
496 3996 511 4011 ο
540 3980 661 4050 οὐχὶ
683 3979 727 4033 6'
745 3981 882 4052 ὅπερ
900 3982 992 4035 καὶ
1021 3980 1287 4052 πολλαχοῦ
1305 3982 1627 4053 ἀπειπάμην
1642 3983 1807 4055 τέχνῃ

235 4074 335 4126 καὶ
362 4072 558 4142 μελέτῃ
590 4069 763 4126 ταῦτα
790 4073 1022 4143 γράφειν
1062 4072 1225 4125 αὐτὸν
1259 4074 1427 4144 ἡδέως
1462 4073 1673 4143 εἴποιμι
1697 4072 1762 4127 ἀν
1784 4089 1799 4103 ο

234 4167 337 4234 οὐχ
357 4162 530 4227 οὕτως
558 4163 868 4234 μικρολογῶ
890 4163 981 4215 τὸν
999 4162 1249 4232 οὐράνιον
1268 4164 1364 4219 ἀνθ
1373 4180 1552 4235 ρωπον
1573 4165 1804 4229 ἐκεῖνον,

233 4251 330 4301 τὸν
370 4248 447 4312 ὡς
491 4249 669 4302 οἰκίαν
721 4249 755 4319 ἢ
790 4250 942 4303 πόλιν
993 4250 1122 4316 μίαν
1167 4250 1265 4321 τήν
1310 4252 1638 4322 οἰκουμένην
1675 4251 1804 4322 ὃλην

236 4340 532 4395 πολίσαντα
559 4339 638 4409 τῷ
661 4340 975 4410 κηρύγματι
995 4357 1011 4371 ·
1053 4340 1169 4394 ἀλλ’
1198 4342 1426 4412 ἐμφύτῳ
1466 4343 1658 4412 κράτει
1688 4343 1805 4396 δια-

234 4432 385 4492 νοίας
442 4431 539 4485 καὶ
567 4431 646 4501 τῷ
680 4433 809 4503 περὶ
847 4433 1023 4487 πάντα
1047 4430 1377 4503 δραστηρίῳ,
1409 4432 1610 4501 μᾶλλον
1642 4431 1699 4485 66
1733 4434 1802 4504 τῇ

230 4524 443 4577 ἀνωθεν
471 4524 651 4593 χάριτι
668 4538 685 4555 ο
718 4523 754 4593 ή
785 4523 985 4577 καὶτὸν
1022 4522 1246 4577 πλοῦτον
1263 4524 1413 4594 αὐτῷ
1435 4525 1533 4593 τῆς
1559 4524 1800 4594 ἐμφύτου

230 4614 487 4683 γνώσεως
520 4615 615 4669 καὶ
644 4614 742 4684 τῆς
776 4615 915 4687 ὑπὲρ
938 4615 998 4668 16
1023 4614 1360 4686 ἀνθρώπινον
1400 4616 1680 4685 ἀγχινοίας
1708 4615 1802 4669 καὶ

231 4708 551 4777 φρονήσεως
589 4705 899 4776 χορηγοῦσα
940 4706 1027 4761 διά
1078 4708 1295 4761 πάντων
1342 4708 1402 4762 οὐ
1437 4707 1695 4775 διέλιπεν,
1733 4709 1800 4763 δι’

1910 3611 2098 3665 tiatis:
2136 3609 2245 3664 alia
2278 3608 2578 3665 redduntur
2604 3610 2753 3666 clara
2779 3620 2835 3666 et
2864 3611 3153 3668 manifesta
3203 3615 3358 3680 satis,
3398 3616 3471 3672 ita

1908 3710 1969 3756 ιιι
1990 3699 2147 3756 facile
2173 3700 2500 3771 apprehendi
2531 3703 2747 3773 possint
2784 3717 2879 3774 per
2922 3704 3013 3760 illa
3070 3721 3192 3776 qua:
3244 3709 3473 3777 protuli-

1905 3806 2030 3848 mus
2055 3792 2322 3862 exempla.
2348 3792 2527 3864 Atque
2572 3792 2646 3848 ita
2676 3795 3006 3865 scriptorum
3047 3798 3469 3867 aptistolicorum

1906 3887 2193 3939 character
2222 3900 2318 3956 per
2343 3893 2469 3941 ante
2505 3886 2763 3944 recitatas
2792 3897 2847 3943 ct
2871 3887 3071 3943 multas
3101 3890 3237 3946 alias
3268 3892 3474 3962 ﬁguras

1906 3972 1972 4027 ad
2006 3972 2152 4029 hunc
2182 3974 2401 4029 modum
2436 3975 2751 4031 conﬁrmari
2786 3986 2986 4048 potest.
3011 3977 3119 4034 Nec
3171 3983 3315 4050 quod
3356 3983 3470 4053 jam

1907 4062 2195 4133 aliquoties
2262 4066 2476 4137 negavi,
2528 4068 2761 4123 dixerim
2808 4085 2932 4123 eum
2988 4071 3274 4128 aﬂectasse
3325 4077 3470 4131 hunc

1906 4155 2177 4209 scribendi
2208 4154 2452 4210 modum.
2493 4154 2613 4212 Non
2640 4158 2713 4213 ita
2772 4160 2862 4214 vili
2890 4162 3063 4228 pendo
3086 4164 3361 4221 caelestem
3402 4168 3470 4222 il-

1905 4242 2017 4297 lum
2068 4245 2265 4308 virum,
2323 4245 2418 4316 qui
2466 4256 2636 4301 totum
2679 4249 2865 4303 orbem
2932 4259 3192 4321 tanquam
3253 4256 3468 4312 unicam

1905 4335 2143 4406 aliquam
2175 4337 2488 4392 urbeculam
2520 4340 2861 4409 prmdicando
2896 4342 3168 4397 circumiit
3200 4363 3214 4399 :
3276 4346 3372 4401 sed
3401 4349 3471 4402 ab

1905 4427 2067 4483 insita
2091 4428 2258 4483 animi
2290 4428 2565 4496 facultate,
2595 4443 2645 4486 et
2677 4442 2903 4489 actuoso
2933 4449 3027 4504 per
3055 4438 3236 4491 omnia
3258 4438 3466 4507 habitu,

1904 4517 2015 4573 imo
2052 4520 2231 4588 potius
2256 4534 2286 4574 a
2318 4522 2527 4578 caelesti
2559 4525 2731 4594 gratia
2758 4526 3075 4595 inspiratus,
3104 4545 3223 4599 quae
3250 4532 3468 4591 divitias

1901 4608 2003 4679 ipsi
2024 4610 2167 4677 illas,
2201 4612 2381 4667 insitae
2416 4615 2746 4685 COgnitionis
2775 4626 2828 4671 et
2854 4617 3154 4688 prudentire
3176 4622 3316 4676 ultra
3362 4625 3465 4678 liu-

1903 4715 2115 4755 manam
2170 4713 2224 4757 ct
2255 4704 2626 4775 intelligentia:
2672 4709 2883 4778 copiam
2922 4725 3019 4779 per
3081 4714 3264 4767 omnia
3298 4725 3353 4769 et
3410 4718 3463 4771 in

227 4794 301 4870 ἦς
325 4798 417 4850 καὶ
467 4796 576 4849 τῶν
613 4809 639 4837 ι
692 4797 870 4860 ἀλλοις
921 4797 1022 4852 ὅσα
1072 4798 1224 4851 πόνοι
1272 4799 1369 4851 καὶ
1397 4798 1615 4868 μελέται
1648 4799 1799 4871 μόλις
1830 4862 1866 4871 _

1830 4862 1866 4871 _
1900 4794 2154 4848 omnibus
2184 4798 2443 4850 continuo
2473 4812 2725 4870 suggesta
2763 4803 3145 4871 suppeditavit,
3182 4806 3324 4861 unde
3345 4808 3464 4863 sine

230 4862 588 4958 κατορθοῦσιν
608 4887 771 4952 αὐτὸς
796 4888 1175 4958 ἀταλαίπωρον
1198 4888 1326 4960 ἐσχε
1364 4862 1463 4960 τήν
1485 4862 1680 4962 χρῆσιν
1703 4862 1798 4945 καί
1828 4862 1869 4920 Β

1828 4862 1869 4920 Β
1898 4879 2083 4936 labore
2111 4891 2165 4937 et
2190 4880 2505 4941 diﬂicultate
2533 4862 2695 4943 usum
2735 4862 2921 4946 earum
2978 4907 3160 4947 rerum
3195 4905 3250 4949 et
3308 4912 3463 4953 essc-

229 4978 629 5049 μεταχείρισιν.
658 4978 731 5032 Σύ
764 4978 822 5032 δέ
873 4995 963 5049 μοι
998 4980 1118 5042 ταῖς
1162 4980 1374 5033 ἐκεῖθεν
1416 4980 1675 5053 καθαρῶς
1705 4980 1794 5036 ἐλ-

227 5068 580 5139 λαμπόμενος
629 5068 727 5139 τῆς
766 5068 1023 5139 ἀληθείας
1068 5069 1305 5137 ἀκτῖσιν,
1351 5069 1468 5140 εἴης
1494 5070 1682 5142 ὥσπερ
1734 5073 1795 5126 16

226 5158 566 5229 θεωρητικὸν
618 5158 1052 5230 ὀμματούμενος,
1093 5158 1237 5213 οὕτω
1283 5161 1375 5213 καὶ
1406 5161 1466 5214 16
1493 5162 1793 5232 πρακτικὸν

226 5250 348 5312 ταῖς
372 5247 598 5302 αὐτόθεν
622 5248 859 5313 ἐντολαίς
880 5248 969 5305 διὰ
988 5248 1103 5320 βίου
1136 5248 1549 5321 ρυθμιζόμενος.

1895 4970 2171 5027 cutionem
2206 4975 2647 5045 nanciscebatur,
2688 4996 2827 5051 quas
2872 4982 2964 5035 alii
2996 4998 3093 5053 per
3138 4986 3351 5042 labores
3408 5002 3461 5045 et

1895 5062 2069 5117 serias
2126 5064 2504 5124 meditationes
2557 5073 2644 5124 vix
2703 5085 3084 5139 assequuntur.
3140 5075 3220 5131 Tu
3273 5092 3458 5137 autem

1893 5154 2140 5210 veritatis
2180 5156 2348 5212 radiis
2375 5159 2506 5215 hinc
2539 5166 2953 5220 coruscantibns
2996 5166 3357 5239 illuminatus,
3400 5183 3460 5229 ut

1893 5245 2039 5316 quod
2068 5248 2327 5304 theoriam
2363 5253 2556 5308 attinet
2579 5254 2883 5322 illustrat-is,
2915 5259 2986 5312 ita
3018 5261 3198 5329 quoad
3243 5265 3457 5332 praxim

1896 5339 2180 5481 graeceptis
2209 5340 2451 5402 Paulinis
2479 5362 2575 5418 per
2604 5359 2775 5407 totum
2801 5354 2921 5409 vita:
2950 5364 3054 5411 tua:
3083 5372 3307 5415 cursum
3329 5374 3459 5418 cou-

1938 5442 2151 5481 rmem.

1938 5442 2151 5487 rmerls.

1492 5610 1726 5669 VAIIIE
1763 5614 2172 5675 LECTthEb.

334 5756 713 5850 tibigle‘g’it
742 5763 823 5850 τόξ
858 5761 1011 5850 “‘lC.
1038 5762 1105 5821 M.
1139 5768 1195 5821 16
1231 5766 1337 5839 γάρ
1368 5767 1476 5823 ἀπὸ
1505 5768 1685 5825 κοινού
1714 5769 1945 5843 ιχοντες.

1789 5786 1945 5837 οντες.
1993 5782 2021 5814 ιι
2051 5771 2129 5827 τό.
2172 5780 2199 5815 ν
2222 5775 2314 5828 καὶ
2341 5776 2579 5850 ἀψευδής
2605 5778 2721 5836 des.
2760 5778 2812 5836 in
2835 5779 2901 5837 C.
2936 5780 3145 5841 Monac.
3223 5791 3252 5823 ι
3278 5784 3340 5844 C.
3370 5786 3448 5847 Μ.

212 5824 512 5893 διέλειπεν,
534 5828 602 5883 δι’
627 5824 707 5893 (ἧς
738 5833 829 5884 καὶ
853 5834 982 5895 τοίς.
