4200 6444
212 413 320 479 605

1054 402 1153 462 AD
1188 394 1782 460 AMPIIILOCIIIUM
1817 392 2161 465 QU/BSTIO
2188 393 2385 454 XCIV.
2419 394 2583 454 XCV.

3370 400 3478 466 606

214 528 408 598 ὥσπερ
458 523 525 595 δὴ
558 520 734 576 ταῦτα
791 516 887 572 τοῦ
938 514 1369 587 προσλήμματος
1415 505 1517 581 ἦν,
1571 508 1631 560 οὑ
1697 504 1789 559 τοῦ

1903 504 2035 560 laeta
2072 504 2473 575 disquisitione,
2523 504 2822 575 quidquam
2874 505 3101 574 invenit,
3146 508 3336 576 veluti,
3394 528 3478 566 m-

213 619 409 680 ὶὸγουο
462 613 605 667 οὕτω
661 612 756 665 καὶ
842 609 923 673 τὸ,
961 625 980 658 ε
1050 605 1109 659 '0
1172 604 1360 671 Πατήρ
1426 617 1531 670 μου
1587 598 1787 669 μείζων

218 707 322 780 μού
344 709 481 760 ἐστι·
517 721 534 753 ι
571 698 773 771 μεταξὺ
802 697 912 769 γὰρ
928 694 1153 748 ἐκείνων
1173 692 1354 755 τοῦτο,
1382 690 1476 744 καὶ
1493 705 1567 740 πα
1578 686 1787 757 ραπλη-

218 776 351 861 uim;
395 795 579 856 αὑτοῖς
620 791 857 864 εἴρηται,
893 785 1048 848 Τινὲς
1078 782 1158 848 δὲ,
1200 781 1330 850 περὶ
1363 779 1462 851 μὲν
1490 776 1586 831 τοῦ
1614 776 1787 843 Λόγου

214 892 277 944 τδ
316 888 499 961 μεῖζον
544 881 961 953 συνεχώρησαν
1004 877 1103 946 οὑχ
1151 873 1340 936 ἁπλῶς
1383 872 1441 926 δὲ
1491 868 1653 923 τοῦτο
1696 865 1791 921 καὶ

215 960 341 1038 κατ’
368 979 580 1042 οὐσίαν,
608 974 725 1031 ἀλλ’
759 974 918 1043 εἴπερ
957 969 1107 1025 ἐστὶν
1130 970 1165 1040 ἡ
1197 964 1611 1037 ὲνανθρὼπησις
1648 960 1793 1030 ἀκρα

215 1076 449 1135 κένωσις
480 1071 575 1123 καὶ
604 1066 951 1127 ταπείνωστς,
992 1060 1115 1115 καθ’
1147 1060 1177 1113 δ
1214 1062 1520 1113 κεκένωκεν
1552 1051 1744 1107 ἑαυτὸν
1764 1052 1793 1104 0

215 1165 389 1231 Λόγος
406 1162 499 1214 καὶ
527 1156 859 1212 ἐταπείνωσε
890 1154 917 1193 δ
941 1172 959 1205 ι
988 1150 1201 1223 μορφὴν
1228 1136 1418 1201 δούλού
1445 1142 1785 1207 ὑπελθὼν⁶,›

215 1252 378 1321 δῆλον
398 1252 481 1304 ὅτι
514 1247 608 1300 τοῦ
635 1244 901 1316 μηδαμῶς
930 1242 1261 1302 ὑποστάντος
1300 1239 1400 1308 τὴν
1448 1236 1681 1290 κένωσιν
1702 1233 1797 1288 καὶ

217 1341 572 1401 ταπείνωσιν,
621 1334 930 1397 ἀκολούθως
979 1331 1179 1396 λέγοιτ’
1204 1330 1271 1384 ἀν
1314 1328 1377 1381 τὸ
1405 1327 1627 1381 ἔλαττον
1683 1326 1797 1378 ἀπ-

220 1432 577 1502 ενέγκασθαι’
613 1432 670 1483 έν
698 1427 910 1499 μείζοσι
932 1424 1042 1493 γὰρ
1079 1424 1400 1494 ὑπεροχαῖς,
1431 1418 1553 1474 κατ’
1582 1418 1713 1472 αὑτό
1733 1433 1798 1485 γε

217 1524 401 1587 τοῦτο,
432 1522 462 1573 0
492 1521 760 1580 ἀκένωτος
786 1515 880 1570 τοῦ
909 1512 1284 1584 κεκενωμένου
1310 1510 1514 1582 μείζων
1558 1508 1677 1563 tati
1702 1508 1799 1560 καὶ

220 1619 251 1670 0
282 1617 381 1685 τῆς
427 1612 563 1676 ιδίας
616 1608 890 1679 ὑπεροχῆς
926 1606 1092 1677 μηδὲν
1133 1604 1399 1672 καθαφεὶς
1427 1600 1478 1668 δ,
1513 1597 1608 1653 τοῦ
1640 1598 1800 1671 μέχρι

221 1708 320 1762 καὶ
370 1706 482 1759 τῶν
523 1700 906 1757 επονειδίστων
959 1696 1171 1762 παθῶν,
1214 1692 1475 1766 σταυροῦ,
1507 1692 1673 1762 φημὶ,
1706 1690 1803 1743 καὶ

222 1802 459 1855 θανάτου
477 1793 851 1864 διεληλυθότος
871 1790 973 1861 τῆς
993 1788 1337 1858 ἀνθρωπίνης
1354 1786 1589 1854 φύσεως.
1617 1782 1802 1837 Ἐκδέ-

1892 611 2056 666 quam
2094 597 2209 650 haec
2246 595 2313 649 ad
2357 606 2698 665 assumptam
2744 614 2965 652 carnem
2996 600 3330 666 referuntur,
3366 618 3475 657 non

1892 699 2073 742 autem
2117 688 2185 741 ad
2220 687 2465 751 verbum,
2504 686 2585 742 sic
2632 696 2686 742 et
2722 687 2871 751 illud,
2910 707 2930 740 ι
2968 688 3130 745 Pater
3185 708 3340 748 meus
3390 708 3477 747 me

1894 772 2070 843 major
2119 782 2222 837 est,
2255 792 2274 824 ι
2320 775 2459 828 inter
2511 776 2657 829 enim
2710 779 2964 845 superius
3030 780 3255 835 recitata
3306 779 3475 837 simili

1894 866 2057 920 modo
2108 866 2378 935 prolatum
2424 877 2479 922 et
2518 867 2622 922 hoc
2652 868 2872 923 dicitur.
2902 870 3137 936 Quidam
3193 874 3360 926 etiam
3408 876 3476 930 dc

1896 956 2078 1012 Verbo
2107 959 2414 1012 concedunt
2442 959 2597 1023 illud,
2630 960 2801 1028 major
2836 977 2941 1015 non
2987 972 3169 1017 autem
3217 965 3479 1035 simplici-

1899 1057 1999 1113 ter,
2034 1048 2114 1103 vel
2164 1052 2462 1104 secundum
2509 1051 2869 1106 substantiam
2904 1070 2918 1106 :
2959 1055 3052 1109 sed
3092 1057 3137 1110 si
3172 1056 3479 1115 incarnatio

1900 1140 2063 1194 fuerit
2101 1157 2315 1195 summa
2358 1142 2657 1198 exinanitio
2693 1153 2749 1198 et
2799 1146 3124 1213 humiliatio,
3174 1151 3476 1205 secundum

1899 1248 2065 1303 quam
2099 1235 2381 1288 cvacnavit
2422 1250 2480 1289 se
2516 1233 2753 1291 Verbum
2796 1248 2851 1293 et
2891 1239 3195 1295 humiliavit
3231 1259 3246 1295 :
3287 1262 3305 1294 ι
3343 1241 3480 1298 Fer-

1902 1339 2047 1378 mam
2078 1323 2220 1379 servi
2255 1324 2486 1380 inducas
2512 1326 2580 1391 ",
2618 1345 2636 1377 ι
2672 1339 2819 1397 patet
2854 1329 3000 1398 quod
3030 1330 3178 1387 illius
3213 1333 3313 1397 rei,
3359 1348 3481 1402 qua

1905 1416 2054 1471 nullo
2085 1417 2249 1471 modo
2278 1416 2753 1479 substernebatnr.
2787 1424 3071 1478 evacuatio
3094 1433 3148 1478 ct
3181 1425 3481 1479 humiziatio

1904 1518 2299 1579 consequenter
2361 1509 2577 1564 dicatur
2631 1511 3003 1566 minoritatem
3062 1515 3370 1580 retulisse;
3427 1516 3479 1568 in

1906 1604 2210 1675 majoribus
2231 1603 2377 1658 enim
2393 1602 2759 1669 excellentiis,
2791 1603 2884 1674 qui
2916 1607 3215 1660 vacuabilis
3236 1623 3341 1661 non
3376 1618 3479 1666 est,

1907 1696 2082 1768 major
2108 1705 2194 1752 est
2234 1710 2401 1767 quam
2436 1695 2484 1750 is
2518 1695 2611 1764 qui
2643 1706 2977 1764 evacuatur;
3010 1706 3063 1753 et
3110 1700 3203 1768 qui
3248 1700 3382 1754 nihil
3417 1699 3483 1753 de

1909 1809 2007 1849 sua
2042 1792 2374 1849 sublimitate
2416 1788 2667 1854 remittit,
2720 1789 2895 1857 major
2945 1799 3027 1844 cst
3068 1805 3134 1846 eo
3172 1791 3260 1860 qui
3289 1790 3371 1844 vel
3412 1790 3479 1843 ad

224 1894 379 1957 ξαιτο
404 1889 450 1943 δ’
479 1888 544 1943 ἀν
570 1904 651 1949 τις
681 1888 781 1937 οὑκ
806 1881 1112 1944 ἀπεικότως
1135 1882 1231 1934 καὶ
1257 1879 1393 1951 πρὸς
1425 1877 1524 1947 τὴν
1555 1876 1667 1928 τῶν
1698 1891 1801 1945 μα-

1904 1898 2079 1953 usque
2115 1881 2499 1954 despcctabilia
2545 1880 2828 1935 descendit
2868 1881 3200 1945 suﬂ‘ereuda,
3237 1898 3478 1945 erucem,

222 1979 406 2051 θητῶν
463 1977 699 2030 διάνοιαν
752 1971 1003 2043 εἰρῆσθαι
1036 1970 1139 2043 τὸν
1176 1968 1360 2037 λόγον·
1395 1966 1520 2021 ἐπεὶ
1562 1966 1671 2037 γὰρ
1717 1965 1798 2018 {tt

220 2067 433 2130 ἀτελῶς
458 2058 605 2118 οὗτοι
637 2061 906 2115 διέκειντο
950 2059 1080 2129 περὶ
1126 2058 1219 2111 τδν
1248 2055 1382 2109 Θεδν
1416 2053 1513 2109 καὶ
1544 2054 1802 2108 διδάσκαρ

222 2160 341 2226 λον,
370 2155 595 2228 μείζονά
621 2170 681 2207 τε
725 2148 906 2220 πολλῷ
952 2149 1043 2203 τὸν
1074 2148 1300 2219 Πατέρα
1323 2144 1574 2217 ένόμιζον
1593 2160 1609 2175 ⁸
1643 2142 1803 2197 τοῦτο

225 2250 332 2319 μὲν
365 2246 473 2298 τῶν
498 2238 810 2299 Μωσαῖκῶν
844 2237 1025 2309 νόμων
1047 2234 1473 2305 ἐμφανέστερον.
1505 2231 1689 2294 αὑτοῖς
1713 2231 1804 2284 τὸν

224 2338 449 2408 Πατέρα
473 2336 508 2405 ἢ
536 2334 627 2388 τδν
657 2331 785 2385 Υίὸν
835 2324 1351 2396 καταγγελλόντων·
1381 2321 1542 2376 τοῦτο
1570 2320 1628 2375 δὲ
1655 2331 1680 2360 ο
1707 2320 1801 2374 τοῦ

224 2428 482 2497 Σωτῆρος
508 2424 640 2478 ,ἀνω
672 2420 767 2475 καὶ
794 2419 945 2473 κάτω
989 2415 1447 2487 περιστρέφοντος
1494 2413 1676 2475 αὑτοῖς
1712 2410 1805 2464 τδν

226 2520 467 2590 Πατέρα.
512 2515 665 2569 Ἐπεὶ
696 2512 788 2567 οὖν
810 2509 1038 2581 τοιαύτη
1068 2524 1152 2571 τις
1186 2507 1371 2568 αὑτοῖς
1396 2504 1748 2574 ἐνεστήρικτο
1766 2501 1800 2571 ἡ

226 2613 359 2677 δόξα
379 2611 488 2677 (ὄιά
507 2609 616 2681 γὰρ
636 2604 795 2660 τοῦτο
823 2604 915 2657 καὶ
943 2603 1152 2670 ἔλεγον,
1192 2619 1211 2653 ε
1234 2599 1419 2666 Δεῖξον
1438 2598 1569 2668 ἡμῖν
1595 2596 1688 2649 τὸν
1706 2595 1809 2647 Πα-

222 2706 388 2776 τέρα,
402 2700 667 2773 καὶάρκεί
678 2700 809 2770 ἡμῖν
828 2715 846 2748 ι
857 2699 875 2764 )
885 2737 899 2763 ,
913 2695 1046 2766 πρὸς
1058 2691 1155 2765 τὴν
1169 2690 1391 2745 ὶκείνων
1404 2687 1670 2759 ὑπόληψιν
1682 2686 1811 2739 ἀπο-

224 2796 538 2865 τεινόμενος
557 2793 796 2854 ἵσταται,
820 2785 1060 2841 τοιοῦτόν
1085 2780 1555 2851 τιλέγων,ιεὺτοὺς
1584 2777 1603 2817 ί
1629 2776 1810 2845 ἀσύμ-

224 2906 388 2960 φωνα
404 2887 525 2948 ταῖς
543 2882 689 2953 σφῶν
703 2879 1014 2952 ὁμολογίαις
1028 2872 1473 2946 διαπράττεσθαι,
1493 2870 1555 2923 λύ
1563 2887 1637 2939 πῃ
1654 2868 1814 2922 διδόνο

223 2997 323 3042 τες
333 2978 578 3041 ἑαυτοὺς,
601 2993 619 3027 t
636 2975 868 3041 Ὀτιπερ
884 2970 1039 3039 ἔφην’
1058 2966 1366 3039 Πορεύομαι
1385 2964 1522 3036 πρὸς
1537 2963 1627 3015 τὸν
1648 2960 1815 3014 Πατέ-

1899 1979 2022 2034 dico
2054 1987 2109 2034 et
2148 1988 2403 2038 mortem,
2432 1991 2555 2045 qua
2592 1985 2786 2029 natura
2818 1976 3020 2029 subivit
3064 1978 3300 2031 humana
3330 1993 3347 2031 :
3385 1978 3477 2030 sed

1899 2080 1954 2125 et
1984 2070 2195 2140 Opinari
2222 2068 2348 2141 quis
2396 2068 2593 2139 poterit
2649 2082 2750 2122 nec
2786 2067 3235 2138 improbabiliter,
3275 2069 3478 2123 dictum

1904 2162 2074 2219 fuisse
2100 2162 2168 2217 de
2199 2171 2380 2215 mente
2412 2159 2809 2229 discipulorum
2842 2177 2856 2213 :
2888 2147 3045 2214 erant
3076 2161 3273 2214 etenim
3305 2161 3483 2215 adhuc

1903 2254 1980 2309 illi
2021 2251 2344 2323 imperfecti.
2387 2266 2487 2306 nec
2519 2251 2587 2305 de
2626 2252 2889 2320 magistro
2916 2266 3036 2314 suo,
3068 2260 3123 2305 ut
3147 2251 3213 2305 de
3257 2251 3367 2305 Deo
3390 2268 3482 2307 co-

1904 2346 2167 2418 gitabant,
2198 2344 2368 2398 multo
2393 2352 2577 2397 autem
2617 2342 2881 2410 majorem
2922 2343 3089 2397 Deum
3130 2343 3342 2397 Patrem
3391 2359 3483 2397 co-

1906 2435 2173 2505 gitabant,
2206 2433 2479 2504 praecipue
2516 2448 2640 2487 cum
2676 2430 2910 2488 Mosaica
2934 2432 3018 2486 lex
3051 2434 3223 2487 multo
3248 2433 3484 2502 explica-

1907 2528 2017 2583 tius
2044 2527 2260 2580 Patrem
2283 2540 2445 2595 quam
2472 2523 2665 2577 Filium
2708 2522 2841 2593 ipsis
2866 2524 3100 2577 insinuet
3132 2542 3147 2578 :
3178 2532 3230 2579 et
3263 2525 3485 2592 ipsemet

1909 2619 2167 2674 Servator
2198 2616 2411 2671 Patrem
2438 2615 2582 2686 apud
2611 2630 2704 2669 eos
2744 2614 3097 2669 multifariam
3142 2615 3484 2685 praedicaret.

1908 2709 2172 2776 Quocirca
2204 2706 2346 2777 apud
2392 2705 2540 2775 ipsos
2566 2720 2689 2759 cum
2732 2704 2845 2758 htec
2892 2704 3079 2773 Opinio
3127 2704 3418 2770 obtineret,
3453 2719 3485 2759 a

1909 2812 2016 2867 qua
2064 2795 2292 2866 profecti
2339 2792 2633 2848 dicebant:
2668 2810 2687 2844 ε
2726 2791 2961 2847 Ostende
3000 2791 3155 2846 nobis
3191 2792 3401 2846 Patrem
3431 2801 3486 2847 ct

1911 2886 2113 2944 sullicit
2144 2886 2301 2941 nobis
2322 2885 2391 2939 ".
2432 2902 2452 2937 ι
2493 2883 2645 2938 lianc
2687 2882 2905 2937 illorum
2960 2884 3268 2952 opinionem
3316 2883 3491 2953 respi-

1909 2978 2062 3032 ciens
2099 2974 2245 3030 sistit
2297 2989 2355 3029 se
2401 2988 2502 3029 nec
2550 2972 2934 3043 progreditur;
2972 2972 3066 3027 sed
3120 2982 3327 3027 tantum
3376 2988 3486 3028 non

230 3088 327 3142 ρα.
355 3090 371 3121 ι
391 3067 571 3136 Εἱγάρ
581 3064 833 3136 ἠγαπᾶτέ
853 3078 943 3133 με,
958 3061 1104 3114 δοκεῖ
1117 3060 1175 3112 δὶ
1197 3058 1327 3128 ὑμῖν
1343 3058 1436 3111 καὶ
1455 3053 1657 3126 μείζων
1674 3046 1809 3105 εἶναι

1914 3069 2069 3132 dixit,
2120 3081 2312 3137 parum
2354 3074 2722 3120 consentanea
2752 3064 2906 3119 vobis
2946 3064 3079 3133 ipsis
3127 3064 3285 3133 agitis
3313 3072 3367 3118 et
3398 3079 3491 3118 ve-

228 3163 264 3213 0
288 3160 498 3230 Πατὴρ,
515 3158 728 3229 χαίρειν
746 3156 889 3225 ὑμᾶς
911 3154 1040 3216 εδει,
1056 3150 1190 3205 διὸτι
1207 3149 1343 3223 πρὸς
1358 3150 1449 3203 τὸν
1476 3148 1695 3219 μείζονα
1714 3163 1809 3199 πο-

1915 3170 2044 3216 stra:
2072 3158 2338 3230 Opinioni,
2370 3158 2499 3211 dum
2531 3156 2764 3211 tristitia:
2793 3168 2889 3210 vos
2920 3155 3153 3219 traditis,
3190 3174 3208 3207 ι
3248 3172 3315 3210 eo
3342 3156 3487 3225 quod

234 3256 473 3328 ρεύομαι
493 3269 507 3284 ο
534 3251 726 3306 τοῦτον
746 3251 855 3321 γὰρ
870 3250 963 3302 καὶ
980 3250 1109 3319 ὑμῖν
1124 3247 1239 3315 εῐγε
1260 3247 1421 3316 μόνον
1441 3244 1804 3313 ὑποδείξαιμι,

1915 3250 2169 3315 dixerim,
2211 3248 2351 3303 vado
2378 3247 2445 3302 ad
2480 3246 2693 3301 Patrem
2724 3248 2795 3310 ⁸³,
2829 3265 2848 3298 ι
2876 3245 2921 3302 si
2952 3261 3037 3301 me
3077 3246 3394 3317 diligeretis,
3435 3257 3490 3303 et

231 3349 363 3403 ἀντὶ
401 3348 618 3401 πάντων
645 3343 959 3412 ἐξαρκέσειν
990 3338 1337 3394 διετείνεσθε.
1383 3336 1668 3406 ’Δλλάγάρ
1713 3333 1809 3388 καὶ

1912 3340 1959 3398 si
1999 3356 2186 3396 revera
2213 3340 2474 3409 majorem
2506 3355 2593 3394 mc
2618 3337 2833 3393 Patrem
2863 3337 3222 3404 arbitramini,
3255 3339 3490 3409 gaudere

234 3434 598 3503 κατάταύτην
622 3432 721 3503 τὴν
756 3432 1018 3496 διάνοιαν,
1039 3428 1259 3500 μείζονα
1292 3425 1545 3496 λελέχθαι
1574 3425 1664 3477 τὸν
1697 3427 1809 3479 Πα-

1912 3432 2099 3503 potius
2128 3430 2420 3494 deberetis,
2446 3431 2573 3501 quia
2608 3430 2748 3484 vado
2802 3428 2869 3485 ad
2917 3428 3131 3485 Patrem
3178 3445 3356 3484 meum
3403 3446 3490 3485 mc

230 3529 374 3600 τέρα
388 3524 641 3596 παράτοῦ
655 3523 809 3587 Υίοῦ,
826 3524 959 3585 εἴτις
974 3522 1271 3590 έκδέχοιτο,
1291 3521 1391 3573 οὑκ
1404 3518 1471 3572 ἂν
1486 3516 1809 3588 ἀπενεχθείη

1914 3529 2199 3599 majorem.
2238 3525 2395 3581 Hunc
2425 3526 2470 3582 si
2502 3542 2601 3595 ego
2635 3525 2789 3580 vobis
2822 3525 3111 3579 ostendere
3157 3533 3365 3578 tantum
3402 3538 3493 3576 ve-

232 3621 336 3675 τοῦ
388 3619 714 3689 πρέποντος.
770 3615 937 3668 Οὐδὲν
982 3614 1040 3667 δὲ
1096 3614 1226 3677 ῐσως
1277 3610 1476 3666 κωλύει
1523 3610 1618 3663 καὶ⁵
1665 3611 1815 3680 ῥῆμα

232 3712 399 3766 τοῦτο
419 3708 711 3764 ὑπολαϐεῖν
733 3705 1215 3775 ωγκαταδάσεως,
1245 3704 1334 3757 διὰ
1352 3703 1451 3776 τὴν
1472 3703 1583 3756 τῶν
1613 3703 1816 3771 ἀκροα-

238 3805 354 3859 τῶν
384 3801 670 3856 ἀσθένειαν
722 3796 1192 3868 ἐσχηματισμένον
1247 3794 1383 3864 πρὸς
1411 3792 1474 3846 τὸ
1502 3792 1815 3846 ταπεινότε-

242 3910 376 3967 ρονο
408 3893 522 3946 ἔστι
569 3892 678 3961 γὰρ
709 3889 880 3959 πολλὴ
919 3891 943 3929 ⁸
977 3888 1072 3942 καὶ
1117 3886 1228 3941 τῶν
1275 3883 1530 3939 τοιούτων
1582 3882 1757 3950 λόγων
1783 3881 1818 3951 ἠ

239 3985 530 4055 οἰκονομία
582 3983 676 4035 ἐπὶ
731 3980 915 4052 κέρδει
944 3981 1037 4033 καὶ
1072 3977 1321 4049 σωτηρίᾳ
1348 3977 1460 4030 τῶν
1498 3974 1569 4029 τὰ
1610 3973 1818 4028 τελειό-

236 4092 380 4147 τερα
444 4074 613 4144 μήπω
685 4071 875 4140 φέρειν
943 4068 1291 4136 δυναμένων·
1348 4065 1539 4134 ὥσπερ
1591 4065 1686 4118 καὶ
1736 4062 1819 4128 τὸ,

247 4187 268 4220 ε
293 4167 591 4239 Ἐρωτήσω
611 4166 704 4217 τδν
737 4163 979 4233 Πατέρα,
1002 4161 1097 4215 καὶ
1126 4160 1284 4214 ἄλλον
1305 4158 1657 4231 Ιιαράκλητον
1679 4158 1823 4227 πέμο

236 4260 338 4328 ψει
362 4273 376 4287 °
402 4276 422 4310 ι
446 4257 588 4321 καὶ,ι
617 4252 938 4324 Εὑχαριστῶ
956 4269 1058 4315 σοι,
1076 4251 1158 4304 ὅτι
1174 4250 1404 4304 πάντοτέ
1422 4265 1524 4320 μου
1540 4247 1777 4314 ἀκούεις,
1799 4264 1817 4296 ι

240 4353 343 4405 καὶ
375 4348 545 4420 μυρία
599 4346 755 4400 ἀλλα.
792 4343 962 4397 Πόθεν
1011 4338 1104 4395 οὖν
1149 4340 1328 4411 δῆλον,
1353 4341 1435 4394 ὅτι
1482 4338 1656 4392 ταῦτα
1689 4339 1825 4407 πρὸς

239 4444 348 4512 τὴν
368 4437 701 4494 ἀσθενοῦσαν
721 4435 891 4507 ἀκοὴν
916 4432 1320 4504 ἐσχημάτισται
1338 4448 1355 4497 ;
1389 4430 1563 4493 Αὑτδς
1582 4432 1611 4482 0
1632 4428 1825 4498 Σωτὴρ

1915 3621 2035 3686 lim,
2065 3619 2290 3676 omnino
2329 3617 2687 3673 suﬂ‘ecturum
2721 3616 2872 3671 vobis
2898 3615 2964 3670 ad
3005 3615 3185 3670 omnia
3216 3615 3488 3669 diceretis.

1917 3711 2073 3779 Quod
2107 3710 2154 3767 si
2176 3725 2305 3766 vero
2348 3709 2507 3777 juxta
2553 3724 2775 3764 sensum
2818 3709 2980 3762 istum
3030 3706 3297 3775 putaverit
3341 3708 3491 3777 quis-

1918 3820 2107 3877 quam,
2147 3822 2166 3856 ι
2210 3803 2425 3858 Patrem
2471 3802 2675 3857 dictum
2716 3800 2977 3869 majorem
3004 3798 3163 3859 Filio,
3210 3817 3227 3850 ι
3267 3814 3296 3852 a
3351 3799 3491 3853 bona

1920 3894 2298 3951 convenientia
2323 3907 2431 3947 non
2455 3892 2712 3946 deviabit.
2731 3889 2876 3945 Nihil
2910 3904 3071 3959 porro
3102 3890 3328 3960 impedit
3350 3891 3492 3944 hanc

1921 4000 2107 4041 vocem
2138 3998 2235 4056 per
2264 3982 2703 4038 condescentiam
2750 3982 3017 4047 adhiberi,
3065 3989 3120 4035 ct
3160 3980 3227 4034 ad
3268 3980 3493 4034 humili-

1924 4088 2093 4133 tatem
2131 4075 2532 4132 confurmatam
2571 4082 2790 4145 propter
2843 4073 3155 4128 auditorum
3208 4071 3495 4125 inﬁmita-

1926 4177 2055 4223 tem.
2091 4166 2370 4237 Multiplex
2397 4166 2544 4221 enim
2584 4163 2871 4233 dispositio
2922 4163 3233 4217 istiusmodi
3290 4163 3496 4216 oratio-

1926 4275 2057 4313 num
2119 4256 2367 4313 adhiberi
2429 4256 2592 4322 solet,
2642 4254 2712 4309 ad
2766 4255 3112 4309 commodum
3160 4263 3214 4307 et
3263 4253 3493 4307 salutem

1926 4363 2115 4403 eorum
2164 4346 2590 4417 procurandam,
2646 4345 2741 4415 qui
2795 4344 3035 4399 nondum
3070 4343 3212 4398 ferre
3269 4354 3500 4413 possunt

1926 4436 2391 4492 eonsummatiora
2428 4453 2442 4491 :
2493 4435 2570 4489 uti
2623 4434 2756 4490 illud
2793 4452 2807 4490 :
2867 4452 2885 4485 ι
2928 4433 3152 4504 Rogabo
3175 4433 3415 4499 Patrem,
3446 4445 3501 4489 ct

240 4541 281 4608 ἠ
306 4533 461 4605 πηγὴ
485 4532 584 4602 τῆς
622 4532 837 4598 σοφίας,
873 4530 967 4582 καὶ
994 4527 1261 4589 συνέσεως
1290 4524 1525 4587 ἄϐυσσος
1558 4524 1608 4588 δ,
1632 4523 1809 4577 έαυτὸι

1929 4527 2093 4580 alium
2128 4524 2466 4582 Paracletum
2495 4526 2645 4580 dabit
2667 4525 2912 4591 vobis”;
2941 4543 2959 4577 ι
2993 4536 3047 4579 et
3079 4542 3097 4576 ι
3136 4524 3353 4579 Gratias
3382 4525 3498 4588 tibi,

241 4624 568 4698 ἑρμηνεύων
588 4620 827 4683 ἐδίδαξεν
855 4617 1025 4670 εἰπών
1045 4633 1060 4647 ο
1095 4633 1113 4667 ε
1151 4614 1293 4684 Ἐγὼ
1319 4615 1375 4668 δὲ
1404 4614 1553 4685 ⁴ᾔδειν
1586 4614 1668 4666 ὅτι
1689 4610 1809 4664 πάν

1930 4617 2108 4680 Pater,
2136 4631 2260 4684 ago,
2290 4618 2435 4687 quod
2465 4631 2683 4686 semper
2706 4632 2793 4671 me
2830 4625 2885 4671 et
2907 4617 3107 4683 ubique
3128 4616 3320 4671 audias
3347 4618 3393 4649 ⁸⁸
3421 4636 3437 4683 ;
3474 4636 3492 4669 ι

238 4719 372 4772 τοτέ
389 4733 491 4787 μου
518 4714 758 4779 ἀκούεις,
776 4711 913 4766 ἀλλά
941 4710 1033 4764 διά
1060 4708 1152 4762 τὸν
1178 4710 1333 4778 δχ).ον
1360 4709 1452 4760 τὸν
1483 4704 1809 4776 περιεστῶτα

1929 4714 1984 4760 et
2017 4707 2219 4761 similia
2264 4707 2440 4777 plura.
2492 4708 2596 4762 Sed
2632 4707 2777 4761 unde
2805 4708 3096 4771 constabit,
3127 4709 3270 4777 quod
3300 4709 3365 4763 ad
3400 4725 3503 4764 an-

242 4807 429 4872 εἷπον,
464 4808 553 4861 ἵνα
604 4805 971 4859 πιστεύσωσιν
1022 4802 1106 4854 ὅτι
1159 4800 1224 4852 σύ
1284 4815 1351 4869 με
1415 4797 1809 4858 ἀπέστειλας.ι

1930 4797 2171 4852 ditorum
2229 4799 2655 4853 imbecillitatem
2706 4799 2808 4853 ista
2860 4798 3276 4853 conﬁrmantur.
3341 4800 3503 4857 Certe

260 4901 427 4955 ’Λλλά
473 4898 580 4969 γάρ
624 4896 744 4951 κατ’
781 4893 1075 4962 ἐπιστολὴν
1105 4889 1497 4962 ἀποχρώντως.
1533 4884 1711 4959 οἶμαι,
1741 4889 1809 4941 σοτ

1930 4888 2151 4959 quidem
2210 4888 2486 4955 Servator,
2530 4887 2654 4944 fons
2680 4889 2798 4960 jngi
2852 4890 3151 4958 sapientiae,
3188 4899 3241 4945 et
3302 4893 3506 4949 intelli-

245 4994 371 5064 εχει
402 4989 499 5043 τοῦ
529 4986 857 5059 ζητηθέντος
882 4985 980 5054 τὴν
1008 4984 1266 5053 μάθησιν.

1932 4981 2129 5052 gentia;
2163 4980 2419 5052 abyssus,
2472 4981 2652 5052 ipsum
2710 4995 2771 5035 se
2800 4981 3117 5049 explanatis,
3167 4983 3219 5037 id
3276 4998 3373 5053 per
3401 4986 3505 5041 ista

242 5084 411 5140 docet
446 5098 460 5135 :
495 5099 512 5131 ι
549 5080 662 5151 Ego
688 5087 871 5133 autem
943 5076 1080 5141 scio,
1117 5073 1265 5144 quod
1323 5087 1409 5127 me
1453 5086 1671 5142 semper
1718 5071 1897 5138 audis,
1939 5074 2035 5129 sed
2066 5084 2287 5155 propter
2335 5073 2547 5127 turbam
2597 5073 3045 5127 circumstantem
3094 5071 3206 5126 dixi
3238 5089 3253 5127 :
3283 5073 3353 5130 Ut
3386 5091 3510 5131 cro.

246 5176 386 5230 dant
413 5172 543 5244 quia
572 5170 771 5227 misisti
836 5185 942 5224 me.
970 5170 1189 5238 rAtque
1248 5167 1324 5221 ita
1385 5163 1724 5221 sufﬁcienter
1776 5164 1983 5229 babes.-'
2002 5173 2062 5221 ut
2090 5180 2189 5237 per
2222 5164 2529 5235 epistolam,
2563 5162 2883 5235 qnastionis
2936 5177 2966 5215 a
3013 5171 3065 5217 te
3116 5163 3306 5232 posita:
3357 5166 3509 5223 solu-

249 5274 483 5329 tionem.

323 5453 375 5486 “
414 5451 646 5524 Philipp.
697 5467 759 5521 ιι,
801 5447 858 5501 ’1.
932 5450 979 5483 ⁸⁸
1012 5448 1169 5505 Joan.
1202 5461 1311 5515 ειν,
1341 5444 1395 5514 8,
1471 5443 1516 5477 ⁸⁸
1542 5440 1700 5503 Joan.
1734 5461 1801 5501 xv

1903 5445 1935 5499 i.
2012 5446 2058 5479 ”
2094 5444 2253 5501 Joan.
2294 5462 2407 5515 διν,
2445 5443 2528 5500 ιο.
2605 5444 2651 5475 ³⁸
2684 5442 2842 5501 Joan.
2877 5462 2955 5512 χι,
2988 5446 3078 5501 4‘2.

1542 5602 1777 5659 VARUE
1809 5602 2210 5661 LECTIONES.
2230 5622 2268 5649 κ

372 5766 481 5823 δῦ.
528 5765 600 5822 ll.
628 5765 1017 5822 τεταπείνωκε.
1129 5772 1151 5797 ⁸
1186 5759 1249 5817 C.
1277 5758 1347 5814 Μ.
1389 5758 1514 5815 add.
1536 5758 1573 5830 0
1597 5759 1888 5830 δεσπότης.

2002 5760 2029 5801 δ
2050 5760 2113 5816 C.
2146 5759 2219 5815 Μ.
2250 5768 2398 5816 recte
2425 5756 2709 5828 καθυφείς.
2824 5766 2848 5795 ε
2876 5757 2987 5811 καί.

249 5854 379 5911 των
398 5841 427 5894 0
450 5838 659 5910 Σωτὴρ.
770 5839 795 5879 ⁸
821 5836 885 5892 C.
915 5835 987 5891 Ν.
1026 5832 1127 5889 152
1153 5834 1206 5889 b.
1244 5831 1358 5885 εστι
1384 5830 1491 5900 γὰρ
1520 5828 1634 5885 εστι
1660 5828 1853 5903 πολλῆ.

1963 5832 1993 5874 δ
2023 5830 2090 5897 Q.
2124 5830 2197 5888 Μ.
2226 5831 2378 5901 καὶὴ
2420 5830 2518 5901 τῆς
2549 5828 2803 5899 γνώσεως
2834 5827 3092 5890 ἄὸυσσος.

3105 5759 3125 5797 ί
3160 5759 3220 5820 C.
3254 5756 3323 5815 Μ.
3348 5774 3401 5813 τι
3425 5758 3511 5815 λέ·
