4200 6444
138 366 240 429 609

1069 356 1161 420 AD
1193 351 1781 420 AMPHILOCHIUM
1810 357 2152 431 ΟυιΕΒΤΙΟ
2189 361 2416 422 XCVII.

3269 368 3381 429 610

142 479 353 549 ἐγράφη
382 477 442 528 ἑν
463 476 577 538 τοῖς
613 473 880 545 οὐρανοῖς.
910 472 1045 535 Καὶ,
1074 471 1262 526 πολλοὶ
1301 471 1487 543 ἑροῦσί
1518 490 1611 544 μοι
1640 472 1701 525 ὲν
1728 519 1735 533 ,

1829 471 2010 526 ionem
2041 470 2271 536 inducit,
2300 472 2347 526 si
2373 486 2484 525 non
2516 485 2610 540 per
2634 473 2989 529 conscientia:
3013 474 3375 543 dejectionem

140 571 322 641 ἐκείνῃ
354 571 421 638 τῇ
455 566 663 637 ἡμέρα,
696 565 776 619 Oti
807 563 888 633 τῷ
919 563 1000 634 σῷ
1027 562 1252 634 ὀνόματι
1278 564 1538 633 δυνάμεις
1576 563 1705 616 πολ-

138 660 235 722 λάς
271 659 637 727 έποιήσαμδνς
668 651 763 706 καί
804 651 917 722 ιρῶ
958 653 1163 719 αὐτοῖς,
1199 652 1315 707 Οὐκ
1333 649 1451 706 οἶδα
1487 653 1650 722 ὑμᾶς.
1679 671 1699 703 ι

140 749 240 801 Διά
263 744 423 800 τοῦτο
454 745 549 797 καὶ
574 742 785 807 Παῦλος
817 744 1143 814 πειρασμοῖς
1166 759 1279 797 τισι
1314 743 1568 796 παλαίειν
1596 744 1705 813 ἀφ·-

140 839 300 901 ίεται,
341 855 361 888 ι
394 836 482 888 ἵνα
512 835 609 905 μὴ,
661 834 737 897 ὡς
779 834 940 897 αύτός
980 850 1167 904 φησιν,
1204 832 1570 904 ύπεραίρηται
1611 835 1707 885 κα)⁵

138 932 249 983 τῶν
273 928 671 995 ἀποκαλύψεων
690 928 725 995 η
760 925 1059 999 ὑπερϐολὴ,
1095 943 1116 977 ι
1149 925 1219 980 τὰ
1243 926 1392 995 πάθη
1424 924 1701 992 παιδαγω-

140 1024 236 1089 γὸν
278 1019 647 1089 ἐπιφέρουσα,
689 1017 1096 1089 περιστέλλοιτό
1129 1032 1191 1068 τε
1235 1015 1330 1069 καὶ
1364 1016 1708 1069 διακόπτοιτο

138 1109 208 1161 τα
241 1108 613 1177 σκιρτήματα,
649 1099 734 1168 οἷς
762 1107 796 1173 η
836 1104 1153 1173 ἀνθρωπίνη
1202 1103 1366 1174 φύσις
1411 1105 1705 1175 έκφέρεται

142 1199 277 1264 πρὸς
311 1197 596 1265 φυσίωσιν.
630 1196 693 1246 Et
719 1193 899 1263 βούλει
921 1195 998 1259 δὲ,
1030 1197 1123 1247 καὶ
1154 1195 1243 1249 ἴνα
1260 1198 1399 1265 μετά
1417 1194 1590 1250 ταῦτα
1610 1196 1708 1258 τὰς

141 1287 382 1356 φοϐερὰς
408 1287 623 1349 ὲκείνας
639 1285 892 1350 ἀπειλάς,
914 1287 1151 1348 καὶτοὺς
1166 1286 1397 1357 πικροὺς
1412 1287 1707 1356 διωγμοὺς,

142 1379 239 1431 καὶ
263 1378 361 1440 τάς
395 1379 597 1447 μυρίας
631 1378 847 1445 σφαγάς
894 1377 953 1428 ὲν
982 1376 1264 1447 ἀκλονήτφ
1287 1378 1470 1446 φέρων
1488 1380 1517 1430 ό
1546 1394 1709 1446 κορυ-

141 1470 305 1535 φαῖος
338 1468 431 1519 καὶ
467 1467 750 1537 ἀσαλεύτῳ
779 1466 859 1537 τῷ
891 1466 1226 1536 φρονήματι,
1265 1468 1347 1530 είς
1390 1465 1577 1537 θαῦμα
1611 1468 1712 1538 τῆς

143 1558 209 1608 As
216 1554 481 1624 σποτικῆς
497 1554 807 1625 συμμαχίας
825 1554 1213 1624 προσκαλεῖται
1226 1554 1352 1615 τοὺς
1363 1552 1710 1617 κολάζοντας·

140 1645 520 1715 καθορῶντας,
540 1646 632 1697 τὸν
661 1645 766 1697 ὑπὸ
794 1644 980 1713 φωνῆς
999 1641 1291 1710 παιδίσκης
1310 1642 1711 1707 καταπεσόντα,

140 1736 317 1799 οὕτως
344 1735 597 1806 ἀκίνητον
628 1736 766 1805 πρὸς
793 1731 1032 1787 τοσαῦτα
1080 1732 1230 1802 πάθη
1276 1733 1673 1804 καθιστάμενον
1696 1750 1711 1766 ·

1806 563 1874 617 ad
1942 562 2378 619 moderationem
2441 561 2765 618 deducatur.
2832 564 3105 630 Quocirca
3158 567 3379 623 dicebat

1807 653 2101 708 Salvator:
2165 672 2185 705 ι
2249 652 2429 709 Nolite
2478 654 2550 709 ob
2609 654 2661 708 id
2721 656 2979 724 gaudere,
3040 660 3188 726 quod
3220 661 3377 715 vobis

1806 745 2075 801 daemonia
2110 745 2497 816 subiiciantur,
2536 744 2629 800 sed
2657 746 2919 814 quoniam
2946 749 3166 802 nomina
3195 760 3376 805 vestra

1807 838 2009 907 scripta
2044 838 2154 892 sint
2185 838 2237 890 in
2268 837 2443 891 calis.
2503 836 2655 891 Multi
2704 836 2837 891 milii
2891 837 3091 891 dicturi
3144 848 3275 893 sunt
3324 842 3377 894 in

1807 928 1897 984 illa
1926 926 2050 984 die:
2074 927 2267 982 Nonne
2296 928 2350 981 in
2381 936 2475 983 tuo
2504 929 2725 982 nomine
2758 929 2988 983 virtutes
3022 932 3223 985 multas
3248 947 3380 1001 0pc-

1806 1018 1910 1072 rati
1956 1017 2185 1073 smnus?
2231 1018 2297 1071 ad
2325 1032 2463 1085 quos
2509 1018 2757 1073 dicturus
2804 1031 2947 1082 sum,
2983 1020 3238 1088 Apagete,
3270 1037 3378 1075 non

1810 1108 1934 1163 novi
1959 1122 2058 1161 vos
2085 1108 2151 1159 ⁵⁸.
2198 1125 2216 1157 ι
2270 1108 2449 1176 Atque
2495 1109 2634 1161 hanc
2670 1107 2742 1161 ob
2788 1122 3012 1161 causam
3047 1111 3378 1177 permissum

1809 1197 1913 1253 fuit
1958 1206 2017 1252 ut
2056 1199 2258 1252 Paulus
2304 1212 2428 1251 cum
2467 1199 2798 1267 quibusdam
2836 1201 3210 1254 tentatonibns
3265 1202 3381 1255 col-

1811 1288 2139 1354 luctaretur,
2209 1306 2229 1339 ι
2268 1303 2357 1353 ne,
2386 1289 2532 1357 quod
2561 1287 2795 1341 allirmat
2827 1288 2961 1357 ipse,
3009 1289 3173 1344 nimis
3203 1289 3382 1343 elatus

1812 1380 2070 1445 ferretur,
2128 1387 2352 1449 propter
2428 1378 2839 1431 multitudinem
2892 1378 3375 1432 rcvelatiunuin”.

1811 1469 2013 1534 Quare,
2044 1470 2227 1539 passio
2274 1468 2394 1538 ejus
2439 1482 2538 1537 pro
2569 1467 2867 1537 Pmdagogo
2905 1470 3177 1522 contraxit
3200 1476 3256 1524 et
3283 1470 3385 1524 ab-

1812 1560 1975 1615 scidit
2015 1560 2262 1614 essnltus
2313 1572 2529 1617 omnes.
2581 1573 2613 1612 a
2658 1558 2863 1628 quibus
2911 1567 3105 1612 natura
3145 1560 3387 1613 hominis

1815 1650 2010 1719 inﬂata:
2039 1650 2284 1705 ell‘ertur.
2338 1648 2573 1704 Accedat
2629 1649 2755 1713 huc,
2823 1656 2883 1702 ut
2929 1646 3184 1715 deinceps
3231 1652 3386 1702 terri-

1814 1740 1953 1796 biles
1999 1740 2119 1795 illas
2162 1740 2338 1793 minas
2367 1777 2382 1801 .
2429 1739 2577 1793 mille
2628 1747 2873 1801 mortes,
2928 1753 3081 1793 acres
3134 1755 3388 1808 persecu-

143 1829 401 1899 μεθέλκοι
436 1845 498 1881 τε
520 1826 729 1880 καὶδιά
756 1824 948 1878 τούτου
982 1824 1119 1894 πρὸς
1156 1822 1220 1877 τὸ
1260 1824 1403 1893 μέγα
1428 1823 1527 1893 τῆς
1562 1826 1718 1877 εὐσεο

1825 1830 2012 1893 tiones,
2033 1828 2356 1899 coryphzus
2383 1828 2473 1882 ille
2491 1828 2845 1889 inconcusso,
2868 1838 2921 1881 et
2949 1830 3176 1882 immoto
3196 1828 3379 1885 ferens

140 1923 295 1985 (ἱείας
329 1921 626 1991 μυστήριον
666 1918 967 1988 Ἰουδαϊκῆς
989 1916 1376 1986 ταπεινότητος
1409 1914 1455 1969 i.
1486 1917 1597 1970 Καὶ
1626 1916 1719 1969 τέ-

142 2031 365 2085 ταρτον,
395 2010 587 2080 ἔμοιγε
614 2009 759 2062 δοκεῖ
783 2008 1035 2079 λαμπρὸν
1070 2006 1166 2060 καὶ
1197 2005 1342 2077 μέγα
1361 2004 1718 2075 ψυχαγωγίας

141 2107 518 2178 παράδειγμα.
570 2102 636 2154 Τί
681 2100 775 2154 τοῦ
820 2101 1118 2171 κορυφαίου
1174 2098 1550 2170 λαμπρότερον
1596 2100 1721 2161 ταῖς

143 2200 342 2253 ἔπειτα
363 2196 599 2264 γενεαῖς,
640 2192 809 2247 ὲπειδ’
826 2194 891 2245 ἀν
920 2208 1006 2255 τις
1033 2190 1402 2260 έξασθενήσας
1423 2187 1561 2258 ἀλῷ,
1582 2188 1721 2259 πρὸς

140 2290 215 2344 τά
233 2290 419 2342 τέλεια
443 2285 825 2355 ἀναστηλῶσαι
846 2282 1203 2352 βουλόμενοςς
1232 2283 1294 2335 Et
1323 2282 1431 2353 γάρ
1462 2281 1573 2334 τῶν
1607 2297 1714 2351 μα-

142 2379 329 2451 θητῶν
362 2379 393 2432 ό
422 2378 715 2447 κορυφαῖος
765 2375 906 2445 μετά
952 2373 1284 2443 τηλικαύτας
1318 2372 1576 2442 δυνάμεις
1599 2412 1613 2436 ,
1644 2365 1720 2426 ὢν

142 2474 246 2535 τὰς
279 2471 381 2540 μὲν
416 2470 546 2534 ῐδεν,
592 2468 690 2529 τὰς
726 2468 785 2520 δὲ
834 2467 928 2520 καὶ
970 2465 1225 2517 ἐτέλεσε·
1268 2464 1408 2536 μετά
1452 2464 1721 2534 τοσαύτην

143 2559 499 2614 διδασκαλίαν
524 2575 538 2589 ·
575 2556 694 2627 μεθ’
722 2553 865 2608 οὕτω
895 2554 1095 2624 πολλὴν
1122 2554 1217 2605 καὶ
1234 2552 1486 2621 ποικίλην
1515 2551 1609 2603 τοῦ
1631 2553 1721 2603 Δι-

144 2650 422 2706 δασκάλου
450 2652 668 2718 πεῖραν,
693 2647 813 2717 τρὶς
843 2646 1253 2715 ἀρνησάμενος.
1294 2642 1381 2695 διὰ
1430 2641 1724 2710 μετανοίας

144 2746 304 2813 ὅμως
329 2742 425 2794 καὶ
449 2739 669 2810 θερμῶν
696 2736 972 2806 δακρύων,
1000 2736 1061 2787 οὐ
1107 2734 1170 2787 τὸ
1208 2733 1513 2804 ἁμάρτημα
1565 2732 1724 2800 μόνον

145 2836 445 2905 ἐκάθηρεν,
473 2830 609 2884 ἀλλά
646 2828 783 2898 πρὸς
807 2827 869 2880 se
897 2824 1031 2879 αύτδ
1058 2825 1158 2893 τῆς
1185 2820 1492 2891 ἀποστολῆς
1509 2819 1725 2891 ἀξίωμα

146 2919 587 2989 ἐπανέστρεψεν·
639 2916 699 2969 ού
762 2914 868 2986 χρὴ
926 2914 1188 2985 ῥᾳθυμεῖν
1241 2910 1343 2981 έμὲ
1366 2911 1461 2962 καὶ
1492 2909 1717 2963 καταπί-

146 3028 334 3074 πτειν,
353 3010 414 3076 εξ
458 3008 743 3070 ἀσθενείας
784 3005 1155 3059 ὀλισθαίνοντα
1174 3017 1191 3033 ·
1218 3002 1357 3057 ἀλλά
1406 3002 1600 3055 θᾶττον
1630 3003 1726 3054 ἀν-

149 3101 414 3157 ίστασθαι
444 3099 583 3170 πρὸς
619 3098 928 3169 μετάνοιαν,
961 3096 1057 3148 καὶ
1088 3094 1181 3146 τὸν
1221 3091 1452 3147 πλοῦτον
1502 3092 1601 3160 τῆς
1627 3094 1726 3144 Δε-

149 3191 425 3261 σποτικῆς
479 3190 844 3261 χρηστότητος
870 3185 1174 3249 ἐννοοῦντα,
1226 3184 1346 3237 ὅλον
1391 3182 1581 3236 ἑαυτὸν
1606 3183 1633 3221 ll
1666 3182 1725 3234 έν

148 3283 489 3357 συντριμμῷ
518 3283 745 3352 καρδίας
780 3279 1090 3334 ἀνατιθέναι
1127 3276 1205 3347 τῷ
1234 3277 1331 3339 τὰς
1356 3275 1542 3336 νόσους
1569 3273 1724 3344 ἡμῶν

146 3377 253 3433 καὶ
285 3377 387 3438 τὰς
416 3373 695 3437 ἀσθενείας
727 3371 1077 3442 βαστάσαντι.
1126 3369 1225 3421 Δια
1268 3365 1443 3421 ταῦτα
1486 3362 1602 3431 οὖν,
1643 3360 1724 3417 οἵ·

148 3486 281 3541 μαι,
316 3466 412 3520 καὶ
439 3464 509 3518 τά
535 3463 781 3527 τοιαῦτα,
819 3461 1021 3531 Πέτρος
1040 3458 1242 3511 ἀλῶναι
1271 3454 1624 3527 συνεχωρήθη
1648 3452 1728 3524 τῷ

147 3559 518 3631 ἁμαρτήματι
543 3572 555 3584 ·
592 3554 707 3608 ἀλλ’
735 3555 835 3623 οὐχ
864 3555 947 3606 ὅτι
978 3552 1310 3623 προανεῖπεν
1328 3548 1427 3619 τὴν
1447 3546 1677 3618 ἄρνησιν
1698 3548 1728 3601 δ

146 3651 508 3712 Διδάσκαλος.
548 3649 761 3719 ἀνάγκη
789 3648 895 3700 τινὶ
921 3648 1017 3715 τῆς
1043 3642 1404 3715 προγνώσεως
1434 3639 1724 3710 έξεϐιάσθη

150 3746 297 3815 πρὸς
328 3741 389 3793 τὸ
420 3738 703 3807 ἀθέλητον.
762 3736 916 3789 Ἐπεὶ
949 3733 1093 3788 οὕτω
1143 3750 1206 3801 γε
1251 3732 1475 3801 φθάνοις
1522 3731 1589 3784 ἂν
1617 3730 1729 3783 τῶν

148 3832 383 3903 φαύλων
434 3828 683 3899 πράξεων
722 3826 949 3880 ἀπασῶν
984 3826 1085 3897 την
1135 3826 1340 3889 αἰτίαν,
1389 3825 1468 3887 είς
1500 3824 1598 3887 τὴν
1621 3823 1729 3876 τῶν

146 3917 382 3989 ἀγαθῶν
428 3917 608 3986 πηγὴν
655 3914 976 3987 ἀναφέρων·
1004 3916 1232 3985 προεῖπε
1278 3914 1387 3983 γὰρ
1432 3914 1529 3967 καὶ
1560 3912 1731 3984 Ἰούδα

145 4008 257 4079 τὴν
301 4005 617 4077 προδοσίαν·
666 4004 935 4058 Ἰουδαίων
980 4005 1078 4076 τὴν
1132 4003 1476 4075 μιαιφονίαν*
1521 4003 1614 4057 ναὶ
1664 4000 1731 4073 δὴ

148 4098 263 4151 κᾶν
307 4098 385 4168 μὴ
414 4098 695 4166 προεῖπεν,
724 4095 860 4149 ἀλλά
889 4112 954 4163 γε
1002 4095 1231 4166 προῄδει
1262 4093 1502 4160 πάντως,
1539 4095 1731 4164 ὅτιπερ

145 4190 259 4259 τῆς
286 4188 543 4257 δοθείσης
584 4186 801 4257 ἐντολῆς
828 4188 858 4240 δ
888 4187 1105 4257 πρῶτος
1147 4186 1453 4257 ἄνθρωποί,
1485 4186 1605 4239 ἀντὶ
1630 4184 1732 4254 τῆς

146 4280 417 4353 φυλακῆς
496 4279 762 4349 προέλοιτ*
813 4278 879 4333 ἂν
930 4280 1030 4350 τὴν
1090 4277 1428 4349 ὑπεροψίαν·
1484 4279 1579 4331 καὶ
1633 4276 1731 4329 τοῦ

148 4376 305 4429 Κάῖν
334 4374 431 4443 τὴν
459 4371 875 4439 ἀδελφοκτονίαν
890 4388 906 4405 ·
930 4370 1131 4441 Φαραὼ
1154 4370 1253 4441 τὴν
1278 4370 1732 4441 σκληροκαρδίαν,

1817 1920 2001 1975 animo
2025 1919 2092 1973 ad
2128 1920 2439 1973 mirandum
2476 1917 2719 1987 Magistri
2779 1915 3067 1982 auxilium,
3099 1920 3387 1974 carnilices

1818 2013 1968 2082 ipsos
2002 2012 2305 2075 induceret,
2336 2026 2463 2066 cum
2490 2011 2737 2063 viderent
2769 2022 2917 2073 eum,
2971 2008 3065 2078 qui
3097 2009 3165 2063 ad
3199 2025 3389 2067 vocem

1820 2104 2035 2159 ancilla
2064 2103 2322 2173 deiectus
2344 2101 2548 2165 fuerat,
2603 2100 2742 2154 adeo
2773 2099 3057 2153 immotum
3091 2112 3282 2156 centra
3310 2110 3391 2157 tot

1820 2209 2109 2264 pressuras
2137 2194 2480 2249 consistere:
2529 2192 2844 2261 exindeque
2874 2192 2940 2246 ad
2978 2206 3239 2262 magnum
3272 2195 3391 2264 pie-

1822 2290 1949 2343 tatis
1982 2286 2302 2357 mysterium
2360 2287 2415 2340 in
2462 2283 2680 2339 Iudaeos
2733 2283 3041 2352 pervicaces
3068 2285 3388 2355 impelleret.

1823 2378 1918 2433 Est
1944 2388 1997 2433 et
2027 2386 2284 2448 quartum
2314 2376 2469 2446 quid,
2527 2374 2673 2444 quod
2718 2372 2857 2428 mihi
2906 2374 3121 2430 videtur
3152 2376 3390 2438 illustre,

1821 2477 1877 2523 et
1908 2483 2009 2539 pro
2036 2468 2242 2537 ingenti
2268 2466 2649 2521 consolatione
2676 2464 2989 2533 exemplum
3025 2483 3038 2519 :
3084 2465 3217 2535 quid
3246 2465 3391 2521 enim

1824 2557 2175 2628 praestantius
2198 2558 2488 2628 coryphaeo
2516 2556 2657 2626 apud
2692 2555 3049 2610 succedentes
3080 2559 3390 2627 generatio-

1826 2646 1967 2701 nes?
2010 2660 2136 2700 cum
2187 2655 2370 2699 autem
2400 2644 2528 2712 quis
2555 2642 2872 2697 inﬁrmitate
2895 2641 3102 2697 laboret
3152 2644 3221 2697 ad
3271 2659 3397 2714 per-

1828 2733 2023 2790 fectam
2070 2736 2356 2789 sanitatem
2411 2733 2609 2788 reverti
2654 2732 2842 2787 volens
2882 2739 2985 2786 est.
3048 2731 3105 2787 Si
3139 2734 3394 2804 princeps

1829 2826 1916 2881 ille
1947 2826 2366 2893 discipulorum,
2420 2836 2543 2894 post
2596 2832 2676 2877 tot
2722 2825 2972 2886 virtutes,
3025 2838 3163 2890 quas
3198 2827 3394 2893 partim

1830 2917 1980 2981 vidit,
2028 2915 2262 2985 patravit
2285 2915 2507 2983 partim,
2538 2924 2661 2983 post
2687 2914 2846 2967 talem
2880 2911 3241 2981 disciplinam,
3272 2925 3394 2969 tan-

1829 3017 1939 3061 tam
1967 3017 2026 3061 et
2064 3017 2173 3060 tam
2217 3005 2565 3075 multiplicem
2609 3003 2678 3058 de
2700 3001 2955 3073 Magistro
2983 3006 3395 3073 experientiam,

1828 3105 1910 3151 ter
1941 3096 2035 3150 illo
2062 3096 2330 3165 abnegato
2355 3134 2373 3159 ,
2407 3110 2503 3164 per
2523 3094 2900 3164 panitentiam
2934 3104 3113 3149 tamen
3146 3105 3201 3149 et
3226 3096 3399 3168 lacry-

1833 3202 1973 3253 mas,
2013 3203 2121 3241 nun
2157 3186 2320 3241 modo
2347 3187 2599 3257 purgavit
2622 3194 2932 3255 peccatum,
2981 3186 3075 3240 sed
3126 3188 3192 3240 ad
3241 3203 3399 3242 enm-

1830 3280 1952 3334 dem
1983 3288 2203 3334 erectus
2234 3290 2322 3335 est
2351 3278 2694 3348 apostolatus
2725 3278 2936 3347 apicem
2973 3295 2987 3332 :
3042 3279 3285 3347 profecto
3315 3294 3402 3334 me

1833 3370 2087 3440 ignavum
2113 3382 2232 3423 esse
2277 3375 2333 3422 et
2378 3366 2649 3435 abjectum
2705 3380 2813 3418 non
2859 3364 3034 3427 decet,
3090 3365 3184 3433 qui
3218 3365 3401 3434 lapsus

1834 3477 1955 3518 sum
2008 3461 2077 3514 ab
2132 3459 2469 3521 inﬁrmitate,
2505 3457 2598 3513 sed
2631 3472 2755 3512 cum
2803 3456 2961 3511 ocius
2992 3471 3280 3526 resurgere
3308 3472 3404 3525 per

1835 3552 2211 3624 paenitentiam
2240 3559 2295 3604 et
2333 3549 2662 3605 recolentem
2719 3547 2937 3604 divitias
2968 3548 3227 3602 bonitatis
3261 3548 3402 3603 divi-

1836 3659 1939 3710 me,
1995 3652 2170 3698 totum
2202 3657 2289 3697 me
2314 3657 2439 3697 cum
2468 3641 2649 3697 cordis
2675 3640 3003 3696 contritione
3048 3639 3123 3693 illi
3155 3640 3283 3695 date
3310 3641 3403 3706 qui

1835 3736 2061 3792 morbos
2098 3745 2154 3791 et
2183 3734 2535 3790 infirmitates
2564 3740 2783 3789 nostras
2816 3731 3053 3802 portarit
3078 3732 3144 3786 “.
3178 3732 3407 3802 Pr0pter

1835 3831 1992 3894 istas,
2022 3828 2245 3898 opinor,
2274 3838 2328 3883 et
2359 3826 2678 3882 consimiles
2708 3839 2908 3880 causas
2942 3823 3273 3894 permissum
3307 3823 3409 3877 fuit

1838 3920 1997 3975 Petro
2022 3936 2052 3975 a
2082 3927 2307 3991 peccato
2340 3916 2675 3988 apprehendi
2713 3935 2728 3971 :
2780 3932 2888 3970 non
2915 3914 3061 3985 quod
3094 3915 3409 3985 praedixerit

1840 4011 2095 4083 Magister
2141 4010 2580 4081 abnegationem,
2632 4007 2701 4061 ad
2729 4016 2911 4061 actum
2974 4006 3406 4060 invuluntariuni

1838 4115 1935 4170 per
1982 4098 2361 4154 necessitatem
2415 4096 2773 4166 prescientia
2832 4094 3210 4165 impellebatur
3258 4112 3271 4147 :
3334 4094 3409 4148 ita

1838 4190 1985 4245 enim
2025 4186 2406 4259 praeveniendo
2462 4185 2665 4242 referes
2706 4186 2973 4241 malorum
3024 4185 3271 4239 omnium
3318 4199 3413 4238 ac-

1840 4288 2054 4351 ceptam
2077 4294 2302 4335 causam
2334 4279 2389 4333 in
2410 4276 2616 4332 fontem
2638 4278 2905 4331 bonorum
2929 4277 3173 4329 omnium
3198 4272 3368 4328 Deum
3392 4293 3407 4328 :

1843 4370 2092 4441 pmdisit
2117 4380 2171 4425 et
2194 4366 2347 4424 ludit:
2377 4365 2747 4433 traditionem,
2778 4376 2831 4421 et
2858 4363 3166 4420 Judmorum
3193 4363 3411 4418 animos

147 4464 260 4517 καὶ
282 4463 459 4515 Σαοὺλ
490 4461 590 4532 τὴν
621 4463 983 4535 παρανομίαν.
1015 4461 1128 4516 Καὶ
1146 4461 1199 4514 τί
1229 4460 1354 4514 καθ’
1382 4461 1612 4515 ικαστον
1646 4459 1733 4514 λί-

1842 4461 2224 4533 sanguinarios
2262 4478 2276 4514 :
2315 4459 2451 4530 quin
2484 4459 2531 4513 si
2559 4473 2670 4512 non
2702 4459 3044 4528 praedixerat,
3079 4463 3136 4509 at
3164 4454 3411 4526 praividit

146 4574 245 4624 γει)
279 4572 297 4621 ;
326 4556 423 4625 ούχ
447 4554 526 4607 ὃτι
575 4556 668 4607 καὶ
718 4555 861 4608 κατά
893 4552 1077 4617 πόλεις
1106 4551 1255 4616 ὅλας,
1299 4553 1396 4605 καὶ
1435 4550 1565 4624 ῖθνη
1617 4551 1735 4606 όλό-

1844 4563 2065 4619 tamen;
2094 4552 2242 4624 quod
2274 4551 2485 4622 primus
2516 4550 2684 4605 homo
2712 4564 2811 4621 pro
2845 4549 3225 4605 observatione
3255 4562 3411 4601 man-

149 4646 371 4716 κληρα,
400 4645 456 4696 al
485 4644 715 4714 πράξεις
737 4642 916 4696 αὐτῶν
942 4646 1008 4714 τῇ
1036 4642 1345 4712 προγνώσει
1366 4640 1732 4712 περιέχονται.

147 4737 417 4805 Σοδόμων
449 4737 544 4787 καὶ
584 4735 865 4806 Γομόρρας
907 4736 963 4789 αί
1010 4732 1735 4806 ἀρρητουργίαι,”Ελλήνων,

147 4827 502 4895 Αίγυπτίων,
551 4825 751 4897 μικροῦ
797 4827 1129 4896 συμπάντων
1174 4824 1466 4896 βαρϐάρων
1510 4826 1569 4877 εν
1609 4824 1739 4877 πολ-

148 4925 276 4987 λοῖς
309 4922 523 4991 χρόνοις
560 4923 618 4974 αι
654 4921 1054 4992 είδωλομανίαι.
1103 4918 1262 4973 Ἀλλὰ
1302 4918 1355 4971 τί
1384 4916 1557 4971 ταῦτα
1583 4935 1599 4985 ;
1630 4916 1740 4970 Αύ-

147 5015 259 5069 τοῦ
294 5011 391 5065 τοῦ
424 5012 670 5083 σπορέως
696 5012 805 5065 τῶν
829 5011 1018 5065 κακῶν
1057 5010 1151 5065 καὶ
1195 5010 1597 5081 ἀρχιτέκτονος,
1645 5010 1741 5064 καὶ

147 5110 289 5162 ὅσαι
319 5105 470 5175 αύτῷ
492 5104 750 5174 δυνάμεις
787 5103 889 5174 τῆς
942 5102 1055 5155 ἀνω
1102 5102 1598 5173 συναπερράγησαν
1643 5100 1743 5171 λήο

149 5202 333 5266 ξεως.
360 5192 486 5267 ’Δία’
515 5197 699 5267 ἠγνόει
722 5195 821 5267 την
852 5194 1175 5260 ἀλαζονείαν
1202 5195 1296 5247 καὶ
1335 5193 1434 5263 τὴν
1471 5191 1742 5261 ἐπιϐλασῆ

149 5294 276 5344 τῶν
306 5288 609 5361 ἀνθρώπων
642 5288 1045 5359 ἀνυπέρϐλητον
1093 5287 1270 5341 αύτῶν
1314 5284 1649 5357 μοχθηρίαν;
1679 5284 1745 5335 'l‘i

1842 4646 1952 4702 dati
1978 4661 2011 4700 a
2032 4644 2143 4701 Deo
2165 4643 2455 4709 dati,illius
2476 4642 2700 4713 eligeret
2725 4640 3123 4711 negligentiam,
3143 4637 3413 4708 pra'scivit

1843 4737 2030 4793 Cainis
2052 4734 2434 4799 fratricidium,
2473 4732 2777 4788 Pharaonis
2806 4730 3243 4791 obdurationem,
3276 4730 3416 4782 Sau-

1846 4830 1915 4886 lis
1943 4828 2451 4899 transgressionem.
2479 4823 2547 4879 Et
2567 4824 2697 4894 quid
2726 4822 2936 4894 singula
2961 4819 3293 4893 persequar?
3317 4834 3411 4889 per

1848 4931 1992 4978 totas
2013 4920 2286 4994 civitates.
2348 4927 2538 4989 gentes
2578 4919 2843 4988 integras,
2896 4912 3159 4984 quidquid
3207 4912 3408 4981 agitur,

1846 5012 1995 5069 cadit
2026 5010 2131 5066 sub
2181 5008 2527 5079 przcscientia
2572 5026 2586 5062 :
2644 5006 3051 5062 Sodomitarum
3097 5012 3151 5055 et
3178 4999 3411 5055 Gomor-

1846 5103 2115 5158 rhxeorum
2146 5098 2370 5155 infanda
2400 5097 2974 5170 ﬂagitia,Grsccorum,
3011 5092 3411 5164 Egyptiorum,

1848 5193 2092 5249 omnium
2108 5188 2219 5246 fere
2244 5189 2599 5246 barbararum
2628 5187 2909 5242 nationum
2928 5200 3021 5257 per
3039 5183 3204 5236 multa
3218 5180 3416 5235 secula

1866 5280 2233 5335 idolomania.
2290 5278 2395 5334 Sed
2446 5279 2588 5334 unde
2618 5277 2732 5334 Inrc
2763 5268 3290 5346 proﬁciscebantur?
3332 5267 3412 5321 ni-

235 5450 288 5481 "
322 5447 456 5501 an.
523 5464 577 5511 ς,
645 5447 732 5513 l7,
788 5446 879 5501 ΩΟ.
956 5446 1000 5478 ⁶⁹
1036 5446 1083 5499 ιι
1134 5445 1260 5501 Cor.
1300 5461 1395 5510 an,
1453 5445 1504 5500 Ἰ.
1542 5446 1587 5475 δ’
1629 5443 1728 5498 lsa.
1773 5458 1888 5507 Lm,
1925 5447 1973 5498 ι.

1447 5598 1676 5652 \'.\lll.£
1728 5597 2125 5653 ιευτιοΝες.

238 5751 256 5785 J
299 5736 389 5791 τσ.
423 5735 807 5806 σκληρότητος.
828 5736 889 5790 (3.
923 5736 993 5789 Il.
1020 5736 1424 5804 ταπεινότητος.

500 5833 770 5894 Pyram”
811 5835 925 5891 (in.
947 5833 1047 5892 (‘.l.

1510 5736 1530 5771 Ι-
1569 5735 1651 5787 ἷσ.
1679 5732 1936 5802 ίμαυτόν.
1965 5730 2005 5783 (ἶ
2058 5729 2124 5781 Μ.
2167 5731 2371 5781 ἑαυτόν.

3065 5820 3143 5880 20
