4200 6444
792 415 891 480 611

1951 413 2215 476 ΙἮΟΤΙΙ
2254 417 2755 478 PA’I‘RIARCH/E
2788 419 2895 478 (ΖΡ.

3947 428 4045 494 ιιι

799 543 1018 593 nurum,
1053 525 1122 581 ab
1147 525 1241 579 illo
1263 523 1598 579 seminatore
1622 523 1916 585 malorum,
1947 532 2001 578 et
2029 525 2330 580 architecto
2354 544 2366 580 :

2475 522 2591 590 οὖν,
2619 527 2743 579 ἐπεὶ
2785 527 2951 596 μηδὲν
3004 527 3140 596 μηδὲ
3187 529 3294 582 τῶν
3343 531 3668 601 τοιούτωνῆ
3710 532 4047 604 ἀγαθουργὺς

793 637 822 673 a
857 616 1218 688 potestatibus
1258 616 1392 678 illis,
1430 615 1527 683 qui
1563 628 1593 666 a
1631 612 1851 667 sedibus
1881 613 2198 668 coelestibus
2225 615 2372 669 exci-

793 712 1012 766 derunt.
1085 707 1442 778 lgnorabatne
1507 704 1857 761 insolentiam
1907 705 2263 771 damnosam,
2317 714 2373 762 et

800 817 1113 871 Supremam
1179 799 1444 853 malitiam
1500 796 1830 851 hominum?
1888 795 1944 849 Si
1997 796 2137 850 nihil
2175 797 2370 852 talium

797 893 1063 963 sapientia
1117 893 1385 945 bonorum
1417 889 1691 958 operatrix
1726 887 2035 956 ignorabat,
2093 903 2221 941 num
2249 888 2372 942 ideo

797 984 1078 1040 hominum
1132 990 1438 1050 spontaneo
1501 988 1652 1033 motu
1701 979 2094 1048 peccantium,
2143 987 2198 1032 et
2227 979 2369 1033 bona

798 1089 899 1144 pro
951 1070 1108 1126 malis
1151 1068 1470 1139 eligentium
1521 1076 1738 1121 reatum
1795 1067 2103 1131 abolentes,
2157 1069 2209 1121 in
2244 1082 2369 1121 eum

795 1167 891 1236 qui
941 1162 1238 1234 praescivit,
1271 1175 1357 1226 ea,
1394 1169 1605 1214 tantum
1649 1159 1795 1228 quod
1826 1159 2097 1228 prmscivit
2153 1159 2370 1227 culpam

796 1271 1014 1313 omnem
1062 1251 1460 1322 conjiciemus?
1509 1252 1607 1306 Ast
1644 1251 1864 1304 ubinam
1916 1250 2043 1306 huic
2089 1251 2373 1306 sententia:

796 1342 1288 1413 locus?Siquidem
1333 1341 1550 1395 intuear
1578 1355 1676 1411 ego
1718 1341 1954 1411 aliquem
2005 1340 2060 1394 in
2114 1339 2370 1410 praecipi-

795 1439 929 1491 tium
982 1444 1164 1504 aperte
1195 1431 1459 1495 delatum,
1491 1440 1549 1486 et
1596 1446 1662 1486 ex
1700 1446 1766 1487 eo
1795 1440 2069 1485 mortuum
2121 1431 2369 1495 intuear;

795 1531 841 1583 si
907 1527 1073 1582 alium
1115 1524 1403 1595 evaginato
1454 1522 1636 1593 gladio
1667 1521 1722 1576 in
1771 1522 2080 1591 proximum
2132 1523 2370 1592 aliquem

796 1620 1065 1674 furentem
1119 1617 1367 1680 videam,
1444 1614 1685 1668 occisum
1739 1612 1950 1676 videbo,
2001 1612 2094 1667 sed
2154 1628 2263 1667 non
2314 1621 2374 1666 ut

797 1720 947 1764 actor
978 1720 1169 1776 poenas
1197 1704 1358 1758 dabo.
1394 1701 1550 1769 Quod
1603 1702 1648 1756 si
1699 1703 1800 1757 hoc
1840 1700 2128 1756 ridiculum
2166 1701 2257 1766 sit,
2317 1709 2373 1756 et

794 1798 1041 1856 amentiae
1099 1797 1340 1867 plenum,
1384 1794 1660 1862 quomodo
1705 1807 1813 1847 non
1855 1792 2030 1846 audax
2062 1791 2210 1846 furor
2239 1807 2371 1848 cen-

2474 617 2657 685 ὴγνόει
2686 617 2869 686 σοφία,
2904 614 3014 687 ἆρα
3038 619 3127 670 διὰ
3165 620 3344 685 τοῦτο,
3378 623 3486 675 τῶν
3515 624 3829 694 ἐθελοκάκῳ
3856 625 4050 695 γνώμῃ

2472 706 2538 758 τὰ
2569 708 2737 776 χείρω
2767 708 2877 759 τῶν
2905 711 3231 778 κρειττόνων
3259 711 3649 782 ἀλλαξαμένων
3679 715 3975 783 ἀφελόντες
3995 719 4054 769 τὸ

2474 796 2794 862 ὑπεύθυνον,
2830 798 2926 850 τοῦ
2961 802 3382 869 προεγνωκότος
3405 804 3913 874 καταγνωσόμιθα;
3943 807 4054 858 Καὶ

2473 886 2576 939 ποῦ
2605 888 2766 941 τοῦτο
2795 889 2982 959 χώραν
3016 890 3166 960 ἔχεις
3197 894 3259 944 Et
3290 893 3401 963 γὰρ
3429 895 3543 963 ἐγώ
3582 913 3701 948 τινα
3748 899 4054 967 φερόμενον

2473 976 2569 1028 ἐπὶ
2597 978 2844 1048 κρημνὸν
2878 979 3020 1042 ίδὼν,
3067 980 3261 1036 ἔπειτα
3292 983 3384 1036 τὸν
3413 985 3636 1056 δλεθρον
3668 986 3952 1058 διαγνοίην
3972 1004 3986 1018 ⁸
4018 989 4050 1057 ἢ

2475 1064 2628 1133 ξίφος
2651 1066 3003 1135 σπασάμενον
3042 1071 3184 1122 κατά
3226 1072 3319 1124 τοῦ
3363 1073 3619 1144 πλησίου,
3653 1077 3756 1130 οὐκ
3794 1077 4055 1148 ἀγνοήσω

2473 1155 2564 1207 τὸν
2608 1155 2803 1224 φόνον·
2839 1153 3071 1228 ἆρ’ἀντὶ
3113 1159 3209 1213 τοῦ
3249 1162 3571 1234 δεδρακότος
3615 1167 3728 1234 ἐγὼ
3753 1169 3857 1240 τὴν
3894 1170 4053 1238 δίκην

2475 1247 2696 1315 ὑπέχειν
2724 1247 2933 1312 δίκαιος
2989 1250 3103 1319 είμί
3130 1268 3144 1317 ;
3173 1252 3237 1304 Εἰ
3266 1252 3324 1302 δὲ
3348 1255 3521 1319 γέλως
3558 1256 3717 1309 τοῦτο
3744 1259 3843 1311 καὶ
3872 1259 4052 1330 παράο

2472 1352 2611 1400 νοια,
2646 1337 2764 1399 πῶς
2793 1339 2856 1390 οὐ
2889 1340 3058 1408 μανία
3082 1342 3176 1394 καὶ
3202 1342 3376 1412 τόλμα
3405 1345 3530 1398 ἀντὶ
3563 1347 3657 1400 τοῦ
3691 1348 3848 1412 δίκας
3879 1351 4050 1403 ἀπαι-

2471 1427 2608 1490 τεῖν,
2643 1427 2769 1490 τοὺς
2794 1428 3001 1492 αίτίους
3032 1431 3142 1484 τῶν
3173 1433 3394 1500 φαύλων
3418 1435 3690 1504 πράξεων,
3719 1437 3820 1508 τὴν
3842 1438 4051 1508 δυσφη-

2476 1516 2604 1584 μίαν
2638 1517 2920 1586 μεθέλκειν
2948 1522 3090 1574 κατά
3133 1521 3234 1591 τῆς
3272 1522 3422 1587 θείας
3468 1526 3834 1596 προγνώσεως
3859 1546 3876 1593 ;
3901 1528 3964 1581 Ei
4009 1527 4052 1579 δ’

2469 1608 2504 1676 ή
2529 1605 2838 1675 πρόγνωσις
2870 1608 2981 1660 τῶν
3008 1611 3275 1665 ὑπαιτίων
3304 1613 3622 1682 ἀνεύθυνος,
3654 1612 3765 1686 ἆρα
3796 1617 4050 1690 πρόρρη-

2476 1716 2559 1762 σις
2588 1697 2605 1736 1
2631 1699 2850 1768 ἐνοχος;
2889 1698 2964 1752 Ού
2992 1699 3102 1770 γὰρ
3133 1702 3267 1754 διότι
3301 1705 3682 1775 προέγνωσται
3710 1708 3744 1777 ἢ
3785 1710 4052 1778 προείρηο

2472 1806 2584 1853 ται,
2615 1789 2706 1842 διά
2735 1787 2895 1841 τοῦτο
2940 1789 3352 1861 διαπέπρακται
3374 1833 3388 1859 ,
3423 1796 3539 1848 ἀλλ’
3570 1799 3695 1850 ἐπεὶ
3740 1799 4052 1869 αὐθαιρέτῳ

796 1889 1028 1947 sebitur.
1075 1901 1195 1941 cum
1240 1883 1450 1953 culpari
1488 1883 1746 1945 debeant,
1799 1881 1893 1951 qui
1935 1881 1988 1934 id
2048 1890 2367 1950 patrarunt,

2478 1881 2656 1950 κρίσει
2692 1879 2921 1950 πράξειν
2960 1881 3184 1951 ἔμελλον
3215 1882 3252 1936 ἀ
3290 1883 3367 1955 μὴ
3395 1884 3652 1954 ὤφειλον,
3681 1888 3744 1942 τδ
3777 1890 4052 1960 ἀλάθητον

796 1979 926 2034 mali
980 1973 1211 2042 alicujus
1277 1987 1443 2028 causa
1510 1971 1575 2025 ad
1636 1970 1872 2025 divinam
1926 1970 2199 2025 attrahere
2235 1985 2371 2039 pra:-

796 2066 1124 2124 scientiam?
1166 2065 1250 2119 sin
1281 2061 1620 2134 prmscientia
1656 2070 1810 2116 vacet
1853 2061 2030 2129 culpa,
2072 2075 2138 2114 an
2174 2060 2370 2130 praedi-

795 2160 904 2214 ctio
936 2167 1087 2213 reatu
1123 2155 1294 2211 teneri
1332 2153 1577 2224 poterit?
1607 2150 1724 2208 Non
1753 2151 1874 2207 ideo
1901 2151 1960 2205 ﬁt
1981 2151 2184 2221 aliquid
2223 2152 2369 2221 quod

797 2247 1078 2316 prazscitur
1107 2253 1162 2300 et
1188 2243 1541 2315 pamidetur,
1581 2245 1675 2298 sed
1709 2241 1839 2312 quia
1879 2249 2179 2310 spontaneo
2211 2251 2364 2296 motu

807 2338 1003 2394 facturi
1033 2336 1270 2404 fuerant,
1303 2350 1424 2405 qna:
1456 2334 1630 2390 iacere
1658 2348 1766 2388 non
1795 2332 2053 2388 deberent
2080 2331 2368 2399 homines;

2475 1972 2567 2024 καὶ
2601 1971 3016 2026 πανεπίσκοπον
3031 1971 3186 2043 ὄμμα
3206 1975 3302 2027 τοῦ
3332 1975 3470 2028 Θεοῦ
3496 1986 3536 2014 ω
3552 1977 3736 2031 λαϐεῖν
3755 1982 3858 2032 οὐκ
3891 1981 4050 2050 ἔσχον

2474 2063 2536 2115 τὸ
2561 2062 2840 2117 δύνασθαι.
2862 2063 2961 2118 Διά
2987 2064 3145 2118 τοῦτο
3167 2067 3457 2137 τοιγαροῦν
3476 2069 3571 2122 καὶ
3592 2070 3620 2122 ὁ
3643 2071 3915 2140 μακάριος
3953 2071 4053 2122 Ili-

2476 2171 2623 2225 τρος,
2655 2155 2754 2225 οὐχ
2785 2157 2869 2210 ὅτι
2905 2159 3168 2228 προεῖπεν
3189 2160 3217 2211 ό
3255 2161 3559 2230 Δεσπότης,
3601 2163 3906 2232 ἠρνήσατο.
3939 2161 4054 2214 ἀλλ’

2475 2245 2556 2296 ὃτι
2581 2247 3047 2315 προσολισθαίνειν
3065 2252 3132 2321 τῇ
3161 2251 3393 2322 ἀρνήσει
3418 2251 3635 2322 ἔμελλε,
3664 2253 3758 2305 καὶ
3781 2251 4053 2324 προτινῶ·

2477 2352 2663 2390 σκεται
2691 2339 2769 2408 τῷ
2795 2339 3155 2411 Διδασκάλῳη
3187 2343 3284 2395 καὶ
3314 2344 3879 2418 προανακηρύττεται.

795 2446 859 2484 ea
905 2428 1128 2483 minime
1187 2426 1355 2480 latere
1403 2433 1633 2494 possunt
1684 2426 1865 2478 omnia
1900 2431 2270 2490 permeantem
2299 2431 2353 2478 et
2388 2434 2718 2497 retegentem
2762 2431 2857 2485 Dei
2907 2433 3148 2487 oculum.
3191 2432 3461 2499 Quocirca
3505 2445 3562 2492 et
3616 2436 3808 2493 beatus
3840 2436 4055 2499 Petrus,

796 2536 905 2576 non
935 2519 1062 2590 quia
1129 2516 1374 2587 praedixit
1427 2515 1709 2576 Dominus,
1769 2513 2058 2583 abnegavit
2119 2530 2270 2581 cum,
2337 2515 2431 2570 sed
2478 2521 2735 2587 quoniam
2809 2523 3118 2582 exorbitare
3180 2541 3277 2597 per
3336 2527 3753 2599 abnegationcm
3802 2530 4053 2594 volebat,

797 2614 917 2669 ideo
947 2609 1200 2679 Magister
1238 2610 1356 2680 ejus
1386 2608 1440 2664 id
1466 2609 1736 2680 praescivit
1758 2617 1813 2664 et
1852 2608 2103 2676 praedixit
2150 2607 2350 2678 palam.

797 2722 1121 2795 QUxESTIO
1192 2721 1418 2780 XCVIII.
1453 2723 1640 2794 [CoisL
1684 2722 1909 2780 CCLXI.
1944 2723 2107 2777 Taur.
2140 2723 2366 2797 CCLIIJ

3017 2735 3350 2790 ararum
3378 2740 3513 2826 ιμ’..

914 2840 1055 2892 Edita
1097 2853 1123 2887 a
1167 2840 1464 2893 Montacutlo
1522 2854 1586 2904 ep
1651 2840 1756 2901 180,
1800 2841 1863 2890 ad
1901 2840 2916 2964 Constant,ep.13$:63h,lii'antilogia
2954 2847 3086 2894 inter
3127 2847 3276 2897 verba
3324 2849 3506 2900 Christi
3553 2850 3724 2899 Joaun.
3769 2868 3817 2913 ν,
3874 2856 3930 2904 δι

865 3015 1192 3088 Expeditam
1261 3011 1578 3082 quaestionis
1643 3019 1750 3066 tuae
1814 3009 2140 3065 solutionem
2211 3010 2371 3066 dabo.

809 3129 826 3161 ι
867 3107 925 3163 Si
955 3123 1056 3178 ego
1087 3105 1458 3161 testimonium
1489 3102 1624 3157 mihi
1654 3102 1721 3156 de
1778 3116 1866 3156 me
1905 3101 2185 3170 perhibeo,
2223 3103 2378 3157 testi-

2557 3011 2828 3084 Σύντομόν
2855 3031 2939 3067 σοι
2961 3015 3058 3084 τῆς
3088 3015 3323 3085 ἀτορίας
3353 3014 3451 3086 τὴν
3481 3014 3634 3069 λύσιν
3663 3015 3809 3089 ἐρῶ·
3835 3017 3899 3070 τὸ
3937 3021 4057 3089 μὲν,

2491 3120 2509 3152 ι
2551 3100 2679 3156 Ἐἀν
2711 3101 2822 3171 ἐγὼ
2850 3104 3112 3175 μαρτυρῶ
3142 3104 3272 3174 περί
3304 3103 3569 3175 ἐμαυτοῦ,
3593 3107 3627 3176 ἠ
3659 3106 3937 3177 μαρτυρία
3958 3125 4056 3178 μου

804 3199 1048 3256 monium
1086 3211 1266 3252 meum
1306 3208 1493 3250 verum
1530 3207 1637 3246 non
1668 3200 1752 3246 est
1772 3192 1854 3245 “:
1899 3209 1916 3242 ι
1948 3191 2063 3261 lege
2098 3206 2191 3260 per
2217 3192 2380 3248 inter.

2483 3192 2581 3246 οὐκ
2626 3193 2774 3287 ἔστιν
2803 3193 3008 3265 ἀληθής
3031 3212 3043 3225 ·
3085 3213 3104 3246 ι
3139 3195 3456 3263 ἀνάγνωσον
3512 3197 3635 3250 κατ’
3666 3196 3959 3268 ἐρώτησιν.
3993 3199 4057 3253 δι’

805 3292 1138 3364 rogationem
1173 3307 1187 3344 :
1243 3302 1338 3357 per
1371 3285 1517 3341 istud
1549 3282 1805 3338 Servator
1839 3281 2152 3338 Iudaeorum
2187 3283 2372 3353 suspi-

806 3385 1020 3440 cionem
1051 3379 1330 3450 redarguit
1358 3387 1410 3433 et
1440 3376 1664 3433 refellit.
1703 3373 1797 3430 Est
1822 3383 2004 3430 autem
2037 3394 2051 3431 :
2093 3394 2111 3427 ι
2147 3374 2378 3430 Etiamsi

806 3478 874 3532 de
910 3478 1116 3545 meipso
1174 3470 1552 3527 testimonium
1601 3468 1736 3536 fero,
1790 3467 2165 3523 testimonium
2197 3481 2379 3521 meum

805 3581 993 3621 verum
1021 3571 1102 3618 est
1122 3563 1188 3615 ".
1227 3579 1246 3612 ι
1297 3559 1488 3629 Cogita
1540 3558 1831 3612 Dominum
1875 3557 1980 3611 hoc
2012 3556 2070 3609 in
2099 3556 2219 3610 loco
2257 3569 2382 3625 pro-

808 3657 982 3727 priam
1018 3668 1172 3709 suam
1217 3651 1449 3705 sententi
1492 3666 1543 3704 m
1578 3663 1781 3720 ponere
1805 3662 1869 3703 ac
1901 3647 2255 3718 pronuntiare
2287 3665 2298 3700 :
2331 3655 2384 3701 ct

810 3756 1102 3819 prattextus
1131 3746 1219 3799 ille
1243 3743 1596 3800 dubitationis
1634 3757 1917 3797 accessum
1951 3755 2060 3795 non
2091 3741 2328 3794 admittit
2368 3757 2379 3792 :

811 3850 902 3893 aut
936 3838 983 3893 si
1038 3847 1092 3891 tu
1125 3835 1300 3890 mavis
1341 3833 1651 3902 (ditﬁculter
1684 3831 1830 3887 enim
1884 3831 2123 3900 suppetit
2154 3830 2384 3884 facultas

812 3931 877 3984 ad
936 3928 1178 3984 omnium
1245 3926 1646 3981 dubitationum
1721 3921 2046 3991 solutiones)
2096 3920 2386 3990 dupliciter

812 4017 1144 4072 constitutus
1186 4023 1305 4068 crat
1337 4013 1601 4066 Dominus
1637 4020 1826 4065 noster
1852 4007 2012 4064 Jesus
2044 4007 2321 4073 Christus,
2357 4023 2387 4062 e

814 4107 1018 4163 Deitate
1047 4107 1304 4160 nimirum
1357 4113 1411 4159 et
1448 4103 1808 4158 humanitate.
1839 4100 1975 4155 Illud
2002 4101 2208 4154 dictum
2237 4118 2250 4154 :
2283 4118 2300 4152 ι
2330 4098 2387 4154 Si

814 4194 1185 4249 testimonium
1214 4207 1314 4263 ego
1370 4192 1651 4260 perhibeo,
1689 4209 1707 4242 ι
1749 4199 1879 4253 etc.,
1914 4189 2215 4244 secundum
2244 4189 2387 4257 leges

813 4287 1064 4340 humanae
1105 4293 1312 4337 natura:
1354 4282 1789 4353 intelligendum,
1824 4280 2100 4350 quomodo
2133 4290 2185 4336 et
2218 4281 2388 4336 multa

813 4379 1038 4448 insuper
1094 4376 1199 4430 alia
1267 4376 1652 4444 suscipiemus.
1719 4373 1889 4429 Nemo
1927 4374 2071 4427 enim
2105 4374 2388 4428 hominum

813 4470 878 4523 (lc
909 4468 1089 4537 seipso
1118 4467 1688 4522 ferenstestimonium
1719 4466 1874 4521 testis
1907 4466 2008 4520 fide
2045 4466 2242 4534 dignus
2268 4474 2387 4520 est:

2482 3278 2567 3354 ἧς,
2603 3276 2709 3354 np?)
2732 3285 3004 3349 ἁπάντων,
3028 3286 3055 3337 ό
3087 3285 3275 3357 Σωτὴρ
3298 3287 3394 3357 τὴν
3419 3287 3531 3341 τῶν
3561 3288 3830 3342 Ἰουδαίων
3861 3290 4058 3360 ὑπόληι

2481 3375 2572 3444 ψιν
2602 3375 2813 3445 ἐλέγχει
2839 3375 2934 3429 καὶ
2961 3375 3349 3446 διακρούεται·
3383 3380 3443 3431 τὸ
3472 3377 3550 3442 δὲ,
3584 3397 3602 3430 ι
3634 3379 3755 3432 Κᾶν
3770 3378 3884 3448 ἐγὼ
3918 3397 4058 3450 μαρ-

2482 3464 2632 3534 τυρῶ
2663 3483 2726 3517 πε
2739 3465 2792 3534 pi.
2837 3465 3098 3535 ἐμαυτοῦ,
3128 3467 3160 3534 ἡ
3191 3466 3463 3538 μαρτυρία
3490 3485 3592 3537 μου
3631 3469 3841 3538 ἀληθής
3867 3470 3982 3521 ἐστι
4002 3487 4013 3498 ·
4035 3488 4052 3519 ι

2485 3557 2584 3626 τὴν
2619 3555 2751 3607 ίδίαν
2777 3556 2992 3609 τιθέντα
3030 3555 3214 3625 ψῆφον
3274 3558 3370 3609 καὶ
3402 3559 3841 3628 ἀποφαινόμενον
3891 3562 4061 3612 εἰπεῖν

2487 3649 2576 3700 τὸν
2604 3648 2878 3717 Δεσπότην
2921 3647 3130 3718 νόμιζε,
3161 3648 3257 3701 καὶ
3301 3649 3653 3720 παρείσδυσιν
3686 3650 3785 3721 οὐχ
3826 3651 3938 3718 Eiet
3967 3653 4060 3714 τῆς

2486 3740 2718 3810 ἀπορίας
2751 3742 2782 3811 ἡ
2822 3739 3113 3812 πρόφασις.
3155 3741 3226 3794 Ἦ
3258 3742 3306 3793 εί
3351 3740 3529 3811 βούλει
3558 3743 3680 3811 (οὐκ
3727 3743 3934 3815 ἄπορον
3958 3746 4060 3813 γὰρ

2487 3834 2566 3894 είς
2598 3832 2876 3896 ἐπιλύσεις
2899 3834 2998 3902 τῆς
3019 3833 3280 3900 ἀληθείας
3311 3835 3343 3904 ή
3375 3834 3651 3904 δύναμις),
3678 3834 3995 3898 ὲπιδιπλοῦς
4014 3839 4060 3871 ³⁸

2485 3921 2554 3994 ἦν
2597 3925 2625 3976 ὁ
2657 3925 2861 3994 Κύριος
2896 3925 3055 3996 ἡμῶν
3093 3927 3300 3997 Ἰησοῦς
3326 3930 3354 3981 ό
3386 3927 3619 3997 Χριστὸς
3646 3965 3662 3990 ,
3699 3928 3765 3980 ὲκ
3811 3925 4061 3996 θεότητος

2488 4019 2584 4072 καλ⁹
2635 4017 3074 4089 ἀνθρωπότητος.
3118 4020 3192 4072 Τὸ
3240 4019 3377 4087 μὲν,
3416 4036 3434 4069 ι
3475 4018 3603 4072 Ἐὰν
3641 4016 3754 4085 ἐγὼ
3798 4016 4060 4088 μαρτυρῶ

2491 4111 2619 4181 περὶ
2649 4108 2914 4179 ἐμαυτοῦ,
2959 4111 2992 4179 ὴ
3026 4110 3299 4180 μαρτυρία
3327 4127 3428 4180 μου
3458 4109 3559 4163 οὐκ
3589 4109 3736 4162 ἔστιν
3766 4107 3972 4178 ἀληθής
4001 4123 4012 4135 ·
4039 4125 4055 4156 ι

2490 4201 2639 4271 νόμῳ
2666 4199 2880 4268 φύσεως
2898 4201 2996 4270 τῆς
3019 4200 3368 4271 ἀνθρωπίνης
3386 4242 3400 4265 ,
3426 4199 3612 4269 ὥσπερ
3636 4200 3733 4253 καὶ
3759 4200 3931 4253 πολλά
3952 4200 4060 4252 ἔτε-

2493 4309 2581 4364 ρα,
2617 4298 2642 4325 °
2672 4290 3061 4361 διαληψόμεθα.
3093 4291 3282 4354 Οὐδεὶς
3331 4292 3439 4360 γὰρ
3486 4290 3789 4360 ἀνθρώπων
3831 4293 3911 4354 είς
3967 4290 4061 4359 τὴν

2492 4382 2651 4445 αὐτὸς
2709 4382 2872 4434 αὐτοῦ
2914 4383 3221 4454 μαρτυρίαν
3272 4381 3618 4445 ἀξιόπιστοςο
3652 4383 3712 4436 τὸ
3750 4383 3828 4445 δὲ,
3869 4401 3888 4435 r
3943 4381 4061 4434 Ἐὰν

2494 4474 2606 4542 ἐγὼ
2650 4473 2911 4544 μαρτυρῶ
2944 4474 3073 4540 περὶ
3117 4473 3380 4543 ἐμαυτοῦ,
3413 4475 3447 4542 ἠ
3480 4473 3756 4544 μαρτυρία
3792 4491 3895 4541 μου
3927 4472 4059 4542 ἀλη-

815 4569 870 4615 at
903 4579 919 4612 ι
958 4563 1002 4614 si
1033 4575 1133 4630 ego
1163 4559 1539 4615 testimonium
1577 4558 1644 4614 de
1665 4573 1750 4612 me
1771 4558 2052 4627 perhibeo,
2083 4577 2100 4608 ι
2140 4567 2269 4622 etc.,
2302 4572 2381 4611 se-

2495 4561 2594 4632 θής
2643 4563 2810 4626 ἐστιν,
2860 4561 3132 4632 ἀξιώματι
3201 4563 3296 4616 καὶ
3343 4563 3563 4633 ἐξουσίᾳ
3617 4563 3714 4633 τῆς
3766 4563 4058 4633 θεότητοςο

815 4652 1056 4707 cundum
1089 4651 1409 4721 dignitatem
1452 4658 1507 4706 et
1549 4650 1848 4719 potentiam
1899 4649 2134 4704 deitatis.
2195 4646 2423 4702 Nullus

814 4741 959 4795 enim
993 4740 1198 4809 indiget
1229 4754 1486 4809 suprema
1512 4740 1757 4793 omnium
1800 4737 2006 4794 Natura
2038 4748 2091 4793 ct
2129 4739 2391 4794 Dominus

814 4833 897 4886 vel
933 4831 1232 4886 testimonii
1274 4829 1360 4885 vel
1403 4830 1834 4886 confirmationis
1892 4829 2154 4896 aliunde;
2208 4838 2392 4899 utpote

816 4939 937 4993 qua:
995 4923 1064 4976 ab
1117 4923 1265 4977 intus
1316 4930 1370 4977 et
1411 4938 1443 4977 e
1475 4923 1637 4978 domo
1678 4922 1833 4977 {idem
1881 4921 1984 4976 sibi
2031 4921 2391 4974 adhibendam

818 5020 1076 5083 procurat
1105 5030 1119 5078 ;
1176 5012 1270 5068 sed
1318 5014 1552 5069 ulterius
1579 5014 1700 5068 aliis
1734 5012 1992 5067 omnibus
2028 5012 2226 5082 quibus
2261 5010 2392 5066 ﬁdes

824 5105 1130 5172 adhibetur,
1163 5114 1426 5176 tanquam
1458 5104 1581 5161 l'ons
1610 5104 1934 5161 exsistendae
1961 5112 2014 5159 et
2035 5103 2393 5158 subsistendae

824 5197 950 5252 fidei
976 5207 1061 5251 est
1093 5212 1156 5252 ac
1215 5200 1389 5268 origo.
1439 5195 1507 5252 Et
1551 5197 1667 5252 haec
1722 5197 1970 5251 suilicere
2005 5205 2262 5265 tanquam
2298 5209 2394 5264 per

827 5288 1101 5359 epitomen
1150 5290 1394 5344 subiecta
1439 5289 1784 5345 crediderim.
1834 5288 1971 5344 Sunt
2004 5299 2262 5359 praeterea
2289 5303 2395 5342 non

827 5396 1013 5451 pauca:
1076 5381 1380 5437 solutiones
1441 5381 1861 5444 antedictorum,
1900 5395 2019 5449 qua:
2057 5380 2228 5451 magis
2254 5378 2394 5434 dila-

895 5496 938 5528 ⁶¹
968 5493 1124 5552 Ioan.
1165 5515 1215 5562 ν,
1248 5499 1335 5554 5i.
1413 5499 1457 5530 “
1487 5497 1645 5554 Joan.
1673 5513 1772 5553 vm
1829 5498 1914 5552 i4.

2495 4653 2802 4723 ἀπροσδεὴς
2829 4653 2937 4723 γὰρ
2969 4654 3001 4724 ή
3036 4652 3222 4707 πασῶν
3254 4654 3516 4707 ἀνωτάτω
3571 4653 3754 4722 φύσις,
3797 4654 3893 4707 καὶ
3925 4653 4061 4706 πάν-

2493 4760 2600 4796 των
2633 4741 2935 4811 Δεσπότης,
2965 4746 3062 4814 τῆς
3092 4743 3362 4812 ἑτέρωθεν
3388 4743 3695 4814 μαρτυρίας
3716 4744 3811 4796 καὶ
3839 4742 4063 4813 βεϐαιώ-

2497 4849 2656 4899 σεως,
2681 4834 2779 4886 ούκ
2798 4833 3008 4886 οἴκοθεν
3029 4833 3190 4904 μόνον
3205 4833 3616 4904 προϐαλλομένη
3640 4834 3700 4887 τὸ
3716 4834 4060 4895 αὐτόπιστον,

2498 4926 2633 4978 ἀλλὰ
2654 4925 2763 4995 γὰρ
2793 4925 2888 4976 καὶ
2912 4927 3025 4987 τοῖς
3047 4924 3230 4988 ἀλλοις
3255 4925 3481 4991 ἅπασιν,
3508 4921 3590 4988 οἷς
3633 4924 3694 4978 τὺ
3742 4924 3936 4977 πιστὸν
3967 4941 4061 4976 πε-

2502 5015 2790 5088 ριγίνεται,
2827 5013 3014 5085 ὥσπερ
3067 5013 3218 5085 πηγὴ
3248 5014 3554 5078 οὐσιὼσεως
3601 5017 3695 5068 καὶ
3741 5015 4059 5085 ὑπάρξεως,

2499 5103 2639 5157 οὕτω
2664 5104 2721 5156 δὲ
2768 5105 2861 5157 καὶ
2912 5103 3253 5167 ἀξιοπιστίας
3303 5103 3642 5174 ὑπάρχουσα.
3689 5103 3848 5157 Ἀλλά
3896 5103 4063 5156 ταῦτα

2503 5197 2626 5267 μὲν,
2655 5196 2728 5260 ὡς
2774 5194 2894 5249 κατ’
2925 5195 3192 5266 ἐπιτομὴν
3229 5194 3428 5257 ἱκανῶς
3464 5196 3607 5265 ἔχειν
3647 5190 3821 5265 οἶμαι.
3860 5194 3982 5248 Etsi
4012 5193 4062 5245 δὲ

2503 5290 2597 5341 καλ⁵
2627 5286 2736 5340 τῶν
2766 5287 3070 5358 εἰρημένων
3099 5287 3179 5349 είς
3206 5285 3405 5349 πλάτος
3434 5287 3636 5356 μᾶλλον
3655 5286 4062 5356 ἀποτεινόμεναι

2502 5378 2593 5431 τοῦ
2627 5378 2996 5449 προκειμένου
3025 5377 3207 5442 λύσεις
3225 5378 3325 5432 οὐκ
3356 5377 3563 5447 ὀλίγαιο
3595 5371 3683 5442 αἶς
3707 5379 3787 5432 ὃτι
3809 5379 3933 5441 ταῖς
3967 5393 4063 5430 παι

2140 5586 2375 5643 VARIAS
2417 5585 2819 5643 LECTIONES.

906 5750 1124 5837 Iaculi.”
1157 5753 1268 5837 sava;
1306 5755 1339 5823 ἠ
1364 5753 1690 5837 πρόρρησιςἰ
1714 5755 1831 5809 sine
1861 5754 2017 5837 signo
2047 5757 2506 5837 interrogationis.

829 5825 879 5858 ³⁵
906 5820 966 5880 C.
1002 5820 1073 5876 hi.
1099 5820 1138 5875 ί.
1169 5824 1271 5878 155
1304 5820 1338 5879 ἀ
1361 5820 1485 5877 ἐπΞῖ
1502 5820 1747 5887 διπλοῦς.
1825 5837 1843 5855 °
1871 5820 2142 5896 είρῆσοαι.

2631 5768 2662 5788 η’
2701 5757 2787 5811 ῖσ.
2819 5755 3024 5810 λαθεῖν.
3141 5765 3161 5791 ι·
3195 5752 3256 5809 C.
3298 5751 3365 5805 Μ.
3399 5751 3483 5806 hic
3540 5748 3664 5806 add.
3717 5746 4057 5818 προλέγεται.
