4200 6444
160 360 271 425 613

994 349 1093 410 AD
1130 340 1725 408 AMPHILOCHIUM
1752 332 2100 412 QUESTIO
2135 328 2403 403 XCVIII,
2446 327 2650 389 XCIX.

3306 322 3413 388 614

159 467 380 538 τρικαῖς
410 458 753 532 ινομιλοὺντι
785 455 991 528 βίϐλοις
1029 454 1160 527 ῥᾷόν
1180 455 1333 507 εστιν
1352 449 1618 520 ιντυχεῖν,
1641 447 1735 501 καὶ
1761 449 1797 510 Δ

1859 452 2044 508 antur,
2075 441 2131 497 in
2168 454 2311 510 quas
2337 436 2498 493 facile
2548 443 2629 500 tu,
2660 432 2754 505 qui
2786 432 3010 490 Palmm
3058 432 3280 490 lectioni
3312 448 3418 490 as-

159 524 417 628 οὑδεμίαν
442 524 694 622 ἀνάγκην
721 524 833 621 opt?
845 550 960 610 τοῖς
984 524 1191 618 ἑτέ-ρων
1209 542 1491 617 φροντίσιν
1511 539 1736 628 ἐμαντῷ

1859 530 2034 596 tueﬁs,
2087 528 2324 585 incidere
2351 524 2529 597 possis
2553 541 2569 591 ;
2606 538 2707 581 nec
2732 524 2896 579 ullam
2928 524 3198 595 perspicio
3227 540 3421 582 neces-

164 626 593 715 συναπαρτιζειν
625 639 690 693 τὸ
737 638 969 709 ῥᾷστον·
996 633 1141 688 ἑκὼν
1178 630 1275 687 νῦν
1321 629 1547 699 άφίημι.
1585 626 1740 681 Εἰδέ-

163 755 254 793 ναι
274 736 461 807 μέντοι
483 732 708 806 χρή,ὃτι
732 730 826 785 καὶ
841 726 1094 791 τδ,‹Ἐὰν
1116 721 1229 794 ἐγὼ
1244 721 1453 788 δοξάζω
1473 719 1737 791 ιμαυτδν,

163 833 199 899 ή
235 829 363 894 δόξα
394 844 496 899 μου
554 824 708 879 οὐδέν
753 823 941 876 ἔστιν’
967 821 1002 892 ἢ
1039 818 1132 874 διὰ
1167 820 1269 887 τῆς
1306 813 1428 870 κατ’
1470 811 1741 885 ιρώτησιν

165 918 556 989 ἀναγνώσεως,
592 916 626 987 ἢ
656 914 803 970 κατὰ
849 914 976 976 τοὺς
1015 910 1399 980 προσήκοντας
1449 904 1649 976 νόμους
1672 905 1738 975 τῇ

166 1016 489 1088 ἀνθρωπίνῃ
519 1012 704 1082 φύσει,
740 1010 803 1064 τδ
828 1008 992 1081 ῥητὸν
1022 1003 1274 1077 εἰρῆσθαι
1293 999 1647 1066 ἐξακούοντες
1661 998 1742 1062 εἰς

165 1108 430 1178 οὑδεμίαν
460 1106 528 1160 ἂν
560 1102 860 1172 συζήτησιν
886 1092 1397 1166 περωνεχθείημεν.

719 1383 1054 1444 cro-rust:
1077 1384 1195 1454 te".

178 1508 322 1560 Edita
342 1522 370 1557 a
394 1501 714 1564 Ilontacutio,
760 1515 844 1565 ep.
898 1499 1006 1561 181,
1041 1498 1108 1548 ad
1132 1494 1378 1557 εωιωηριν
1412 1504 1462 1555 Ρ·
1484 1487 1842 1565 ΑΕ
1866 1498 2065 1565 2953!!!

1841 622 2077 686 sitatem,
2143 635 2241 676 cur
2298 634 2402 691 ego
2454 619 2526 675 ab
2598 618 2833 673 aliorum
2888 619 3125 674 inventis
3173 625 3421 674 astruam

1846 714 2093 771 miltimet
2139 711 2494 779 facilitatem;
2546 710 2721 767 lilietts
2752 725 2883 781 ergo
2927 711 3197 765 omittam.
3232 708 3425 764 Scien-

1846 805 1977 861 dum
2006 819 2172 876 porro
2201 816 2382 859 tamen
2403 813 2508 869 est,
2539 806 2688 874 quod
2717 802 2937 858 effatum
2973 802 3124 858 illud.
3164 822 3182 854 ι
3220 802 3277 857 Si
3308 802 3397 872 glo

1850 894 2005 951 rilico
2034 894 2325 964 meipsum,
2357 894 2530 965 gloria
2563 909 2685 949 mea
2737 893 2874 948 nihil
2908 900 2994 949 est
3011 892 3058 925 "
3089 909 3102 946 :
3138 910 3158 944 ι
3214 893 3299 948 vel
3330 906 3427 963 per

1848 986 2326 1056 interrogationum
2399 985 2712 1057 legendum,
2768 993 2866 1041 aut
2926 984 3225 1041 secundum
3281 986 3429 1055 leges

1848 1092 1973 1148 quc
2024 1085 2337 1148 congruunt
2387 1076 2644 1133 humanae
2712 1086 2924 1133 natura:
2987 1078 3425 1147 intelligendum.

1852 1168 2033 1239 Atque
2060 1167 2135 1223 ita
2160 1183 2271 1224 non
2321 1168 2451 1236 erit,
2492 1184 2593 1225 cur
2619 1168 2689 1223 ab
2720 1169 2847 1226 ullis
2884 1169 3285 1240 quaestionibus
3315 1169 3431 1225 cir-

1855 1272 2232 1329 cumagamur.

1866 1372 2196 1442 00.153110
2228 1374 2415 1431 xcrx.
2446 1374 2637 1448 [CoisL
2688 1374 2939 1431 cccxn.
2986 1374 3149 1431 τηατ.
3187 1375 3430 1448 ccum]

2068 1492 2094 1553 ι
2124 1487 2279 1538 verba
2316 1485 2547 1551 discipuli
2578 1488 2756 1538 Joann.
2786 1498 2886 1549 xlv,
2924 1488 2970 1547 5,
3016 1497 3126 1538 eum
3148 1490 3437 1553 preceden-

1505 1549 1641 1601 tibus
1680 1548 1845 1598 verbis
1881 1547 2113 1611 Magistri.

258 1678 340 1750 τῇ
372 1676 676 1744 Δεσποτικῇ
712 1674 863 1742 φωνῇ
890 1673 956 1741 τῇ
985 1667 1246 1737 λεγούσῃ,
1284 1682 1304 1716 ι
1337 1662 1514 1716 Ὅπου
1558 1658 1757 1750 ὑπάγω
1790 1662 1797 1719 ]

1931 1655 1991 1711 In
2017 1656 2298 1714 Dominieo
2327 1656 2421 1713 illo
2463 1656 2839 1728 pronuntiato,
2871 1674 2891 1708 ι
2910 1655 3031 1723 Quo
3055 1672 3156 1728 ego
3186 1658 3322 1715 vado
3348 1660 3436 1715 in-

182 1747 530 1838 ﬁdi—ofﬁces,
557 1767 654 1821 καὶ
676 1766 774 1833 τήν
805 1761 925 1815 ὁδὸν
962 1758 1165 1823 οἴδατε,
1198 1775 1218 1809 ι
1247 1755 1350 1810 οὐκ
1398 1747 1759 1812 ἁνακόλουθος

180 1860 309 1913 οὑδὲ
337 1858 594 1913 τάναντία
616 1854 913 1924 φθέγγεται
939 1853 973 1921 ή
997 1850 1094 1903 τοῦ
1112 1844 1360 1918 μαθητοῦ
1377 1841 1724 1911 ὑποφώνησις
1739 1852 1757 1872 ο

188 1965 210 1998 ε
250 1948 445 2017 Κύριε,
476 1944 576 1997 οὑκ
629 1941 854 2011 οἴδαμεν
886 1938 990 1993 ποῦ
1026 1936 1283 2005 ὑπάγεις,
1320 1935 1414 1990 καὶ
1457 1931 1573 1994 πῶς
1599 1928 1763 1984 δυνά-

185 2037 333 2108 μεθα
363 2035 461 2105 τήν
481 2033 602 2087 ὁδὸν
632 2031 838 2100 γνῶναι
863 2047 879 2097 ;
916 2048 935 2082 ι
972 2029 1049 2083 Οὑ
1090 2027 1206 2098 γάρ
1234 2024 1456 2089 ἁπλῶς,
1488 2022 1594 2076 οὐδ’
1621 2021 1763 2075 ἀπο-

182 2130 363 2191 λὺτως
406 2125 585 2188 τοῦτο,
636 2124 758 2177 οὑδὲ
800 2122 973 2195 χωρίς
1006 2137 1153 2183 τινος
1195 2116 1614 2191 προηγουμένης
1638 2112 1765 2165 ὑπο-

184 2220 395 2278 θέσεως
432 2216 651 2287 εἴρηται
676 2230 691 2245 ’
724 2213 841 2270 ἀλλ’
868 2212 983 2283 εχει
1010 2199 1503 2282 προηγούμενον,ᾧ
1521 2205 1615 2258 καὶ
1637 2220 1765 2257 συν-

183 2310 423 2361 άπτεται
483 2305 568 2366 τὸ,
636 2321 657 2355 ι
714 2303 884 2358 Πάλιν
928 2301 1184 2374 ἔρχομαι,
1231 2300 1329 2351 καὶ
1365 2293 1764 2366 παραλήψομαι

188 2400 359 2468 ὑμᾶς.
395 2415 414 2449 ι
444 2395 616 2448 Τοῦτο
646 2396 754 2465 γὰρ
783 2393 975 2459 εἰπὼν,
1000 2389 1357 2446 ἑπισυνάπτει
1376 2388 1467 2442 διά
1493 2385 1584 2441 τοῦ
1603 2425 1617 2449 ,
1642 2387 1762 2451 ἵνα,

190 2490 291 2543 καὶ
329 2489 427 2559 τὴν
457 2488 640 2542 αἰτίαν
670 2489 769 2558 τῆς
800 2485 1167 2557 παραλήψεως
1200 2486 1279 2548 εἰς
1305 2482 1433 2554 τρία
1459 2480 1635 2535 ταῦτα
1685 2480 1768 2533 δι·-

188 2581 333 2634 ελὼν
357 2581 531 2651 αὑτήν
560 2596 575 2611 ο
617 2580 699 2643 εἴς
725 2597 785 2633 τε
814 2579 876 2632 τὸ
910 2575 1049 2632 εἶναι
1073 2578 1197 2639 τοὺς
1228 2574 1500 2645 μαθητάς,
1522 2572 1650 2626 ἔνθα
1673 2571 1769 2626 καὶ

188 2674 222 2725 ὀ
250 2671 582 2735 Διδάσκαλος
606 2687 620 2701 ’
657 2671 754 2725 καὶ
799 2670 882 2733 εἰς
912 2668 975 2721 τὸ
1006 2666 1205 2721 εἰδέναι
1231 2667 1367 2720 ὅπου
1405 2665 1639 2733 ὑπάγει’
1674 2664 1771 2718 καὶ

190 2764 277 2825 εἰς
311 2764 371 2815 τὸ
404 2763 503 2831 τὴν
525 2762 641 2815 ὁδὸν
666 2761 886 2816 εἰδέναι.
915 2762 1052 2831 Φησὶ
1082 2759 1212 2831 γάρ,
1252 2778 1270 2810 ι
1308 2756 1477 2810 Πάλιν
1512 2756 1767 2827 ἔρχομαι,

194 2856 293 2909 καὶ
354 2853 744 2923 παραλήψομαι
808 2854 953 2922 ὑμᾶς
999 2852 1135 2921 πρὸς
1192 2849 1454 2920 δμαυτόν.
1493 2867 1512 2901 ι
1542 2847 1642 2901 Διά
1679 2846 1770 2913 τίς

202 2967 223 2999 ε
260 2947 382 2999 Ἵνα
433 2948 568 2998 ὅπου
610 2946 727 3014 εἰμὶ
758 2944 891 3013 ἐγὼ,
923 2945 1019 2998 καὶ
1048 2943 1207 3013 ὑμεῖς
1234 2936 1334 3013 ἦτε
1354 2956 1371 2972 ⁸
1404 2939 1502 2993 καὶ
1527 2939 1613 2993 ἰνα
1637 2938 1771 2992 ὅπου

192 3038 398 3106 ὑπάγω
428 3037 628 3101 οἴδατε,
666 3036 758 3089 καὶ
788 3036 875 3088 ἴνα
910 3034 1007 3105 τὴν
1046 3034 1163 3089 ὁδὸν
1204 3032 1386 3085 οῐδατε
1416 3047 1431 3062 ·
1474 3049 1494 3083 ι
1529 3029 1626 3083 τοῦ
1648 3031 1768 3095 ἵνα,

191 3130 443 3199 δηλονότι
478 3132 594 3191 ταῖς
626 3130 805 3197 τρισὶν
834 3126 1056 3191 αἰτίαις,
1086 3125 1159 3189 ὡς
1182 3123 1441 3187 πολλάκις
1462 3122 1640 3183 εἴωθε,
1661 3138 1776 3175 κοι-

196 3222 613 3292 νοποιουμινου.
671 3219 885 3273 Οὑκοῦν
935 3220 1015 3283 τὸ,
1047 3216 1251 3271 εἰδέναι
1275 3215 1375 3288 τὴν
1402 3215 1523 3270 ὀδόν
1542 3231 1558 3248 ο
1586 3214 1683 3268 καὶ
1714 3215 1775 3268 τδ

193 3313 338 3365 ὅπου
391 3312 615 3379 ὑπάγει,
642 3310 797 3363 οὑπω
836 3309 1024 3377 ἔλεγεν
1058 3308 1243 3370 αὐτοῖς
1267 3307 1557 3377 παρεῖναι⁶
1588 3304 1775 3374 ὥσπερ

193 3404 327 3458 οὑδὶ
360 3402 442 3468 τδ,
475 3403 556 3466 εἰς
601 3399 866 3471 οὑρανοὺς
907 3398 1056 3469 αὑτῷ
1104 3400 1344 3453 συνεῖναι
1367 3413 1384 3430 ⁸
1416 3396 1534 3451 ἀλλ’
1558 3397 1639 3460 εἰς
1686 3396 1779 3449 τὸν

196 3493 298 3547 τοῦ
331 3489 726 3561 ἐπανέρχεσθαι
758 3490 975 3560 καιρὶν.
1029 3489 1124 3541 καὶ
1181 3486 1633 3559 παραλαμϐάνειν
1679 3488 1780 3540 αὑ-

197 3586 358 3645 τοὺς.
412 3580 805 3652 τεταμιεὺσθαι
864 3582 1052 3643 αὑτοῖς
1091 3578 1287 3634 ταῦτα.
1319 3579 1500 3650 Τριῶν
1542 3578 1636 3631 οὑν
1668 3581 1783 3644 τοῖς

205 3676 514 3747 μαθηταῖς,
573 3675 714 3726 κατὰ
738 3675 837 3744 τήν
869 3673 1148 3737 ἐπάνοδον,
1196 3670 1577 3741 ὑπισχομὲνων
1602 3688 1616 3703 ·
1647 3672 1784 3724 άπο-

200 3764 509 3835 οαυμάζων
530 3766 560 3818 ὁ
588 3764 792 3834 Θωμᾶς
814 3764 873 3817 ιδ
903 3764 1134 3835 μέγεθος
1187 3763 1295 3823 τῶν
1329 3764 1779 3835 ιπηγγελμένων,

204 3861 308 3912 au
325 3857 389 3926 δὴ
407 3856 542 3925 μηδὲ
565 3855 659 3908 τοὺ
687 3854 966 3918 ἐλάττονός
992 3873 1077 3907 πω
1110 3857 1169 3909 ὲν
1196 3854 1498 3925 καταλήψει
1521 3854 1782 3924 γεγονὼς,

204 3948 441 4007 εἰκότως
466 3944 863 4014 διαμφισϐητεῖ
896 3944 1014 4008 πῶς
1063 3945 1122 3998 ἐν
1185 3945 1408 4015 μεθέξει
1462 3947 1785 4017 γενήσονται

203 4036 325 4089 τῶν
387 4033 647 4105 μειζόνων
670 4051 683 4065 ·
716 4034 938 4088 ἔλαττον
974 4035 1083 4105 γὰρ
1128 4038 1190 4089 τὸ
1235 4038 1435 4090 εἰδέναι
1474 4037 1659 4101 ἁπλῶς
1683 4037 1787 4091 ποῦ

202 4128 335 4180 τόδε
368 4127 551 4189 εστὶν,
585 4127 730 4197 ήπερ
774 4125 875 4197 τὴν
929 4128 1253 4195 άπάγουσαν
1275 4128 1393 4183 ὁδὸν
1418 4128 1657 4182 εἰδέναι·
1697 4129 1790 4183 καὶ

202 4218 376 4271 τοῦτο
423 4218 604 4283 πάλιν,
662 4217 756 4270 τοῦ
802 4219 861 4271 ιν
891 4217 1040 4289 αὑτῷ
1063 4217 1163 4288 ήδη
1186 4217 1265 4289 τῷ
1289 4217 1611 4290 ζητουμένῳ
1638 4224 1790 4289 τόπῳ

1861 1748 2120 1819 telligitis,
2170 1757 2226 1805 et
2271 1748 2418 1804 viam
2454 1750 2630 1805 nostis
2654 1748 2721 1815 “,
2762 1766 2782 1800 ι
2815 1749 2961 1803 nulla
2989 1748 3435 1821 inconsequentia

1860 1840 2154 1911 reperitur,
2186 1840 2268 1895 vel
2312 1841 2675 1897 contrarietas
2722 1844 2780 1897 in
2822 1842 3074 1913 discipuli
3120 1844 3434 1914 subloquio,

1866 1947 1888 1982 ι
1928 1929 2175 1996 Domine,
2229 1947 2335 1987 non
2382 1934 2636 1988 novimus
2690 1948 2803 2003 quo
2848 1935 3021 2001 vadis,
3060 1942 3114 1989 et
3159 1937 3438 2005 quomodo

1862 2022 2007 2077 viam
2055 2037 2384 2093 cognoscere
2438 2026 2740 2094 poterimus
2784 2025 2876 2080 “i
2932 2043 2952 2079 ι
3021 2023 3139 2080 Non
3184 2027 3330 2081 enim
3382 2028 3438 2081 id

1863 2113 2203 2184 simpliciter,
2235 2129 2341 2169 non
2370 2114 2649 2171 indefinite
2691 2117 2917 2182 dieitur,
2950 2131 3051 2172 nec
3084 2118 3203 2172 siue
3234 2133 3439 2188 prace-

1863 2205 2026 2261 dente
2062 2207 2299 2276 quodam
2346 2216 2708 2279 argumento;
2743 2209 2910 2264 habet
2935 2210 3080 2265 enim
3109 2210 3240 2281 quid
3287 2226 3442 2281 pra:—

1866 2297 2067 2352 cedens
2091 2298 2182 2353 cui
2225 2299 2591 2364 subnectitur,
2632 2299 2893 2354 nimirum
2941 2300 3118 2355 illud:
3159 2320 3177 2353 ι
3227 2300 3440 2357 Rursus

1865 2392 2165 2459 reveniam,
2218 2399 2273 2447 et
2323 2408 2601 2449 assumam
2635 2408 2733 2449 vos
2784 2395 2853 2448 ad
2902 2408 2991 2448 me
3017 2394 3083 2449 “.
3141 2414 3160 2447 ι
3204 2392 3318 2450 Hoc
3348 2396 3440 2449 ubi

1867 2481 2103 2549 dixerat,
2131 2483 2371 2537 annectit
2398 2498 2496 2554 per
2524 2484 2633 2548 ἵνα,
2677 2491 2942 2554 tanquam
2978 2498 3197 2539 causam
3225 2499 3444 2541 assum-

1868 2574 2072 2644 ptiouis
2101 2575 2386 2645 tripliciter
2422 2575 2768 2630 distributam
2796 2592 2809 2629 :
2844 2575 3043 2645 primo,
3076 2584 3133 2630 ut
3162 2575 3441 2647 discipuli,

1872 2665 1965 2720 ubi
1994 2663 2270 2736 Magister,
2302 2666 2636 2729 consistant,
2670 2676 2729 2720 ut
2758 2675 3092 2737 cognoscant
3119 2681 3228 2736 quo
3255 2667 3440 2732 vadit;

1871 2766 1927 2813 et
1955 2766 2014 2813 ut
2041 2758 2345 2827 intelligant
2369 2758 2536 2812 viam.
2559 2758 2650 2813 Ait
2674 2760 2822 2814 enim
2861 2777 2875 2814 :
2911 2777 2931 2812 ι
2967 2758 3179 2813 Rursus
3201 2760 3439 2820 veniam,

1872 2856 1928 2904 et
1959 2863 2238 2904 assumam
2268 2863 2366 2903 vos
2396 2849 2465 2903 ad
2502 2865 2608 2904 me.
2642 2868 2663 2902 ι
2703 2851 2815 2905 Cur
2849 2851 2967 2905 ita?
2996 2851 3275 2917 nimirum,
3321 2870 3339 2904 ι
3375 2849 3449 2906 Ut

1876 2939 1969 2995 ubi
1995 2954 2097 3010 ego
2141 2956 2285 3003 sum,
2320 2950 2376 2996 et
2405 2956 2501 2997 vos
2531 2942 2687 2997 sitis:
2721 2949 2775 2997 et
2807 2956 2919 3012 quo
2950 2942 3142 2997 vadam
3175 2943 3354 3005 scitis,
3390 2951 3447 2997 et

1876 3031 2021 3087 viam
2046 3032 2197 3088 scitis
2231 3032 2297 3084 ".
2335 3051 2354 3084 ι
2385 3032 2527 3099 Ἵνα,
2558 3041 2615 3087 ut
2653 3032 2967 3104 frequenter
3007 3034 3085 3095 lit,
3119 3033 3291 3089 tribus
3338 3032 3447 3088 illis

1875 3124 2059 3182 causis
2112 3124 2540 3179 communicato.
2588 3124 2793 3195 Igitur,
2824 3125 2970 3179 viam
3022 3126 3183 3189 scire,
3236 3132 3291 3179 et
3336 3138 3447 3195 quo

1876 3218 2047 3285 vadit,
2081 3218 2179 3282 ait,
2209 3216 2354 3272 haud
2382 3217 2512 3272 dum
2539 3216 2608 3271 iis
2636 3217 2913 3287 cognitum
2947 3232 2963 3270 :
3000 3225 3061 3271 ut
3091 3231 3189 3271 nec
3215 3216 3361 3287 quod
3390 3216 3449 3271 in

1877 3310 2035 3367 ctelis
2064 3325 2193 3365 cum
2227 3324 2295 3365 eo
2326 3309 2694 3365 versabuntur
2741 3326 2758 3364 :
2789 3308 2885 3365 sed
2915 3310 3030 3365 haec
3062 3310 3301 3379 seposita
3325 3324 3451 3366 esse

1879 3398 2013 3469 ipsis
2044 3399 2266 3469 praemia
2295 3397 2363 3452 ad
2394 3407 2612 3469 tempus
2640 3398 2997 3454 reversionis.
3035 3396 3162 3453 Tria
3188 3404 3317 3454 sunt
3344 3396 3453 3469 igi-

1882 3496 1972 3541 tur
1999 3502 2122 3559 qua
2156 3485 2443 3557 discipulis
2471 3487 2589 3543 suis
2618 3487 2907 3557 pollicetur
2950 3487 3006 3542 in
3043 3487 3219 3542 reditu
3254 3503 3269 3542 :
3303 3485 3455 3541 Tho-

1883 3594 2024 3645 mas,
2085 3578 2521 3649 magnitudinem
2575 3579 2974 3648 promissorum
3032 3577 3331 3634 admiratus
3399 3587 3456 3633 et

1882 3666 2282 3731 excellentiam,
2318 3674 2505 3736 utpote
2524 3666 2620 3736 qui
2653 3681 2720 3722 ne
2753 3668 2979 3722 minima
3014 3668 3169 3737 plane
3209 3683 3455 3739 compre-

1886 3758 2121 3813 hendere
2165 3766 2396 3829 poterat,
2459 3758 2811 3829 probabiliter
2856 3759 3135 3815 addubitat
3180 3762 3455 3831 quomodo

1888 3851 2189 3919 majoribus
2244 3850 2618 3921 perfruentur.
2670 3851 2805 3908 Nam
2858 3855 3087 3910 omnino
3141 3855 3325 3911 minus
3372 3867 3458 3912 est

1887 3942 2208 4012 simpliciter
2266 3944 2407 3999 scire
2467 3944 2556 3998 ubi
2606 3944 2809 4013 aliquid
2854 3954 2957 4010 est,
3001 3961 3163 4015 quam
3194 3947 3335 4000 viam
3392 3963 3459 4004 eo

1891 4034 2200 4090 tendentem
2232 4043 2416 4090 tenere
2451 4052 2465 4089 :
2500 4044 2556 4090 et
2590 4036 2692 4091 ltoc
2715 4036 2879 4091 etiam
2913 4036 3095 4091 minus
3133 4052 3296 4107 quam
3327 4039 3457 4092 illud

1891 4128 1945 4181 in
1972 4126 2201 4197 quaesito
2234 4125 2356 4181 loco
2388 4126 2755 4196 acquiescere.
2817 4126 3224 4198 Consequenter
3260 4144 3458 4198 capro-

1892 4225 2013 4288 pter
2039 4215 2345 4285 discipulus
2374 4215 2610 4280 dubitat,
2643 4231 2746 4270 nec
2780 4217 3030 4272 consistit
3056 4218 3121 4271 ad
3154 4219 3462 4287 oppositum

203 4308 548 4364 διαιτάσθαι.
595 4308 917 4372 ’Δκόλουθος
946 4306 1039 4363 οὖν
1062 4311 1097 4380 ή
1136 4308 1232 4363 τοὺ
1278 4310 1524 4381 μαθητοῦ
1559 4310 1787 4380 διαμφι-

1859 4326 1865 4359 ›
1893 4325 2000 4365 vos
2032 4308 2401 4363 informantis.
2439 4307 2560 4361 Non
2592 4307 2736 4362 enim
2765 4308 2996 4363 amt-mat
3022 4309 3163 4363 viam
3209 4310 3331 4365 illos
3366 4311 3464 4365 ad-

207 4401 507 4471 οσήτησις,
535 4400 630 4453 καὶ
651 4399 802 4453 οὐδὲν
834 4401 903 4469 τῇ
936 4399 1294 4470 διδασκαλικῇ
1341 4402 1493 4471 φωνῇ
1528 4400 1783 4470 μάχεται.

204 4493 293 4547 Οὑ
318 4492 426 4560 γάρ
453 4493 658 4553 ἐκεῖνος
686 4492 785 4561 τὴν
821 4490 939 4544 ὁδὸν
962 4491 1161 4555 αὑτοὺς
1192 4491 1295 4562 ήδη
1322 4492 1526 4562 ἔφησεν
1558 4493 1784 4555 ειδέναι,

202 4582 244 4652 ἢ
280 4581 424 4634 ὅπου
453 4583 678 4648 ὑπάγει,
718 4581 752 4650 ἢ
780 4581 843 4634 τὸ
888 4581 949 4633 ιν
1002 4581 1250 4652 οὐρανοῖς
1300 4582 1450 4653 αὑτῷ
1507 4586 1745 4637 συνεῖναι
1769 4599 1783 4614 ⁸

203 4669 582 4727 ἀλλ’ῑσεσθαι
636 4672 821 4735 αὑτοῖς
869 4671 1065 4737 ταῦτα,
1104 4672 1271 4726 ιπειδ⁹
1296 4672 1363 4728 ἂν
1418 4673 1584 4728 αὑτοῦ
1626 4675 1725 4744 μιν
1756 4677 1789 4745 ή

203 4761 504 4824 ἐπάνοδος,
532 4759 761 4815 ὲκείνων
787 4760 845 4815 δδ
873 4762 1237 4834 διαπμχθείη
1262 4764 1297 4835 ή
1314 4763 1641 4835 πρόσληψις.
1670 4765 1792 4818 Ἐπ-

202 4850 407 4915 άνοθος
439 4850 485 4903 δ’
514 4850 581 4905 ἂν
602 4850 690 4923 εἰη
714 4850 810 4905 τοὺ
846 4854 1140 4917 Δεσπότου,
1172 4856 1208 4924 ὴ
1245 4855 1384 4924 μετὰ
1420 4854 1513 4908 τὸν
1560 4855 1791 4926 σταυρὸν

202 4944 317 4999 καὶ
347 4944 447 5013 τὴν
480 4943 779 4997 ἀνάστασιν
825 4944 1141 4999 τελεσθεῖσα
1176 4948 1293 5009 τοῖς
1346 4945 1618 5017 μαθηταῖς
1671 4947 1793 5000 ἑπι-

202 5033 421 5102 φάνεια
442 5046 457 5060 ·
485 5031 608 5085 καθ’
637 5032 706 5103 ήν
731 5031 867 5087 Θεὸν
920 5034 1086 5089 αὑτὸν
1114 5034 1331 5104 άληθῶς
1388 5035 1790 5104 ἐπεγνωκότες,

198 5126 321 5194 τήν
345 5137 405 5175 τε
435 5122 576 5187 ὁδὸν,
604 5125 698 5178 καὶ
720 5119 783 5177 οὑ
813 5126 1128 5196 πορεύεται,
1163 5126 1398 5197 ἔμαθον,
1429 5128 1525 5180 καὶ
1554 5126 1639 5180 ὃτι
1666 5144 1793 5183 συν·

200 5219 439 5270 ἔσονται
467 5214 621 5287 αὑτῷ
649 5218 709 5269 εν
735 5217 1057 5288 ἀδιηγήτοις
1083 5218 1348 5285 ἀγαθοῖς,
1400 5218 1586 5272 οὐκέτι
1618 5219 1798 5273 διστα-

200 5312 366 5377 γμον
389 5300 696 5377 silendi}?
724 5307 801 5371 ὡς
834 5308 1083 5373 συνόντες
1115 5309 1218 5380 ήδη
1249 5312 1367 5372 ταῖς
1398 5308 1612 5364 ἐλπίσιν
1648 5310 1798 5383 ἔχαι-

202 5416 344 5470 ρον.
376 5397 449 5451 Ἦ
472 5397 568 5452 οὑν
615 5397 778 5453 τοῦτο
804 5398 957 5471 δηλοῖ
984 5399 1070 5466 τὸ,
1106 5418 1126 5452 ι
1160 5400 1326 5456 Πάλιν
1344 5401 1600 5474 ἔρχομαι,
1638 5420 1658 5456 ι
1704 5404 1799 5458 καὶ

202 5488 355 5559 ἑξῆς
378 5503 394 5519 ·
421 5489 456 5561 ἢ
488 5490 629 5544 κατὰ
651 5490 751 5561 τήν
777 5491 1038 5563 δευτέραν
1066 5490 1234 5545 αὑτοῦ
1281 5494 1375 5546 καὶ
1406 5496 1639 5565 φρικτήν
1666 5513 1800 5567 παρ.

201 5578 418 5637 ουσίαν
459 5582 719 5637 ἐπάνοδον
747 5600 762 5616 ·
793 5584 883 5638 δτε
930 5585 1027 5637 καὶ
1053 5583 1153 5655 τήν
1194 5584 1334 5653 ὁδὸν,
1366 5590 1459 5641 καὶ
1490 5588 1581 5642 τὸν
1616 5589 1797 5660 μακά·

1894 4402 2001 4457 huc
2032 4411 2244 4465 tenere,
2273 4399 2357 4455 vel
2388 4415 2498 4469 quo
2521 4399 2697 4467 vadit;
2730 4400 2813 4454 vel
2836 4401 3307 4455 conversationem
3341 4418 3465 4456 cum

1892 4507 1959 4549 eo
1986 4493 2041 4547 in
2083 4490 2262 4557 cmlis,
2297 4490 2394 4546 sed
2428 4490 2678 4545 futurum
2734 4491 2888 4558 olim,
2940 4492 3054 4546 haec
3086 4492 3220 4561 ipsis
3249 4492 3465 4548 innote-

1908 4593 2087 4648 scant,
2145 4598 2268 4638 cum
2318 4590 2622 4639 revertetur
2655 4584 2793 4653 ipse,
2826 4591 2881 4639 et
2916 4586 3216 4654 assumptio
3245 4585 3467 4640 illorum

1896 4674 2334 4731 contirmabitur.
2384 4672 2481 4730 Est
2502 4682 2683 4729 autem
2712 4690 2995 4746 regressus
3024 4675 3113 4730 ille
3143 4676 3465 4740 sacerdotis,

1898 4774 2245 4836 posterucem
2268 4775 2323 4820 et
2340 4765 2796 4822 resurrectionem
2814 4764 3051 4835 perfecta
3073 4766 3213 4836 apud
3229 4766 3471 4836 discipu-

1898 4856 1983 4911 los
2003 4857 2319 4927 apparentia
2345 4874 2358 4909 :
2378 4871 2502 4911 cum
2519 4854 2687 4911 Deum
2712 4856 3031 4927 planissime
3060 4856 3148 4911 ille
3165 4872 3469 4927 agnoscen-

1903 4957 2005 5013 tes,
2032 4939 2088 5003 et
2123 4949 2265 5003 viam
2292 4949 2609 5011 didicerint,
2646 4956 2702 5005 et
2729 4963 2841 5019 quo
2864 4950 3011 5005 vadit
3046 4967 3059 5003 :
3090 4960 3145 5005 et
3174 4950 3318 5019 quod
3344 4964 3473 5005 cum

1902 5039 2023 5109 ipso
2042 5042 2289 5095 mansuri
2323 5041 2437 5096 sint
2467 5041 2523 5095 in
2556 5040 2819 5096 fruitione
2879 5040 3146 5096 bonorum
3188 5043 3473 5096 inenarra-

1904 5131 2127 5197 bilium;
2175 5146 2276 5187 nec
2304 5131 2715 5188 distractionem
2767 5133 2855 5187 hic
2897 5131 3062 5187 ullam
3103 5131 3474 5200 patiebantur,

1902 5224 1999 5281 sed
2028 5224 2314 5279 nonaliter
2335 5239 2499 5294 quam
2536 5224 2584 5279 si
2614 5223 2728 5293 jam
2752 5238 2876 5280 cum
2906 5230 2973 5278 eo
3001 5222 3075 5277 ibi
3097 5231 3473 5288 versarentur,

1900 5316 1977 5372 ita
2012 5330 2111 5387 per
2137 5331 2287 5387 spem
2323 5316 2759 5374 laetiﬁcabantur.
2798 5314 3038 5371 Omnino
3066 5323 3215 5369 certe
3255 5313 3339 5369 vel
3369 5313 3475 5368 hoc

1904 5410 2019 5463 vult
2042 5409 2212 5463 illud:
2250 5427 2270 5462 ι
2307 5408 2523 5465 Rursus
2558 5410 2741 5471 venio.
2784 5427 2805 5462 ι
2840 5407 2925 5463 vel
2974 5421 3282 5477 regressum
3314 5405 3475 5461 intel-

1908 5497 2024 5566 ligit
2048 5498 2101 5552 in
2129 5497 2372 5554 secundo
2398 5498 2571 5568 ipsius
2612 5508 2670 5554 et
2700 5496 3028 5553 formidabili
3062 5496 3315 5558 adventu,
3350 5509 3477 5551 cum

1905 5599 1961 5645 et
1989 5590 2169 5644 locum
2203 5590 2354 5644 illum
2401 5589 2621 5645 beatum
2675 5598 2731 5645 et
2779 5590 2946 5656 viam,
2989 5598 3043 5645 et
3064 5584 3477 5643 oblectationem

308 5739 356 5774 ⁸³
389 5737 552 5798 «Ιοεο.
582 5756 704 5811 vui,
744 5742 835 5799 54.
914 5743 959 5777 “
981 5741 1143 5800 Joan.
1175 5760 1289 5814 xiv,
1315 5745 1367 5798 4.
1446 5749 1491 5782 ⁸⁸
1533 5748 1663 5805 ibid.
1697 5750 1749 5804 5.

1859 5751 1875 5783 '
1910 5748 2042 5804 ibid.
2080 5748 2133 5803 ὅ.
2209 5748 2252 5781 ⁸⁷
2290 5748 2418 5803 ibid.
2460 5748 2511 5801 4.
