4200 6444
735 410 841 478 615

1887 405 2156 467 PHOTII
2183 402 2686 464 PATRIARCH/E
2723 401 2834 463 ΟΡ.

3891 401 4002 464 616

737 530 791 581 in
844 524 1057 587 eodem,
1115 537 1210 594 per
1263 531 1525 579 arternum
1578 520 1816 576 habituri
1866 519 1978 575 sint
2027 519 2316 590 experien-

2436 533 2540 569 DtOV
2572 517 2780 568 ἐκεῖνον
2808 504 3007 587 χῶρον,
3037 515 3131 569 καὶ
3157 515 3267 568 τῶν
3288 516 3346 568 ἐν
3374 512 3522 584 αὑτῷ
3549 511 3649 582 τὴν
3674 511 4003 566 ἀπόλαυσιν»

743 619 896 673 tiam.

738 724 1070 793 QUESTIO
1108 723 1149 780 C
1198 723 1384 796 [CoisL
1443 718 1726 787 CCLXIII,
1795 719 1957 774 Taur.
2013 718 2314 792 CCLXIV].

812 819 920 874 Cur
951 819 1168 888 angelus
1209 834 1312 870 non
1347 817 1482 888 venit
1516 815 1588 888 _a_d
1626 813 1824 888 .loseplt
1849 822 2152 888 antequam
2197 816 2252 866 in

1004 883 1387 942 dubitationem
1416 887 1481 940 de
1516 883 1729 954 Virgine
1754 883 2002 937 incideret
2020 884 2046 935 .9

2419 607 2510 660 διὰ
2551 608 2652 678 τῆς
2677 607 2876 677 πείρας
2901 609 3072 676 αὐτῆς
3104 608 3288 670 ἀϊδίως
3317 609 3576 661 εῖσονται.

2983 721 3318 774 ΕΡΩΤΗΣΙΣ
3363 722 3441 773 P'.

2422 811 2525 865 Διά
2553 812 2610 864 τί
2634 810 2718 880 μὴ
2762 811 2878 879 πρὸ
2920 809 3028 863 τοῦ
3072 809 3287 863 πεσεῖν
3323 811 3431 880 τοῦ
3468 806 3822 880 Ἰωσὴφ-εις
3863 807 4016 880 ἀπο-

2487 873 2922 1004 ρίρτὲπὲρὶτῆς
2945 879 3280 949 Παρθένου,
3319 883 3351 934 ό
3396 873 3658 949 ἇτγελοξ
3681 873 3831 949 ἦλθε
3858 879 4014 945 πρὸς

2493 969 2599 1005 αυτ
2645 968 2681 1004 ν
2715 968 2734 1015 ;

1382 1061 1527 1113 Edita
1563 1075 1589 1111 a
1613 1058 1930 1121 Ilontacutio,
1968 1072 2048 1123 ep.
2080 1060 2189 1122 182,
2211 1061 2279 1110 ad
2299 1060 2547 1126 Eulamp.,
2569 1076 2616 1124 p.
2641 1061 2870 1112 270-271.
2903 1062 2956 1111 In
2981 1060 3153 1111 Matth.
3189 1073 3223 1121 ι,
3243 1060 3324 1110 20.

809 1171 946 1225 Cum
980 1167 1179 1238 Joseph
1227 1167 1654 1238 cogitationibus
1694 1167 2168 1222 inextricabilibus
2201 1166 2318 1224 dis-

744 1263 1069 1323 traheretur,
1124 1257 1279 1313 alluit
1331 1267 1532 1327 praesto
1584 1257 1811 1326 angelus
1853 1257 2068 1311 illarum
2100 1257 2316 1312 discor-

744 1355 890 1408 diam
950 1350 1260 1406 sedaturus.
1312 1345 1450 1402 Cum
1504 1346 1650 1401 enim
1701 1346 1768 1399 de
1821 1353 1977 1414 partu
2024 1343 2316 1411 dubitaret,

742 1456 904 1513 atque
922 1449 1069 1496 totus
1101 1437 1490 1493 incertitudine
1522 1437 1826 1500 laboraret,
1855 1450 1885 1489 e
1907 1435 2162 1504 cogitatis
2184 1436 2319 1490 satis

742 1543 913 1604 patet,
952 1530 1084 1600 quid
1119 1537 1347 1584 acturus
1376 1525 1675 1595 partui-iret
1708 1540 1723 1577 :
1758 1542 1776 1574 ι
1814 1522 2100 1594 Cogitabat
2136 1533 2318 1576 autem

742 1621 1048 1677 clanculum
1077 1618 1352 1673 dimittere
1392 1616 1538 1669 illam
1570 1614 1636 1668 “.
1675 1632 1694 1666 ι
1728 1613 1866 1680 Quin
1903 1628 2003 1667 nec
2049 1612 2191 1666 clam
2223 1625 2324 1665 nec

743 1715 969 1766 omnino
1017 1709 1166 1762 illam
1214 1706 1538 1772 dimisisset,
1590 1704 1638 1759 si
1688 1714 1956 1759 tumorem
1994 1703 2148 1756 illum
2183 1701 2321 1756 uteri

2499 1167 2628 1221 Ὅτε
2679 1170 2758 1231 είς
2815 1166 3050 1238 ἀπορίαν
3104 1165 3383 1235 λογισμῶν
3436 1165 3676 1235 κατέστη
3715 1165 3744 1217 ὁ
3784 1164 4011 1234 Ἰωσὴφ,

2427 1259 2545 1312 τότε
2573 1259 2600 1310 ό
2631 1259 2863 1326 ἄγγελος
2893 1258 3097 1328 ἐπέστη
3119 1257 3263 1310 λύων
3288 1257 3390 1326 τὴν
3418 1257 3534 1326 ἔριν
3562 1256 3672 1309 τῶν
3693 1255 3976 1326 λογισμῶν
3996 1273 4008 1286 ο

2427 1350 2516 1401 ὅτε
2552 1349 2662 1416 γὰρ
2709 1350 3026 1419 διηπορεῖτο
3077 1349 3208 1418 περὶ
3257 1348 3333 1416 τῷ
3357 1348 3523 1418 τόκῳ,
3557 1347 3652 1400 καὶ
3697 1349 4014 1416 ἀμηχανίας

2427 1439 2546 1501 ὅλος
2572 1439 2809 1506 ἐγένετο,
2844 1438 3003 1509 δῆλον
3037 1438 3096 1503 ἐξ
3122 1432 3198 1490 ὧν
3230 1439 3509 1502 διενοεῖτο,
3559 1436 3657 1489 καὶ
3701 1438 3825 1490 ὅσον
3857 1437 4014 1489 οὔπω

2429 1529 2658 1598 πράξειν
2686 1527 2909 1598 ἔμελλεν
2933 1544 2947 1559 ο
2987 1546 3007 1580 ε
3054 1527 3355 1599 Ἐσσυλήθη
3384 1528 3514 1598 γάρ,
3540 1529 3694 1596 φησὶ,
3717 1526 3893 1597 λάθρα
3909 1527 4012 1581 αὐο

2430 1619 2528 1689 τὴν
2576 1619 2888 1673 ἀπολῦσαν
2926 1637 2947 1670 ε
3001 1619 3102 1673 οὐκ
3169 1620 3235 1672 ἂν
3302 1619 3426 1672 οὔτε
3469 1619 3642 1689 λάθρα
3703 1618 3827 1671 οὕτε
3877 1619 4013 1680 ὅλως

2431 1708 2712 1779 ἐκπέμψαι
2741 1708 3064 1778 διανοηθεὶς,
3099 1709 3147 1761 εί
3174 1709 3329 1761 νόθου
3353 1709 3518 1779 γονῆς
3562 1710 3654 1763 τὸν
3685 1709 3850 1776 δγκον
3883 1710 4014 1762 ἐπέ-

745 1804 811 1856 de
857 1799 1129 1856 adulterio
1180 1807 1538 1869 procuratum
1576 1795 1887 1866 suspicatus
1938 1792 2152 1849 fuisset.
2188 1794 2324 1849 Cum

2436 1816 2622 1852 πειστο
2658 1801 2758 1870 τῆς
2800 1799 3075 1869 γαστρός·
3115 1799 3343 1871 νόμῳδέ
3376 1802 3472 1853 καὶ
3491 1801 3754 1871 τιμωρίᾳ,
3805 1800 4013 1854 δικαιο-

744 1895 891 1948 enim
950 1901 1098 1947 esset
1163 1890 1392 1960 jusutite
1447 1905 1573 1944 cum
1631 1888 1824 1958 primis
1872 1896 2084 1941 amator
2145 1885 2212 1940 ad
2247 1885 2326 1941 le-

746 2003 838 2056 ges
890 1999 944 2041 et
1027 1983 1357 2054 supplicium
1413 1981 1560 2035 illam
1619 1979 2054 2046 transcripsisset
2105 1986 2327 2047 propter

747 2080 876 2134 illud
927 2077 1212 2146 tlagitium.
1253 2075 1608 2143 Nequaquam
1644 2086 1774 2126 vero
1810 2070 1915 2124 sibi
1964 2070 2068 2124 hoc
2097 2082 2327 2139 persua-

746 2182 914 2236 serat,
965 2185 1090 2225 cum
1147 2182 1296 2224 esset
1331 2166 1669 2220 incredibilis
1717 2165 2066 2234 desponsata:
2101 2164 2276 2217 virtus
2310 2179 2322 2214 :

745 2279 799 2320 et
849 2263 998 2333 proci
1029 2275 1340 2331 congruens
1382 2259 1657 2322 custodia,
1715 2271 1940 2326 pravam
1973 2269 2194 2308 omnem
2227 2268 2329 2330 su-

745 2356 1042 2426 spicionem
1076 2351 1418 2414 excludebat,
1469 2350 1565 2404 sed
1608 2363 1710 2403 nec
1739 2347 2046 2415 intelligere
2091 2353 2326 2414 poterat,

745 2447 890 2518 quod
925 2444 1214 2514 conceptio
1250 2459 1281 2498 a
1309 2442 1494 2497 divina
1521 2441 1840 2511 operatione
1863 2447 2020 2504 erat;
2046 2447 2330 2492 transcen-

747 2540 909 2592 debat
959 2537 1254 2592 humanam
1306 2547 1530 2588 omnem
1579 2531 1969 2602 cogitationem
2027 2530 2119 2584 illa
2163 2529 2328 2583 actio.

749 2630 1070 2685 Fluctuabat
1093 2629 1256 2698 igitur
1276 2625 1700 2696 cogitabundus,
1724 2624 1853 2692 quid
1884 2623 2065 2678 facere
2085 2623 2329 2687 deberet,

749 2720 893 2774 unde
947 2718 1188 2788 placeret
1245 2713 1378 2769 Deo.
1424 2714 1560 2770 Cum
1597 2711 1910 2781 huiusmodi
1942 2710 2186 2764 volveret
2215 2717 2332 2763 tur-

747 2812 909 2866 batus
959 2807 1342 2878 cogitationes,
1401 2803 1653 2874 angelum
1716 2803 1768 2856 in
1838 2816 1954 2855 rem
2006 2808 2330 2870 praesentem

751 2901 1067 2957 amandavit
1100 2897 1265 2964 Deus,
1299 2897 1394 2967 qui
1430 2895 1756 2950 miraculose
1789 2901 2060 2947 tumorem
2097 2890 2249 2944 illum
2278 2889 2332 2943 in

753 2993 995 3063 virgineo
1029 2999 1186 3044 utero
1243 2987 1496 3042 minister
1529 2985 1752 3048 fecerat,
1807 2992 1867 3037 ut
1916 2983 1969 3035 in
2016 2981 2124 3034 illis
2176 2979 2334 3035 Josc-

751 3085 916 3151 phum
943 3078 1349 3142 constabiliret,
1382 3078 1435 3130 in
1462 3075 1665 3146 quibus
1705 3073 1916 3129 stabilis
1948 3074 2177 3127 omnino
2209 3087 2331 3141 per-

2431 1892 2598 1959 σύνης
2628 1891 2703 1942 ὣν
2735 1891 2971 1960 μάλιστα
3013 1892 3253 1960 ἐραστὴς
3284 1892 3478 1945 θᾶττον
3511 1891 3580 1945 ἂν
3620 1894 3916 1964 παρεδίδου
3955 1895 4014 1947 τὺ

2426 1982 2685 2051 τόλμημα
2710 1998 2724 2012 ·
2753 1982 2888 2038 ἀλλὰ
2926 1981 3086 2038 τοῦτο
3127 1983 3226 2054 μὲν
3263 1986 3362 2037 οὐκ
3388 1983 3684 2037 ἐπέπειστο
3704 2002 3718 2015 ·
3751 1986 3786 2055 ἦ
3814 2004 3877 2038 τε
3904 1987 4013 2058 γὰρ

2427 2073 2838 2145 ἀνυπέρϐλητος
2860 2076 3031 2147 ἁρετὴ
3065 2075 3168 2144 τῆς
3194 2077 3622 2148 μνηστευθείσης
3640 2118 3656 2142 ,
3685 2078 3783 2132 καὶ
3812 2080 3848 2149 ὴ
3880 2081 4014 2148 πρέ-

2430 2181 2608 2217 πουσα
2667 2165 2886 2236 φυλακὴ
2943 2166 3037 2219 τοῦ
3101 2167 3414 2238 μνηστῆρος
3455 2169 3636 2223 πᾶσαν
3663 2169 4016 2239 ἀπετείχιζεν

2431 2256 2667 2324 ὑποψίαν
2714 2259 2816 2310 οὐκ
2860 2258 3071 2328 εὐαγῆ*
3104 2259 3226 2311 οὐδὲ
3261 2260 3469 2312 ἐκείνου
3499 2261 3557 2313 δὲ
3595 2261 3762 2314 πάλιν
3797 2262 4014 2314 σύνεσιν

2434 2342 2618 2415 εἶχεν,
2655 2347 2732 2410 ὡς
2780 2347 2888 2418 ἄρα
2937 2349 3085 2413 θείας
3125 2351 3404 2420 ἐνεργείας
3437 2353 3470 2421 η
3509 2350 3704 2418 κύησις
3736 2347 3840 2422 ἦν·
3878 2353 4015 2422 ὑπὲρ

2436 2435 2644 2489 ἔννοιαν
2665 2438 2773 2509 γὰρ
2800 2439 3150 2511 ἀνθρωπίνην
3184 2441 3556 2511 ἐχρημάτιζεν
3587 2444 3620 2512 ή
3670 2443 3872 2512 πρᾶξις
3895 2460 3910 2473 ο
3938 2443 4016 2495 διδ

2430 2530 2540 2590 τοῖς
2558 2529 2836 2599 λογισμοῖς
2851 2530 3196 2599 ἐκυμαίνετο,
3221 2532 3314 2584 καὶ
3334 2533 3386 2585 τί
3409 2532 3498 2598 ἂν,
3521 2533 3857 2603 διηπορεῖτο,
3878 2550 4016 2602 πρα-

2435 2619 2686 2688 ξάμενος,
2717 2619 2788 2673 τὰ
2812 2621 3020 2691 ἀρεστά
3053 2622 3286 2691 πράττοι
3309 2623 3388 2694 τῷ
3420 2623 3560 2693 Θεῷ.
3589 2623 3719 2676 Ὅτε
3741 2623 3874 2691 γοῦν
3900 2623 4017 2678 τού-

2431 2728 2544 2774 τοις
2572 2712 2844 2766 ἐκλονεῖτο
2872 2714 2988 2776 τοῖς
3035 2713 3338 2784 λογισμοῖς,
3391 2715 3514 2767 τότε
3554 2714 3676 2767 λίαν
3714 2717 4018 2786 ἐπικαίρως

2433 2803 2664 2871 ἄγγελον
2687 2804 2902 2874 ἀφῆκεν
2937 2814 2983 2868 P,
3011 2804 3039 2855 ό
3066 2807 3132 2875 τῇ
3180 2807 3482 2876 παρθενικῇ
3513 2808 3708 2876 γαστρὶ
3736 2807 3830 2858 τον
3857 2807 4018 2875 ὄγκον

2435 2893 2897 2966 θαυματουργῶν,
2941 2897 3270 2967 στηρίξοντα
3297 2897 3459 2951 αὐτὸν
3477 2898 3561 2965 ἐφ’
3588 2892 3671 2960 οἷς
3700 2899 3808 2951 ἔδει
3840 2903 4018 2968 μένειν

2434 2986 2730 3057 άκλόνητον
2787 2990 2882 3042 καὶ
2927 2988 3189 3057 σταθερόν
3213 3005 3226 3019 ·
3257 2989 3337 3042 διό
3394 3006 3551 3058 φησι,
3589 3007 3607 3039 ι
3641 2990 3734 3058 Μὴ
3773 2989 4019 3059 ᾳοόηθῇς

2444 3076 2809 3145 παραλαϐεῖν,
2848 3095 2867 3128 ι
2904 3078 2998 3130 καὶ
3027 3077 3155 3147 ἑξῆς
3181 3094 3195 3108 ·
3233 3096 3251 3130 ε
3300 3078 3372 3130 Σὺ
3405 3080 3524 3146 μὲν,
3554 3080 3709 3148 φησὶ,
3744 3078 4018 3149 λαθραίως

753 3141 947 3228 sistere
987 3170 1196 3225 debuit.
1230 3141 1497 3236 Aitergo
1523 3183 1537 3219 :
1574 3183 1593 3216 ε
1625 3163 1703 3220 Ne
1732 3164 1925 3218 timeas
1955 3163 2205 3233 accipere
2219 3162 2284 3226 “,
2309 3179 2327 3212 ι

2440 3141 2670 3235 μελετᾷς
2713 3166 2994 3236 ἐκπέμψαι
3014 3141 3122 3238 τὴν.
3151 3141 3439 3238 παρθένον,
3470 3187 3489 3218 ι
3512 3141 3699 3231 δεδίὼς
3743 3141 4020 3239 κατέχειν,

752 3273 860 3318 t-tc.
895 3261 998 3326 Tu,
1044 3261 1320 3329 inquiens,
1373 3266 1588 3312 secreto
1617 3255 1862 3310 statuisti
1917 3255 2062 3325 apud
2089 3253 2333 3308 animum

755 3355 1030 3408 dimittere
1059 3350 1353 3420 virginem,
1395 3348 1608 3403 veritus
1639 3346 1787 3401 illam
1829 3344 2092 3410 detinere,
2125 3358 2246 3414 qua:
2268 3342 2336 3398 ab

756 3446 942 3513 ignoto
991 3443 1422 3512 impregnatur;
1476 3453 1576 3507 ego
1627 3446 1678 3492 te
1727 3435 1892 3504 iubeo
1965 3435 2115 3490 illam
2164 3435 2230 3490 ad
2285 3442 2340 3488 te

756 3548 1038 3590 assumere
1070 3549 1083 3585 :
1125 3549 1142 3583 ι
1173 3545 1301 3584 nam
1329 3530 1472 3600 quod
1505 3529 1558 3582 in
1587 3543 1650 3583 ea
1691 3537 1876 3582 natum
1909 3536 2015 3591 est,
2036 3526 2104 3581 de
2133 3524 2337 3596 Spiritu

758 3633 946 3680 sancto
973 3624 1155 3690 est";
1189 3640 1208 3674 ι
1248 3636 1349 3677 nec
1378 3619 1754 3675 tantummodo
1779 3619 2078 3673 immunem
2113 3632 2147 3671 a
2179 3616 2338 3686 culpa

757 3723 1120 3787 praegnantem
1174 3714 1399 3776 statuit,
1438 3713 1532 3766 sed
1579 3711 1751 3781 gloria
1809 3724 1928 3765 eam
1977 3718 2031 3764 et
2076 3708 2341 3781 dignitate

760 3806 898 3859 ultra
933 3805 1227 3859 humanam
1265 3811 1519 3856 naturam
1560 3800 1765 3870 replet:
1797 3799 1926 3868 quia
1952 3799 2141 3852 mundi
2173 3797 2340 3854 totius

758 3899 1098 3954 Servatorem
1161 3903 1217 3949 et
1280 3894 1681 3963 redemptorem
1765 3891 1954 3962 gignit.
2022 3888 2342 3960 Opportune

756 3985 1014 4054 quocirca
1062 3983 1294 4053 angelus
1343 3991 1398 4037 et
1440 3996 1548 4036 non
1603 3982 1756 4051 prius
1808 3979 2061 4050 apparuit
2112 3977 2338 4049 Josepb,

761 4087 872 4130 tum
907 4090 1029 4130 cum
1060 4073 1427 4144 cogitationes
1474 4073 1743 4138 ambigua:
1772 4071 2065 4126 distractas
2101 4070 2179 4125 illi
2221 4072 2342 4125 red-

757 4167 950 4220 tlerent
976 4163 1370 4233 cogitationes,
1420 4177 1545 4216 cum
1587 4161 1736 4216 enim
1768 4161 2145 4216 vehementius
2184 4160 2344 4216 attol—

759 4260 948 4315 luntur
988 4258 1209 4324 ﬂuctus,
1264 4257 1634 4328 tranquillitas
1678 4263 1764 4312 est
1809 4256 2240 4326 exoptatissima.
2281 4256 2342 4312 ln

763 4365 829 4404 eo
858 4349 1001 4418 quod
1052 4347 1206 4413 dicit,
1273 4365 1292 4399 ι
1345 4345 1583 4402 Uxorem
1612 4355 1785 4410 tuam,
1847 4363 1868 4397 ι
1920 4345 2154 4401 intendit
2191 4346 2340 4401 illam

2437 3257 2505 3326 ἢν
2546 3257 2704 3319 τόκος
2751 3256 2946 3327 ἄδηλος
2974 3257 3089 3327 ἔχει
3111 3275 3124 3287 ⁸
3166 3259 3276 3326 ἐγὼ
3308 3259 3366 3311 δέ
3401 3258 3508 3331 [σε]
3533 3259 3894 3330 παραλαὸεῖν,
3932 3262 4023 3314 καὶ

2439 3348 2590 3419 παρά
2614 3347 2825 3419 σεαυτῷ
2845 3349 2990 3417 ἔχειν
3011 3351 3357 3420 προστάσσωο
3398 3370 3417 3402 ι
3439 3351 3617 3423 τὸγὰρ
3637 3353 3695 3406 ἐν
3726 3352 3866 3424 αὐτῇ
3898 3369 4023 3421 γεν-

2441 3440 2622 3509 νηθὲν,
2657 3442 2723 3494 ἐκ
2770 3439 3093 3510 Πνεύματός
3131 3443 3280 3496 ἐστιν
3313 3444 3507 3512 ἀγίουο
3553 3462 3572 3496 ι
3620 3445 3716 3497 καὶ
3749 3447 3811 3498 οὐ
3865 3446 4025 3513 μόνον

2441 3531 2739 3586 ἀνεύθυνον
2775 3532 2877 3604 τὴν
2910 3531 3290 3606 κυοφοροῦσαν
3310 3534 3477 3602 τελεῖ,
3504 3536 3615 3590 οὐδ’
3644 3537 3784 3608 ὑπὲρ
3816 3538 4026 3607 ἀνθρω-

2442 3639 2544 3676 πον
2587 3623 2746 3694 δόξης
2779 3623 2877 3678 καὶ
2915 3623 3303 3696 λαμπρότητος
3359 3625 3579 3697 πληροῖ,
3619 3626 3758 3681 ἀλλά
3804 3628 3898 3680 καὶ
3932 3629 4023 3680 κό-

2446 3731 2573 3784 σμῳ
2608 3714 2773 3768 παντὶ
2807 3713 3000 3786 Σωτὴρ
3036 3716 3281 3768 τίκτεται
3321 3717 3416 3770 καὶ
3463 3717 3766 3788 λυτρωτής.
3816 3718 4025 3772 Εὐκαί-

2451 3822 2557 3875 ρως
2594 3805 2705 3877 ἄρα
2732 3805 2794 3859 οὐ
2819 3806 3095 3877 πρότερον
3116 3809 3144 3860 ό
3163 3807 3395 3877 ἄγγελος
3419 3809 3768 3879 ἐπιφαίνεται
3795 3810 3876 3880 τῷ
3917 3812 4028 3864 Ἰω-

2445 3897 2575 3969 σὴφ,
2605 3897 2719 3951 ἀλλ’
2745 3898 2834 3952 ὅτε
2853 3899 3016 3955 αὑτὸν
3039 3899 3334 3970 ἀμφίϐολοι
3352 3901 3707 3972 διετάρασσον
3728 3903 3982 3974 λογισμοί
4007 3920 4022 3934 ο

2441 3989 2532 4043 ὅτε
2559 3991 2667 4060 γάρ
2703 3990 2911 4061 σφοδρά
2944 3993 2978 4060 ἡ
3013 3990 3173 4061 ζάλη,
3205 3993 3327 4046 τότε
3358 3994 3592 4062 μάλιστα
3613 3993 3840 4062 γλυκεῖα
3864 3997 3899 4066 η
3931 4013 4025 4062 γαο

2442 4078 2599 4150 λήνη.
2633 4080 2743 4133 Καὶ
2775 4078 2859 4144 τδ,
2896 4098 2915 4132 ι
2952 4080 3052 4148 τὴν
3074 4082 3311 4148 γυναῖκά
3356 4099 3448 4135 σου
3473 4101 3492 4134 ι
3521 4083 3580 4136 δέ
3603 4099 3618 4114 '
3661 4085 3785 4137 ἀντὶ
3830 4087 3929 4138 τοῦ
3955 4090 4023 4149 ρ’,

2442 4171 2544 4225 ὅσα
2575 4187 2639 4238 γε
2673 4171 2738 4225 ἐκ
2765 4169 2861 4224 τοῦ
2917 4169 2992 4242 μὴ
3049 4171 3186 4242 πρὸς
3231 4171 3418 4244 ἕτερον
3465 4173 3656 4245 ἀνδρα,
3692 4175 3832 4246 μήτε
3873 4175 4024 4245 δμμα

2447 4264 2586 4334 μήτε
2616 4261 2877 4334 λογισμὸν
2907 4262 3352 4332 ἐπιδεδληκέναι,
3382 4265 3522 4319 σῶόν
3554 4283 3636 4319 σοι
3680 4268 3779 4320 καὶ
3800 4269 4024 4321 ἀκαινοο

2443 4355 2678 4425 τόμητον
2703 4353 2802 4424 τὴν
2825 4353 2922 4423 τῆς
2955 4354 3217 4422 γυναικὸς
3276 4354 3693 4428 διατηρήσασαν
3707 4357 3864 4421 τάξιν
3886 4375 3903 4387 ο
3930 4358 4024 4410 καὶ

764 4441 898 4494 nulli
929 4441 1200 4496 addictam
1244 4457 1258 4493 :
1295 4455 1395 4495 nec
1422 4440 1602 4493 visum
1633 4453 1734 4494 nec
1755 4437 2144 4507 cogitationem
2168 4437 2332 4493 alior-

2447 4443 2570 4513 μηδ’
2599 4443 2817 4514 ἐπινοίᾳ
2852 4441 3098 4498 λύσασαν
3123 4445 3248 4509 τοὺς
3277 4445 3516 4516 θεσμοὺς
3556 4448 3663 4517 τῆς
3695 4449 4022 4518 μνηστείας.

766 4548 884 4587 sum
914 4532 1264 4600 impendisse,
1317 4530 1414 4586 sed
1469 4530 1656 4584 uxoris
1707 4537 1912 4584 statum
1961 4528 2238 4598 integrum
2281 4537 2335 4582 et

761 4621 1080 4675 inviolatum
1123 4620 1434 4677 custodisse
1457 4619 1640 4683 docet,
1665 4618 1740 4673 ita
1767 4626 1828 4673 ut
1855 4632 1956 4673 nec
1997 4618 2183 4672 animo
2218 4616 2338 4672 vio-

756 4713 951 4767 laverit
995 4713 1140 4782 leges
1196 4711 1558 4781 sponsalium.
1608 4708 1816 4764 Uxores
1859 4723 2027 4778 porro
2055 4708 2240 4763 dicere
2268 4708 2338 4762 ab

757 4803 982 4872 antiquo
1005 4819 1106 4858 usu
1127 4815 1235 4868 est,
1267 4817 1406 4872 quas
1431 4801 1713 4856 vinculum
1738 4799 1994 4870 sponsale
2017 4799 2197 4855 solum
2221 4798 2334 4854 col-

753 4893 960 4965 ligavit.
993 4893 1120 4948 licet
1150 4907 1483 4964 congressus
1510 4892 1625 4962 lege
1653 4905 1762 4945 non
1787 4899 2055 4946 servatur.

824 5004 1156 5072 QUESTIO
1193 5004 1258 5061 CI
1296 5003 1486 5078 [Coisl.
1517 5002 1788 5058 CCLXIV.
1831 5001 1995 5056 Taur.
2033 5000 2258 5074 CCLV].

757 5095 896 5160 Quid
947 5096 1047 5149 sibi
1087 5096 1194 5149 vult
1227 5110 1247 5150 :
1305 5115 1322 5145 ι
1385 5093 1595 5164 l’endite
1623 5109 1738 5164 qua:
1787 5095 2090 5162 possidetis,
2131 5102 2179 5148 et
2209 5094 2333 5147 date

1281 5163 1620 5233 pauperibus,
1667 5183 1685 5214 ι
1720 5173 1828 5218 etc.

2443 4533 2657 4596 ι’Δλλως
2691 4550 2753 4587 τε
2779 4533 2838 4588 δέ
2867 4535 2964 4588 καὶ
2994 4538 3262 4604 γυναῖκας
3296 4536 3418 4601 ἐθος
3453 4533 3523 4607 ἦν
3552 4538 3740 4592 καλεῖν
3765 4539 4022 4603 παλαιὸν,

2440 4625 2535 4677 καὶ
2594 4623 2660 4688 ἃς
2725 4623 2887 4694 μόνος
2924 4625 2959 4695 ή
3005 4625 3106 4695 τῆς
3189 4628 3489 4697 μνηστείας
3554 4627 3752 4700 δεσμὸς
3801 4630 4017 4683 ωνεδὲο

2441 4733 2568 4785 σμει
2596 4715 2701 4770 κᾶν
2725 4715 2755 4768 ό
2779 4717 2882 4787 τῆς
2903 4715 3119 4788 ὁμιλίας
3165 4718 3355 4784 αὑταῖς
3408 4720 3508 4774 οὐκ
3556 4719 3890 4789 ἐγινώσκετο
3938 4722 4024 4776 νόο

2443 4825 2564 4877 μος.

2986 5008 3321 5064 ΕΡΩΤΗΣΙΣ
3363 5011 3490 5065 PA'.

2447 5097 2509 5150 Τί
2547 5098 2679 5151 ἐστι
2700 5115 2712 5129 ο
2781 5119 2800 5152 ι
2844 5101 3172 5166 Πωλήσατε
3230 5099 3304 5154 τὰ
3343 5097 3693 5166 ὑπάρχοντα
3734 5097 3835 5151 καὶ
3889 5098 4022 5152 δότε

2939 5170 3215 5238 πτωχοῖς,
3255 5188 3274 5222 ι
3305 5186 3360 5222 κ.
3399 5185 3450 5221 τ.
3489 5168 3540 5220 λ.

1340 5276 1482 5329 Edita
1516 5291 1543 5326 a
1566 5277 1881 5338 Hontacutio,
1921 5290 2003 5340 ep.
2048 5277 2156 5338 187,
2183 5277 2248 5328 ad
2285 5278 2645 5342 Cliristop/tor.,
2669 5293 2718 5343 p.
2739 5282 2968 5332 275-286.
2994 5281 3048 5331 In
3074 5281 3192 5332 Luc.
3223 5295 3310 5341 xu,
3338 5282 3414 5330 55.

830 5385 1062 5441 Dubium
1092 5401 1122 5440 a
1155 5395 1207 5441 te
1239 5387 1577 5456 propositum
1607 5388 1723 5441 scio
1748 5386 1875 5441 olim
1909 5395 1960 5440 et
1989 5386 2238 5440 acerbius
2288 5397 2342 5442 et

825 5564 870 5595 "
910 5563 1097 5618 Matth.
1130 5580 1167 5628 ι,
1207 5565 1293 5620 19.
1367 5565 1410 5596 ⁶⁹
1448 5562 1578 5618 ibid.
1602 5562 1692 5616 20.
1773 5564 1815 5593 ⁷⁰
1857 5563 1987 5617 ibid.

2522 5389 2631 5459 Τὴν
2663 5388 2762 5460 σὴν
2791 5390 3046 5462 ἀπορίαν,
3080 5391 3174 5443 καὶ
3197 5390 3522 5462 πικρότερον
3556 5389 3650 5442 καὶ
3688 5387 4017 5468 διαμύτερον

2053 5675 2289 5732 νΑΒΙΑΞ
2325 5677 2730 5736 LECTIONES.

834 5799 865 5843 ν
884 5791 944 5846 C.
971 5790 1041 5847 Μ.
1073 5791 1262 5846 ί.157α
1287 5790 1512 5861 ἐφῆκεν.
1587 5791 1648 5835 ι’*
1673 5790 1758 5844 ῖσ.
1800 5790 1920 5860 τήν.
