4200 6444
183 405 289 467 617

1161 408 1259 467 AD
1286 400 1876 467 AMPHILOCHIUM
1906 402 2248 473 QUESTIO
2274 408 2337 479 C,
2368 407 2463 467 Cl-

3312 410 3418 473 6l8

180 513 300 571 οἶδα
330 514 461 569 ποτὶ
502 513 776 586 Ἰουλιανῷ
798 514 873 585 τῷ
918 514 1214 587 Παρασάτη
1251 511 1748 582 διεσκευασμένην·

1863 510 2173 567 virulentius
2203 526 2298 582 per
2324 511 2602 567 lulianum
2634 511 2950 582 paraltatem
2980 512 3344 582 propositum,
3372 523 3427 570 et

176 608 214 661 ἀ
236 606 368 675 γοῦν
408 606 468 660 ἑν
506 610 616 670 τοῖς
639 608 774 679 πρὸς
803 608 1009 661 ἐκεῖνον
1036 602 1211 671 εἷπον,
1252 607 1347 660 καὶ
1371 602 1448 659 ὦν
1487 607 1522 675 ή
1554 606 1741 675 μνήμη

172 697 274 768 τήν
299 697 571 767 σωτηρίαν
592 697 726 767 ἔχει,
759 697 930 751 ταῦτα
956 698 1021 767 δή
1052 713 1135 750 σοι
1173 696 1284 767 ἀρα
1314 694 1565 766 γράφων,
1610 696 1746 748 ἀπο-

174 790 398 860 χρῶσαν
423 787 574 858 οἶμαι
595 791 695 860 τὴν
738 790 895 845 λύσιν
941 791 1370 862 παρεσχηκέναι.
1408 788 1632 855 Ἔλεγεν
1654 786 1745 839 οὖν

174 883 405 944 ἐκεῖνος,
435 880 626 952 ὥσπερ
651 882 1110 953 έμπανηγυρίζων
1133 884 1252 945 ταῖς
1270 881 1413 935 κατά
1454 880 1554 949 τῆς
1589 881 1746 949 ’Δλη-

175 972 324 1035 θείας
354 971 597 1043 ὕϐρεσιν,
625 972 919 1042 τοιαῦταοιι
958 974 1258 1027 Ἀκούσατε
1286 970 1453 1025 καλοῦ
1478 972 1571 1025 καὶ
1592 971 1747 1024 πολι-

174 1063 329 1116 τοκοῦ
362 1064 850 1135 παραγγέλματος·
878 1064 1177 1136 Πωλήσατε
1204 1064 1273 1117 τά
1288 1064 1620 1135 ὑπάρχοντα,
1654 1061 1749 1115 καὶ

174 1152 295 1206 δότε
339 1156 575 1223 ¹ιιειςωχοίς
602 1170 616 1183 ·
650 1157 914 1225 ποιήσατε
958 1156 1172 1219 ἑαυτοῖς
1210 1144 1471 1226 βαλάντια
1513 1154 1588 1224 μὴ
1640 1169 1749 1207 παο

175 1244 502 1313 λαιούμεναο
536 1244 740 1315 ταύτης
789 1246 876 1310 τίς
932 1247 1106 1299 εἰπεῖν
1153 1246 1270 1316 εχει
1319 1245 1751 1317 πολιτικωτέραν

174 1331 275 1400 τῆς
303 1333 524 1402 έντολῆς
550 1351 565 1399 ;
590 1332 651 1387 Et
671 1333 783 1403 γάρ
813 1335 1015 1399 πάντες
1033 1350 1116 1388 σοι
1140 1335 1436 1400 πεισθεῖεν,
1456 1335 1541 1398 τίς
1561 1336 1589 1388 6
1605 1334 1751 1403 ὡντΓ

180 1424 443 1493 σόμενος;
478 1427 689 1478 ἐπαινεῖ
734 1425 819 1489 τίς
871 1426 1077 1497 ταύτην
1127 1426 1228 1497 τὴν
1278 1421 1753 1496 διδασκαλίαν,ἧς

179 1512 599 1583 κρατυνθείσης,
622 1514 684 1567 ού
719 1515 895 1579 πόλις,
931 1517 1034 1569 οὐκ
1068 1515 1242 1581 ἔθνος,
1300 1515 1403 1569 ούκ
1447 1516 1597 1569 οἰκία
1654 1517 1753 1584 μία

178 1602 542 1671 συστήσεταις
582 1603 702 1667 πῶς
745 1604 874 1676 γάρ,
920 1603 1240 1675 πραθέντων
1280 1604 1575 1671 ἁπάντων,
1606 1600 1754 1669 οἰκος

176 1691 397 1762 ἔντιμος
446 1692 669 1748 δύναταί
723 1711 805 1760 τε,
834 1694 868 1765 ἢ
902 1694 1049 1749 οίκία
1077 1706 1107 1746 ει
1134 1712 1150 1759 ;
1178 1694 1241 1750 τὸ
1279 1696 1357 1760 δι,
1395 1697 1479 1750 δτι
1537 1697 1755 1750 πάντων

176 1782 320 1852 ὁμοῦ
351 1782 460 1836 τῶν
488 1786 548 1836 ιν
572 1787 637 1855 τῇ
672 1784 828 1839 πόλει
861 1787 1350 1857 πιπρασκομένων,
1380 1788 1481 1841 οὐκ
1509 1789 1577 1842 ἀν
1602 1789 1757 1859 εὐρε-

1852 601 2175 656 mcditatum
2210 622 2223 655 :
2266 602 2399 669 Quae
2432 605 2484 657 in
2532 604 2685 657 illunt
2730 604 3026 673 aliquando
3073 605 3342 670 dicebam,
3374 620 3428 663 et

1851 706 1974 760 qua:
2024 695 2285 748 memoria
2341 704 2546 749 retenta
2607 694 2965 759 conservavi,
3018 695 3206 751 eadem
3257 697 3324 752 ad
3377 700 3430 752 te

1852 800 1995 841 nunc
2020 788 2340 855 perscripta,
2365 802 2427 840 su
2438 786 2753 846 fllcientem,
2772 788 2988 857 opinor,
3008 790 3431 857 suppeditabunt

1853 877 2201 933 solutionem.
2245 876 2468 933 Dicebat
2498 894 2629 949 ergo
2698 879 2809 944 ille,
2850 880 3209 936 contumelias
3240 881 3427 951 conje-

1850 977 2007 1024 ctans
2038 968 2091 1023 in
2110 967 2424 1035 Veritatem,
2447 972 2604 1039 quasi
2639 986 2733 1039 per
2762 986 3087 1042 panegyretn
3122 973 3256 1027 ista:
3277 992 3295 1024 ι
3318 974 3428 1026 Δυ-

1852 1058 1965 1114 dite
1994 1074 2095 1115 vos
2124 1061 2467 1131 praeclarum,
2498 1075 2551 1117 et
2590 1078 2713 1117 cum
2744 1062 3029 1132 prudentia
3058 1065 3275 1133 politica
3300 1081 3431 1121 con-

1848 1146 2100 1217 junctum
2153 1152 2491 1207 consilium:
2548 1152 2777 1207 Vendite
2823 1168 2946 1223 qua:
2995 1156 3323 1224 possidetis,
3380 1169 3436 1212 et

1860 1244 1985 1298 date
2034 1245 2382 1315 pauperibus.
2432 1246 2753 1314 Comparate
2802 1245 2955 1300 vobis
3000 1260 3290 1301 crumenas
3326 1262 3433 1301 non

1857 1344 2278 1396 veterascentes.
2332 1334 2531 1404 Ecquis
2586 1334 2760 1401 magis
2810 1348 2935 1387 cum
2973 1334 3157 1403 politia
3201 1336 3435 1405 conjun-

1866 1436 2014 1481 ctum
2037 1435 2368 1496 praeceptum
2398 1426 2607 1481 dederit
2627 1426 2649 1479 ἲ
2672 1423 2773 1479 Cui
2810 1424 2856 1479 si
2886 1439 3077 1480 omnes
3107 1426 3433 1495 obtenpera-

1858 1526 2013 1583 rent,
2058 1517 2492 1587 quotusquisque
2525 1524 2757 1571 restaret
2799 1516 3047 1585 emptori
3074 1514 3274 1586 Ecquis
3300 1518 3443 1571 hanc

1872 1610 2178 1665 doctrinam
2204 1609 2542 1665 laudaverit?
2564 1622 2687 1679 qua:
2711 1608 2759 1663 si
2790 1608 3052 1669 obtineat,
3086 1623 3197 1663 non
3226 1609 3441 1669 civitas.

1864 1714 1975 1755 non
2002 1715 2166 1769 gens,
2202 1715 2310 1755 non
2356 1698 2552 1755 domus
2596 1698 2935 1754 subsisteret.
2966 1696 3253 1763 Quomodo
3293 1696 3441 1751 enim

1863 1789 2156 1846 divenditis
2188 1800 2246 1846 et
2269 1790 2549 1845 distractis
2576 1787 2855 1853 omnibus,
2885 1786 3084 1842 domus
3110 1786 3293 1857 aliqua
3325 1785 3445 1841 (ue-

176 1874 326 1929 θεῖεν
362 1876 410 1928 οἰ
440 1874 828 1945 ἀγοράζοντες,
869 1878 1102 1947 φανερόν
1133 1879 1282 1931 ιστιν
1334 1880 1428 1931 καὶ
1470 1878 1759 1949 σιωπώμε-

1863 1881 1931 1935 rit
1972 1881 2146 1951 pretio
2192 1880 2549 1937 redimenda?
2592 1878 2789 1950 Liquet
2828 1886 3033 1943 autem,
3065 1879 3191 1933 licet
3230 1893 3330 1934 nos
3360 1887 3445 1932 ta-

176 1983 292 2021 νον.
326 1984 344 2016 ι
371 1966 469 2018 Διά
495 1964 752 2019 τοιούτων
777 1967 876 2036 μὲν
903 1967 1202 2037 λογισμῶν,
1230 1969 1260 2022 ὀ
1287 1967 1624 2039 Παραϐάτης
1654 1968 1755 2035 τῆς

1858 1987 2113 2036 ceamus,
2148 1972 2297 2042 quod
2340 1970 2389 2026 si
2434 1970 2619 2025 omnia
2652 1969 3044 2035 venderentur,
3075 1968 3221 2023 haud
3268 1958 3445 2023 l'uturi

178 2056 333 2118 Θείας
356 2056 574 2124 ἐντολῆς
602 2058 1022 2124 κατασκεδάζων
1049 2063 1101 2110 δι’
1125 2060 1226 2130 τὴν
1255 2060 1477 2130 χλεύην,
1503 2059 1674 2113 οἴεταί
1703 2076 1757 2112 τι

1863 2072 1987 2117 sunt
2019 2061 2249 2117 ulterius
2276 2071 2571 2130 emptores.
2620 2076 2640 2109 ι
2694 2056 2897 2112 Taliter
2926 2057 3238 2113 discursum
3278 2057 3440 2113 insti-

180 2147 348 2215 σοφὸν
388 2148 485 2201 καὶ
515 2151 761 2215 γενναῖον
786 2152 985 2204 ποιεῖν.
1026 2149 1085 2204 '0
1125 2150 1183 2203 δὲ
1219 2150 1319 2222 τῆς
1361 2150 1645 2219 ’Δληθείας
1674 2152 1760 2203 λό-

1863 2162 2019 2208 tuens
2060 2153 2340 2220 parabata,
2386 2151 2701 2205 mandatum
2752 2149 2997 2206 divinum
3043 2150 3279 2206 ludibrio
3352 2165 3451 2205 ex-

179 2257 299 2307 γος,
326 2232 427 2293 ὧδέ
476 2256 593 2302 πως
640 2240 1023 2311 ἑπιρῤαπίζων
1066 2240 1129 2293 τὸ
1186 2242 1548 2313 μειρακιῶδες
1595 2241 1758 2294 αὑτοῦ

1863 2244 2035 2313 ponit,
2096 2258 2264 2312 seque
2313 2242 2367 2297 in
2418 2256 2483 2296 eo
2562 2241 2861 2310 prudenter
2903 2250 2958 2295 et
2997 2256 3259 2312 generose
3299 2248 3449 2295 retur

181 2332 283 2383 καὶ
312 2329 512 2398 σαθρὸν
539 2330 651 2381 τῶν
682 2330 855 2398 λόγων
875 2345 888 2360 ·
918 2331 1134 2403 πρῶτον
1176 2333 1275 2403 μέν
1305 2350 1469 2404 φησιν
1497 2332 1574 2397 ὡς
1608 2333 1759 2387 οὐδὲν

1863 2335 2117 2403 gessisse.
2161 2333 2361 2389 Verum
2405 2332 2651 2388 veritatis
2682 2332 2972 2398 sententia,
3016 2333 3175 2402 quasi
3217 2332 3447 2403 colapho

182 2419 522 2487 θαυμαστὸν,
559 2421 607 2472 εἰ
630 2419 701 2472 δι’
738 2416 808 2493 ἧς
848 2422 1091 2490 ἐντολῆς,
1129 2421 1207 2492 τῷ
1241 2422 1589 2493 σοφρονοῦντι
1614 2422 1762 2491 μέγα

1863 2423 2119 2494 impacto,
2154 2422 2221 2479 ad
2246 2424 2393 2479 hunc
2424 2422 2645 2478 modum
2680 2422 2935 2493 reiectam
2976 2424 3231 2478 exsibilat
3261 2425 3449 2493 pueri-

182 2510 378 2579 ὄφελος
402 2512 768 2581 περιγίνεται,
824 2516 920 2566 καὶ
963 2513 1149 2583 θαῦμα
1186 2514 1359 2582 γλυκὺ
1395 2515 1532 2584 πρὸς
1560 2513 1763 2584 ὕμνους

1863 2517 1969 2571 lem
2017 2526 2071 2572 et
2113 2516 2356 2587 putidam
2400 2515 2897 2571 ratiocinationem.
2948 2513 3202 2585 Inprimis
3256 2518 3449 2571 statuit

182 2603 453 2672 διεγεῖρον
478 2604 573 2657 τοῦ
603 2605 919 2675 νομοθέτου,
937 2606 1026 2660 διὰ
1054 2608 1152 2675 τῆς
1172 2608 1341 2676 αὐτῆς
1364 2609 1393 2661 ὁ
1414 2608 1760 2678 παραϐάτης,

182 2696 310 2747 ἀντὶ
344 2696 441 2762 μὶν
461 2695 736 2766 σωτηρίας
765 2697 991 2767 βλάϐην,
1018 2700 1140 2752 ἀντὶ
1173 2699 1229 2752 δὲ
1267 2699 1489 2769 κέρδους
1537 2701 1760 2770 ζημίαν,

186 2788 284 2839 καὶ
316 2788 435 2839 άντί
460 2786 554 2839 τοῦ
585 2789 747 2859 χάριν
784 2790 982 2843 εἰδέναι
1004 2791 1072 2845 τά
1110 2791 1407 2863 βλάσφημα
1428 2792 1608 2859 λέγειν
1630 2794 1763 2847 ἑαυ-

187 2878 269 2947 τῷ
293 2879 916 2949 προσεπορίσατο.Ἐστι
944 2883 1041 2951 μὲν
1064 2884 1193 2954 γάρ,
1221 2884 1369 2937 ἔστιν
1390 2886 1524 2955 ὁρᾷν
1544 2885 1606 2938 τὸ
1628 2886 1765 2953 ἀγα-

189 2968 307 3031 θὸν,
339 2970 444 3021 ὑπὸ
472 2970 572 3039 τῆς
609 2973 740 3041 περὶ
784 2973 918 3025 αὐτὸ
950 2973 1061 3026 τῶν
1111 2974 1411 3044 ἀνθρώπων
1451 2976 1764 3042 διαθέσεως,

186 3060 313 3111 δυσὶ
362 3061 571 3125 τούτοις
617 3064 1175 3135 περιστοιχιζόμενον,
1209 3066 1441 3138 αἰρέσει,
1476 3068 1641 3135 λέγω,
1672 3070 1768 3122 καὶ

1865 2608 2172 2663 mirandum
2222 2621 2330 2661 non
2383 2622 2541 2670 esse,
2590 2607 2638 2661 si
2694 2614 3021 2676 praceptum
3075 2606 3247 2668 illud.
3305 2609 3450 2660 unde

1864 2699 2045 2770 quivis
2079 2698 2358 2754 modestus
2382 2713 2446 2752 ac
2483 2697 2723 2767 prudens
2771 2698 3059 2753 utilitatem
3092 2707 3449 2767 percepturus

1865 2800 1970 2855 est,
1996 2790 2084 2844 ille
2112 2787 2392 2859 transfuga
2443 2787 2832 2857 nequissimus,
2868 2801 2968 2857 pro
3012 2788 3190 2842 salute
3225 2802 3446 2851 noxam,

1869 2898 1967 2951 pro
1996 2882 2230 2937 utilitate
2260 2880 2538 2945 damnum,
2573 2893 2673 2949 pro
2722 2879 3017 2949 gratiarum
3051 2880 3266 2933 actione
3298 2878 3446 2933 blas-

1868 2976 2115 3047 phemias
2169 2986 2418 3030 cruelare
2472 2973 2574 3027 sibi
2631 2971 2934 3041 proposuit.
3004 2971 3449 3025 Animadverterc

1870 3069 2016 3123 enim
2054 3068 2178 3121 licet
2206 3067 2408 3120 bonum
2436 3065 2798 3134 quodcunque
2827 3062 2982 3131 juxta
3029 3062 3315 3117 hominum
3364 3063 3449 3115 di-

191 3155 345 3223 φυγῇ
376 3170 390 3184 ο
415 3147 490 3207 ὧν
520 3156 553 3224 ή
588 3155 688 3223 μὲν
713 3157 838 3219 τοὺς
868 3159 1245 3228 αἱρουμένους,
1295 3160 1389 3213 ἐπὶ
1421 3162 1521 3231 τήν
1560 3162 1770 3230 ἀμείνω

1873 3175 2089 3215 versam
2140 3175 2268 3228 erga
2299 3158 2477 3228 ipsum
2529 3155 2980 3226 dispositionem,
3036 3155 3251 3210 duobus
3301 3155 3454 3209 hisce

187 3245 349 3309 τάξιν
374 3246 674 3312 ἀνάγουσα,
704 3246 898 3311 θεατάς
920 3249 1015 3302 τοῦ
1053 3249 1281 3312 κάλλους
1313 3250 1393 3303 ἔτι
1430 3252 1651 3319 μᾶλλον,
1677 3253 1770 3305 καὶ

191 3336 458 3403 γνησίους
492 3338 730 3405 ἐραστάς
778 3340 1184 3410 ἀπεργάζεταισ
1222 3344 1287 3411 τῇ
1339 3342 1624 3411 προσθήκῃ
1672 3343 1774 3412 τῆς

193 3429 255 3477 ἐν
315 3426 518 3497 θεωρία
569 3428 949 3498 καταλήψεως,
1013 3431 1333 3503 προσθήκην
1387 3432 1654 3485 έντιθείσα
1681 3432 1776 3485 τοῦ

194 3518 401 3586 ἔρωτος
426 3536 439 3548 ·
474 3521 507 3588 ή
536 3518 594 3571 δὲ
626 3521 751 3583 τοὺς
801 3521 1057 3587 οἰκείους,
1084 3522 1157 3583 ὡς
1205 3523 1544 3592 πορρωτάτω
1572 3540 1779 3591 συμφυ-

196 3610 523 3677 γαδεύουσα,
567 3612 663 3663 καὶ
716 3613 858 3666 κατά
907 3614 1166 3683 κρημνῶν
1214 3616 1309 3666 καὶ
1356 3614 1640 3667 σκοπέλων
1687 3615 1777 3667 καὶ

199 3700 408 3770 μυρίας
438 3702 649 3771 πλάνης
675 3702 944 3771 φέρουσα,
978 3705 1073 3758 ἆτε
1116 3704 1181 3774 δὴ
1222 3706 1452 3773 ἐφάπαξ
1502 3707 1601 3774 τῆς
1644 3706 1781 3777 πρὸς

191 3790 260 3841 τὸ
300 3790 499 3855 ἀγαθὸν
536 3790 785 3853 νεύσεως
812 3792 1176 3861 διαστήσασα,
1216 3795 1309 3847 καὶ
1354 3794 1524 3865 λήθην
1562 3796 1781 3864 βαθεῖαν

192 3877 299 3931 τοῦ
331 3878 496 3931 καλοῦ
527 3878 809 3947 θεάματος
876 3883 1241 3952 ὲμποιήσασα,
1276 3882 1421 3955 μόνῳ
1462 3885 1527 3954 δὴ
1570 3887 1782 3955 χαίρειν

193 3968 282 4037 τῷ
313 3968 411 4035 τῆς
440 3971 647 4031 κακίας
682 3970 916 4035 ένεθίζει
955 3973 1124 4041 ζόφῳ,
1166 3974 1258 4025 καὶ
1301 3974 1531 4043 τυφλοὺς
1558 3977 1657 4047 οὐχ
1689 3972 1787 4047 ἦτ-

193 4076 299 4111 τον
346 4060 379 4128 ῆ
419 4060 730 4129 πολεμίους
783 4061 884 4128 τῆς
929 4061 1078 4131 σφῶν
1128 4064 1402 4134 σωτηρίας
1448 4068 1781 4137 περιίστησι.

198 4148 397 4222 Ταύτῃ
426 4167 509 4202 τοι
551 4153 647 4204 καὶ
685 4152 994 4219 Ἰουλιανὸς,
1035 4154 1115 4222 τῷ
1161 4154 1261 4224 τῆς
1305 4157 1640 4219 ἀποστασίας
1664 4160 1787 4226 γνό-

198 4255 298 4305 φῳ
326 4238 455 4306 ὃλην
482 4239 583 4308 τὴν
620 4239 803 4309 ψυχὴν
834 4239 1223 4309 τεθολωμένος,
1249 4242 1344 4295 καί
1385 4242 1483 4306 τάς
1510 4244 1685 4312 waste,
1714 4247 1782 4300 δι’

197 4324 285 4382 ὧν
313 4331 343 4398 ή
373 4328 678 4397 κατάληψις
718 4329 813 4383 τοῦ
868 4332 1073 4401 κυρίως
1109 4332 1261 4395 ὄντος
1286 4334 1660 4406 ἀφῃρημένος,
1694 4340 1783 4407 εχ·

200 4422 343 4491 θρὸς
366 4422 459 4473 καὶ
508 4421 770 4490 πολέμιος
816 4425 936 4485 ταῖς
971 4424 1049 4485 είς
1082 4425 1143 4477 τὸ
1183 4426 1405 4495 ἄριστον
1453 4427 1785 4495 άναγούσαις

1878 3250 2352 3318 circumscriptum
2378 3287 2395 3310 ,
2445 3246 2707 3302 electione
2750 3246 3007 3299 nimirum
3046 3252 3099 3298 et
3125 3246 3450 3299 aversione:

1877 3355 2110 3411 quarum
2144 3339 2255 3402 illa,
2286 3339 2577 3409 seligentes
2608 3337 2672 3390 ad
2697 3336 2923 3390 meliora
2952 3332 3209 3400 traducit,
3238 3342 3451 3404 specta-

1880 3445 2024 3488 tores
2070 3444 2425 3502 quoscunque
2471 3439 2743 3483 amatores
2780 3429 2955 3481 adhuc
2988 3427 3161 3497 magis
3214 3428 3452 3496 majores

1880 3531 2123 3593 operata,
2156 3538 2249 3591 per
2275 3522 2633 3590 adiectionem
2666 3518 2975 3574 theoretica:
3004 3517 3457 3587 apprehensionis

1882 3631 2121 3669 amorem
2171 3614 2323 3667 illum
2372 3610 2788 3666 accnmulando.
2817 3609 2941 3664 Haec
2961 3618 3143 3663 autem
3175 3624 3306 3664 suos
3334 3608 3454 3662 alli-

1886 3723 1981 3761 nes
2026 3716 2081 3760 et
2120 3705 2419 3759 familiares
2446 3718 2613 3771 quam
2645 3702 2799 3771 longe
2828 3700 3146 3769 elIugandu,
3191 3715 3287 3769 per
3319 3714 3458 3769 pne-

1884 3797 2087 3866 cipitia,
2117 3794 2394 3862 scopulos,
2425 3803 2478 3846 et
2509 3792 2751 3846 inﬁnitos
2779 3805 2992 3845 errores
3032 3791 3274 3850 trahens.
3310 3800 3460 3860 pom-

1886 3904 2049 3958 quam
2098 3887 2265 3943 semel
2313 3885 2383 3939 ab
2444 3883 2794 3939 inclinatione
2840 3881 2907 3935 ab
2962 3883 3161 3936 bonum
3212 3894 3459 3951 separata

1886 3979 2072 4041 fuerit,
2119 3986 2174 4032 et
2210 3975 2535 4046 profundam
2575 3974 2704 4027 boni
2736 3972 3097 4027 animadversi
3132 3973 3459 4027 oblivionem

1887 4071 2119 4136 induxit,
2154 4068 2288 4124 solis
2339 4068 2608 4121 malorum
2640 4067 2879 4121 tenebris
2920 4066 3180 4120 oblectavi
3214 4065 3458 4121 assuefa-

1887 4166 1981 4226 cit,
2016 4172 2071 4215 et
2096 4174 2271 4216 cacas
2302 4173 2409 4213 non
2442 4159 2625 4212 minus
2655 4172 2819 4226 quam
2845 4172 2957 4211 suae
2986 4157 3181 4211 salutis
3209 4156 3461 4210 inimicos

1887 4253 2084 4309 reddit.
2123 4251 2412 4314 Julianus,
2445 4266 2569 4304 cum
2619 4258 2799 4317 partes
2843 4248 3037 4301 anima:
3084 4248 3324 4317 singulas
3369 4264 3464 4317 per

1888 4360 2043 4400 suam
2076 4343 2410 4413 apostasiam
2439 4342 2673 4411 pollutas
2716 4342 2939 4395 haberet
2967 4349 3020 4393 et
3060 4340 3347 4394 obvolutus
3379 4350 3460 4394 te-

1893 4437 2098 4499 nebris,
2126 4434 2389 4504 exemplis
2410 4435 2476 4487 iis
2508 4433 2681 4487 oculis
2701 4476 2715 4496 ,
2757 4448 2851 4502 per
2878 4446 3046 4499 quos,
3077 4432 3127 4485 id
3158 4433 3304 4500 quod
3334 4447 3461 4487 vere

199 4512 455 4575 ἐντολαῖς
501 4513 871 4566 ἐπιδείκνυται
899 4530 911 4542 ·
945 4515 1003 4578 ὃς
1054 4516 1171 4569 οῦδὲ
1224 4516 1556 4589 τηλικαύτης
1620 4521 1771 4588 ἐφεί-

1885 4526 2151 4588 subsistit,
2180 4527 2505 4586 intueretur,
2539 4524 2745 4577 hostem
2772 4538 2830 4577 se
2854 4522 3093 4576 declarat
3122 4532 3177 4576 et
3206 4522 3459 4590 perduel-

197 4620 342 4656 σατο
390 4602 748 4655 καθυλακτείν
802 4606 1212 4674 παραινέσεωςο
1241 4606 1359 4659 ἀλλ’
1411 4611 1492 4671 εἰς
1557 4608 1771 4679 μώμους

1891 4620 1994 4673 lem
2028 4626 2221 4671 contra
2246 4616 2334 4670 illa
2368 4624 2667 4683 praecepta,
2714 4628 2837 4681 quae
2877 4612 2945 4667 ad
2985 4611 3187 4681 optima
3231 4626 3463 4681 queque

196 4695 445 4761 ἀπάγειν
472 4694 853 4765 ἐφιλονείκησε
896 4697 995 4765 τήν
1026 4698 1224 4759 παντὸς
1251 4698 1410 4762 ἀξίαν
1430 4699 1658 4755 ιπαίνου
1689 4702 1783 4755 καὶ

197 4786 513 4855 θαύματος.
538 4787 611 4839 Τὸ
630 4790 758 4858 γάρ,
786 4806 805 4838 ι
841 4789 1134 4859 Πωλήσατε
1160 4792 1229 4843 τά
1262 4790 1577 4861 ὑπάρχοντα
1606 4794 1778 4862 ὑμῶν,

198 4877 303 4929 καὶ
330 4876 451 4929 δότε
484 4877 878 4948 ἐλεημοσύνην,
894 4896 911 4928 ι
938 4878 1059 4931 τίνα
1082 4880 1447 4949 συμπαθείας,
1472 4884 1591 4935 τίνα
1612 4883 1667 4937 δὲ
1684 4884 1782 4953 τῆς

198 4970 350 5039 πρὸς
385 4969 647 5040 ἀλλήλους
683 4970 917 5040 ἀληθοῦς
960 4972 1177 5036 εὐνοίας
1214 4974 1471 5045 ἀφορμήν
1500 4976 1737 5029 meum
1762 4993 1778 5011 ο

196 5060 326 5114 ἀλλ’
357 5060 709 5129 ἐγκράτειαν,
743 5060 879 5115 ἀλλά
924 5064 1305 5135 σωφροσύνην,
1340 5067 1423 5129 τίς
1477 5068 1535 5121 δι
1581 5069 1780 5137 μᾶλλον

195 5152 311 5219 τῆς
364 5150 585 5220 ἑντολής
636 5150 841 5219 ταύτης
896 5154 1219 5221 φιλοσοφίας
1263 5156 1617 5223 διδάσκαλοςς
1647 5161 1783 5229 Οὐχὶ

195 5238 261 5292 δὶ
296 5238 518 5293 πάντων
544 5240 652 5293 τῶν
675 5241 886 5307 παθῶν,
912 5244 1013 5299 ὅσα
1035 5244 1249 5298 τίκτειν
1276 5242 1386 5299 οἶδε
1420 5248 1481 5301 τὸ
1508 5250 1777 5321 φιλάργυ-

198 5343 329 5397 ρον,
360 5327 679 5399 ἐλευθερίαν
714 5331 1038 5400 χαρίζεταις
1069 5332 1167 5386 ποῦ
1206 5337 1314 5405 γάρ
1365 5336 1539 5408 κλοπή
1582 5341 1778 5412 φιλαρ-

197 5418 408 5487 γυρίας
428 5419 801 5492 ἀνῃρημένης,
830 5423 932 5475 ποῦ
948 5422 996 5477 δ’
1017 5425 1243 5495 άρπαγή
1277 5442 1291 5490 ;
1318 5426 1419 5480 ποῦ
1441 5427 1498 5481 δὲ
1522 5428 1775 5501 λῃστείας

1890 4707 2185 4763 reformant
2215 4724 2231 4761 :
2264 4722 2365 4760 nec
2404 4705 2620 4760 desistit
2662 4705 2914 4757 allatrare
2952 4704 3203 4772 quamvis
3244 4703 3461 4757 adhibi-

1888 4810 1995 4852 tam
2023 4798 2479 4860 exhortationem,
2517 4802 2573 4849 et
2600 4796 2745 4864 quod
2785 4806 2967 4847 revera
2994 4790 3151 4845 laude
3176 4806 3239 4847 ac
3280 4791 3456 4845 admi-

1892 4890 2103 4943 ratione
2130 4888 2513 4956 dignissimum
2533 4887 2779 4947 habetur,
2810 4884 3039 4937 ntontice
3066 4883 3456 4938 traducendum

1893 4982 2100 5036 statuit.
2130 4980 2266 5035 Illud
2312 4980 2459 5034 enim
2490 4978 2754 5033 eﬂ‘atum:
2809 4995 2827 5027 t
2869 4975 3092 5031 Vendite
3136 4991 3259 5045 quae
3294 4977 3461 5031 habe-

1886 5072 1977 5135 tis,
2003 5082 2058 5125 et
2084 5072 2486 5139 eleemosyuam
2521 5069 2703 5133 facile,
2745 5086 2765 5119 ι
2801 5069 2853 5121 in
2879 5082 2988 5135 quo
3018 5066 3289 5121 defectum
3319 5076 3457 5134 patt-

1884 5173 1973 5219 tur
2030 5163 2261 5230 alicujus
2328 5162 2763 5231 compassionis,
2838 5168 2930 5214 aut
2974 5159 3193 5228 genuini
3252 5160 3459 5212 amoris

1886 5256 2166 5309 hominum
2197 5268 2322 5323 erga
2357 5254 2642 5319 homines;
2667 5251 3059 5307 continentiam
3091 5262 3221 5302 vero
3246 5258 3299 5302 et
3325 5257 3459 5301 tent-

1885 5344 2183 5410 perautiam
2208 5342 2333 5410 quis
2366 5341 2418 5394 in
2448 5340 2791 5410 philosophia
2814 5338 3091 5408 magister,
3123 5337 3455 5391 luculentius

1888 5448 2050 5503 quam
2088 5432 2189 5488 hoc
2217 5442 2541 5503 praeceptum
2593 5432 2789 5487 docet?
2817 5428 3004 5486 Nonne
3034 5428 3315 5500 passiones
3339 5426 3459 5480 illas

1500 5646 1727 5703 VARle
1767 5648 2167 5705 LECTIONES.

344 5819 401 5873 C.
444 5819 512 5874 Μ.
549 5816 693 5888 οἶκος
719 5823 933 5894 ιντιμος
958 5824 1181 5880 δύναταί
1210 5840 1260 5879 τι
1289 5824 1319 5895 ἢ
1349 5825 1568 5881 δύναταί
1594 5843 1649 5879 τε
1673 5827 1704 5897 ἡ
1734 5827 1897 5882 οἰκία.
1982 5832 2035 5875 1’
2061 5827 2123 5883 Ε.
2162 5824 2231 5881 ιι.
2270 5828 2709 5891 κατασκευάζων.
