4200 6444
733 430 841 493 619

1889 425 2153 487 ΡΗΟΤΙΙ
2192 425 2694 486 ΡΛΤΒΙΑΒΟΠᾸΞ
2728 427 2840 490 CP.

3887 435 4002 498 620

733 555 959 605 omnes,
993 552 1140 607 'quas
1187 552 1380 609 parere
1418 539 1557 595 solet
1585 537 1835 604 avaritia,
1871 539 2151 595 liberrime
2197 553 2316 593 am-

2421 539 2479 592 ἐν
2532 533 2614 601 οἷς
2667 540 2764 592 καὶ
2818 539 2930 593 τῶν
2990 539 3139 595 ίδίων
3172 542 3205 612 ἡ
3235 541 3466 614 διανομὴ
3526 545 4003 614 περισπούδαστον

731 631 1027 703 plectitur?
1050 632 1272 700 rapinae,
1297 631 1666 697 latrocinium,
1695 640 1824 698 etc.,
1846 631 1938 686 ubi
1968 631 2314 686 consistent?

732 725 779 780 si
803 737 924 794 qua:
952 722 1296 792 possidemus
1322 723 1565 778 studiose
1585 724 1898 793 dispergere
1922 722 2316 778 tolerabimus?

732 816 1190 882 concertationes,
1248 816 1403 879 rixae,
1437 817 1710 887 pugnandi
1742 816 1982 871 studium
2003 857 2017 880 ,
2051 816 2314 870 continuo

731 916 1090 968 evanescunt,
1143 906 1188 960 si
1233 906 1440 961 divitiis
1473 924 1577 962 non
1612 922 1899 977 parcamus
1928 905 2262 976 dissipandis
2297 919 2314 959 :

731 996 970 1061 lasciva,
1018 998 1262 1067 prodiga,
1299 999 1574 1054 luxuriosa
1621 999 1833 1055 vivendi
1866 1001 2004 1054 ratio
2042 1015 2314 1069 nusquam

734 1089 1032 1158 subrepere
1079 1091 1308 1157 poterit,
1370 1091 1463 1144 ubi
1516 1091 1830 1146 dominatur
1869 1091 2213 1162 eleemosyna
2261 1100 2319 1149 et

731 1179 995 1248 quidquid
1026 1191 1302 1250 superstat
1333 1182 1384 1236 in
1417 1199 1577 1238 usum
1619 1199 1952 1253 pauperum,
1985 1193 2039 1239 et
2072 1185 2315 1240 necessi-

732 1273 874 1321 tates
903 1268 1234 1324 alleviandas
1261 1269 1591 1337 impenditur
1631 1288 1646 1324 :
1696 1287 1820 1340 qua:
1851 1287 1957 1325 non
1988 1271 2194 1340 patitur
2221 1273 2319 1325 bo-

731 1356 934 1411 minem
980 1359 1426 1414 contumeliosius
1466 1376 1526 1416 sc
1569 1375 1788 1428 gerere,
1823 1369 2043 1429 propter
2087 1361 2318 1416 luxuria:

737 1452 1042 1506 satietatem
1081 1459 1173 1504 aut
1201 1448 1432 1516 alicujus
1461 1451 1686 1506 alterius
1717 1451 2009 1518 voluptatis
2044 1453 2188 1506 unde
2220 1467 2316 1508 so-

730 1542 842 1598 lent
871 1540 1156 1610 passiones
1185 1540 1291 1596 ille
1315 1540 1608 1609 pullulare,
1635 1541 1718 1595 vel
1741 1541 2108 1609 turpitudines
2136 1549 2317 1596 tactus

729 1630 1175 1687 accommodatur.
1221 1628 1511 1696 Quocirca,
1571 1631 1846 1700 quomodo
1884 1630 1998 1686 ﬁeri
2040 1639 2220 1699 potest
2259 1637 2319 1684 ut

730 1723 1067 1782 humanitas.
1094 1724 1408 1777 communio
1435 1723 1726 1784 bonorum,
1760 1723 2047 1793 dispositio
2075 1725 2140 1776 ad
2168 1737 2288 1777 com

731 1815 1107 1873 miserandum
1132 1829 1298 1883 super
1322 1824 1562 1882 egentes,
1603 1813 1869 1875 civitates.
1894 1823 2103 1882 gentes,
2125 1814 2319 1869 domos

2417 629 2646 698 ὁρᾶταιο
2685 629 2833 698 ἕρεις
2865 628 2923 684 δέ
2966 630 3061 683 καὶ⁵
3094 633 3287 700 μάχαι,
3325 633 3419 685 καὶ
3465 633 3811 700 φιλονεικίαι,
3843 640 3901 689 ού
3932 642 4002 707 τῇ

2417 717 2526 769 τῶν
2555 719 2860 788 χρημάτων
2889 720 3110 788 ἀφειδίᾳ
3139 720 3335 773 αὐτίκα
3376 723 3829 791 συναφανίζονται
3849 743 3866 757 ο
3899 730 3930 779 ό
3953 727 4002 780 δ’

2417 808 2718 871 ἀκόλαστος
2761 808 2857 862 καὶ
2893 809 3102 870 ἄσωτος
3133 809 3247 877 βίος
3297 811 3407 880 ἄρα
3455 815 3813 884 παρείσδυσιν
3857 817 4000 882 ἕξει,

2417 901 2520 971 τῆς
2559 901 2931 972 ἐλεημοσύνης
2981 900 3410 973 ἐπικρατούσης,
3468 906 3562 958 καὶ
3613 907 3674 958 τὸ
3732 907 4003 977 περισσὸν

2421 991 2568 1044 ἆπαν
2599 995 2681 1055 είς
2708 992 2808 1064 τὴν
2835 994 2947 1046 τῶν
2998 994 3193 1046 ἐνδεῶν
3235 995 3740 1068 καταναλισκούσης
3782 999 4002 1068 χρείαν,

2421 1084 2516 1137 καὶ
2544 1085 2644 1138 οὑκ
2669 1084 2847 1156 ἐώσης
2879 1086 2960 1149 είς
3010 1085 3172 1156 κόρον
3205 1087 3440 1157 τρυφῆς,
3476 1087 3508 1156 ἢ
3540 1089 3637 1156 τῆς
3679 1089 3842 1158 άλλης
3871 1091 4004 1159 ἠδυ-

2424 1174 2658 1236 παθείας
2691 1176 2781 1228 τὸν
2809 1175 3099 1246 ἄνθρωπον
3145 1177 3473 1247 ἐξυὸρίζειν,
3512 1179 3579 1230 δι’
3605 1173 3681 1233 ὧν
3714 1181 4006 1233 εἴωθεκαὶ

2420 1264 2488 1314 τά
2522 1264 2651 1333 περὶ
2671 1263 2815 1333 ἁφὴν
2857 1265 3188 1335 αίσχρότερα
3226 1266 3374 1334 πάθη
3424 1267 3834 1335 παραφύεσθαι.
3873 1269 4005 1331 Πῶς

2421 1353 2516 1407 οὖν
2542 1355 2600 1407 τὺ
2629 1355 3016 1426 φιλάνθρωπον
3069 1357 3164 1410 καὶ
3212 1357 3565 1421 κοινωνικὸν,
3595 1357 3656 1409 τὸ
3713 1358 3851 1427 πρὸς
3905 1361 4004 1412 τὸν

2421 1446 2570 1498 ἔλεον
2600 1446 2709 1499 τῶν
2739 1446 3110 1516 ἠπορημένων
3147 1446 3391 1516 ἕτοιμον,
3423 1447 3757 1518 ἀναστρέψει
3778 1450 3879 1512 τὰς
3900 1451 4004 1502 πό-

2425 1535 2542 1598 λεις
2571 1537 2668 1589 καὶ
2693 1535 2763 1590 τὰ
2793 1536 2946 1607 ιθνη,
2981 1537 3077 1590 καὶ
3109 1538 3207 1600 τὰς
3237 1538 3414 1601 οἰκίας
3438 1556 3453 1604 ;
3477 1539 3594 1601 πῶς
3622 1539 3680 1592 δέ
3703 1542 3735 1608 ἡ
3761 1539 3863 1608 τῆς
3895 1543 4002 1610 άρ-

2421 1625 2659 1697 παγῆςῆ
2697 1628 2796 1698 τῆς
2824 1626 3082 1698 λῃστείας
3115 1639 3137 1666 τ
3164 1628 3198 1698 ἢ
3228 1629 3412 1697 πάσης
3431 1628 3618 1692 ἁπλῶς
3646 1629 3863 1694 ἀδικίας
3893 1633 3995 1683 καὶ

2421 1719 2741 1789 τυραννίδος
2765 1720 3057 1791 ἀναίρησις
3083 1720 3246 1789 ’,τῆς
3268 1719 3615 1791 ἀνθρωπίνης
3642 1721 3795 1774 ἔσται
3828 1739 4001 1778 κατα-

2423 1807 2630 1879 στροφὴ
2659 1807 2971 1873 πολιτείαςς
3016 1810 3077 1862 '0
3103 1810 3213 1881 γάρ
3242 1827 3325 1863 τοι
3367 1811 3463 1863 καὶ
3492 1810 3602 1864 τῶν
3633 1811 3832 1865 ἐαυτοῦ
3859 1829 4002 1881 κτηο

729 1916 993 1966 everteret
1041 1914 1096 1961 et
1141 1904 1410 1960 familias?
1439 1904 1727 1970 Quomodo
1753 1905 1977 1973 rapime,
2015 1905 2311 1967 latrocinii,

2427 1877 2628 1967 μάτων
2648 1900 2791 1970 ὑπὲρ
2808 1899 2902 1954 τοῦ
2929 1899 3084 1970 κοινῆ
3106 1877 3512 1965 λυσιτελοῦντος
3541 1903 3878 1972 ὴφιιδηκὼς,
3901 1877 4001 1960 καὶ

729 1999 1014 2070 iniustitiae
1042 2007 1097 2053 et
1132 1997 1437 2069 tyrannidis
1469 1997 1707 2051 sublatio
1748 1996 1924 2052 civilis
1955 2011 2078 2053 esse
2120 1997 2320 2065 poterit

729 2089 1141 2163 gubernationis
1175 2089 1502 2143 subversio?
1532 2089 1668 2143 Nam
1703 2089 1796 2159 qui
1828 2103 1927 2158 pro
1956 2089 2102 2143 bono
2147 2088 2321 2158 publi-

730 2198 798 2240 eo
824 2181 1058 2253 propriis
1086 2181 1203 2236 suis
1234 2179 1588 2235 facultatibus
1623 2197 1729 2235 non
1763 2182 2098 2251 pepercerit,
2133 2181 2226 2251 qui
2261 2182 2316 2236 in

729 2270 1048 2326 vicinosde
1078 2270 1316 2340 propriis
1372 2270 1490 2324 suis
1541 2269 1704 2324 rebus
1758 2271 2082 2333 contulerit,
2129 2271 2224 2340 qui
2257 2287 2317 2327 se

728 2361 1101 2420 sublimiorem
1149 2359 1493 2432 praestiterit,
1520 2375 1685 2430 quam
1723 2367 1786 2415 ut
1831 2361 2074 2416 materiae
2115 2361 2316 2418 affixus

728 2455 1087 2514 adlizrescat.
1126 2451 1403 2522 quomodo
1449 2452 1495 2507 is
1526 2467 1623 2522 per
1649 2454 1899 2522 quamvis
1932 2452 2316 2523 praedictarum

727 2547 1048 2618 passionum
1099 2544 1378 2614 captivum
1416 2560 1476 2600 se
1506 2545 1703 2600 abduci
1755 2544 2172 2615 patietur?lmo
2217 2562 2315 2618 po-

727 2641 867 2706 tius,
909 2654 1036 2696 cum
1069 2639 1138 2693 ab
1182 2637 1302 2693 istis
1333 2637 1590 2692 omnibus
1620 2652 1790 2706 purus
1833 2635 2021 2699 fuerit,
2057 2647 2112 2691 et
2138 2639 2317 2692 omni-

729 2731 895 2786 modo
926 2729 1038 2794 illa,
1068 2743 1191 2798 quae
1224 2742 1348 2782 vere
1381 2726 1523 2780 bona
1559 2734 1709 2790 sunt,
1747 2725 1848 2779 sibi
1881 2724 2193 2795 conquirat,
2223 2725 2316 2794 qui

728 2838 838 2878 non
884 2821 1047 2876 modo
1095 2819 1308 2874 civibus
1359 2816 1729 2888 indigentibus
1777 2816 2040 2870 auxilium
2090 2816 2315 2881 aifcrat,

730 2914 824 2970 sed
859 2921 914 2967 et
953 2927 1049 2984 per
1088 2912 1359 2981 privatam
1404 2908 1488 2963 sui
1533 2907 1705 2977 ipsius
1737 2907 2228 2971 conversationem,
2265 2917 2318 2963 et

729 3007 1025 3061 maximam
1073 3003 1389 3073 praestiterit
1431 3002 1720 3056 utilitatem
1747 3040 1764 3065 ,
1809 3015 1873 3056 ac
1925 3001 2319 3070 philosophica:

731 3106 785 3148 et
809 3093 1060 3150 sublimis
1087 3094 1214 3148 vita)
1253 3091 1584 3162 exemplum.
1625 3091 1738 3157 Illi,
1765 3091 1857 3161 qui
1887 3091 2046 3161 quasi
2097 3092 2316 3162 publica

2421 1990 2534 2052 τοῖς
2565 1989 2795 2061 πλησίον
2827 1991 3185 2062 ἐξιστάμενος
3234 1993 3335 2062 τῆς
3387 1994 3524 2056 ίδίας
3569 1993 3857 2062 ὠφελείας.
3902 2001 4000 2051 καὶ

2419 2080 2544 2134 ὅλον
2573 2082 2768 2134 ἐαυτὸν
2794 2082 3126 2154 ὑψηλότερον
3155 2084 3359 2154 φέρων,
3389 2085 3490 2154 τῆς
3528 2086 3658 2153 περὶ
3702 2086 3807 2156 τὴν
3864 2087 3999 2155 ὕλην

2422 2168 2818 2237 προσπαθείας,
2846 2170 2962 2233 πῶς
2995 2170 3062 2224 ἂν
3088 2171 3168 2224 ἐνί
3199 2190 3306 2225 τινι
3345 2173 3456 2226 τῶν
3492 2174 3803 2244 είρημένων
3840 2176 3996 2244 ἁλοίη

2420 2258 2642 2324 παθῶν;
2675 2260 2893 2314 Μᾶλλον
2918 2262 2996 2324 δὲ,
3025 2261 3142 2326 πῶς
3185 2263 3307 2332 οὑχὶ
3338 2262 3544 2317 τούτων
3572 2265 3832 2318 ἁπάντων
3899 2283 3996 2317 κα-

2421 2347 2690 2420 θαρεύων,
2725 2352 2908 2424 ἐαυτῷ
2951 2370 3009 2406 τε
3037 2353 3409 2424 διαφερόντως
3459 2356 3902 2426 καταπράττοιτο
3929 2357 3998 2409 τά

2419 2441 2588 2505 ὅντως
2616 2442 2744 2496 ὄντα
2772 2443 2975 2512 ἀγαθά,
3014 2444 3113 2498 καὶ
3155 2447 3269 2508 τοῖς
3317 2445 3583 2512 πολίταις,
3623 2447 3684 2499 οὑ
3737 2447 3904 2515 μόνον
3931 2447 3997 2500 δι’

2419 2525 2494 2584 ὧν
2521 2532 2892 2603 ἐπεκούρησαν
2950 2534 3366 2606 ἀπορουμένοις,
3411 2536 3548 2590 me
3591 2538 3688 2590 καὶ
3725 2537 3794 2591 δι’
3828 2536 3996 2594 αὑτοῦ

2420 2623 2541 2676 καθ’
2569 2623 2764 2678 ἐαυτὸν
2801 2625 3198 2696 πολιτεύματος
3257 2632 3398 2698 μέγα
3423 2627 3489 2681 ἂν
3535 2629 3619 2698 είη
3650 2628 3844 2696 ὄφελος
3903 2629 3998 2681 καὶ

2421 2713 2727 2785 ὑπόδειγμα
2757 2715 3050 2785 φιλοσόφου
3101 2721 3196 2772 καὶ
3235 2718 3443 2789 ὑψηλοῦ
3479 2718 3598 2788 βίου
3631 2720 3995 2789 προτεθειμέ-

2419 2823 2529 2866 νος.
2575 2806 2669 2859 Ἐκ
2694 2805 2752 2858 δὲ
2783 2806 3041 2860 τοιούτων
3071 2807 3304 2876 ἀνδρῶν,
3326 2808 3485 2861 κοινά
3501 2809 3602 2877 μὲν
3625 2808 3695 2860 τά
3715 2809 3845 2861 ὄντα
3866 2825 4000 2878 προσ

2418 2896 2700 2960 τιθέντων,
2738 2896 2922 2960 ἐλέους
2947 2897 3007 2950 δέ
3037 2897 3278 2968 πλήρους
3308 2898 3408 2963 τάς
3450 2899 3634 2967 δεξιάς
3678 2903 3996 2971 προτεινόν-

2418 3003 2549 3050 των,
2577 2987 2672 3039 καὶ
2705 2985 2827 3056 βίαν
2880 2987 2981 3059 μέν
3015 2991 3198 3043 πᾶσαν
3241 2990 3596 3054 ἐλαυνόντων,
3621 2993 3684 3044 τὸ
3703 2992 3915 3044 δίκαιον
3942 2992 3998 3044 ἃ

2419 3078 2726 3148 τιμώντων,
2753 3080 2850 3133 καὶ
2873 3080 3153 3151 συντόμως
3184 3081 3380 3145 εἰπεῖν,
3413 3082 3470 3134 ἐν
3503 3082 3603 3152 ἴσῳ
3635 3084 3850 3145 ἑαυτοῖς
3871 3082 3997 3145 τοὺς

732 3187 1173 3257 complectuntur
1215 3183 1421 3250 omnia,
1465 3183 1558 3253 qui
1590 3183 1850 3238 dexteras
1879 3185 2068 3254 plenas
2097 3185 2315 3240 miseri-

2423 3169 2649 3239 πλησίον
2709 3171 3050 3241 ποιουμένων
3071 3186 3085 3200 ⁸
3118 3173 3152 3242 ὴ
3193 3173 3259 3224 ἐκ
3289 3173 3546 3226 τοιούτων
3612 3173 3820 3244 ἀνδρῶν
3846 3173 3999 3234 πόλις

732 3277 917 3332 cordia
947 3275 1222 3336 attollunt,
1261 3272 1354 3342 qui
1389 3272 1496 3325 vim
1532 3283 1585 3325 et
1610 3271 1922 3326 violentiam
1949 3275 2315 3328 exterminant

2422 3261 2761 3331 οἱκιζομένη,
2809 3263 2928 3333 ἄρα
2976 3263 3186 3333 φθορᾶς
3219 3266 3283 3316 ἐκ
3325 3264 3584 3331 γειτόνων
3613 3264 3802 3317 ἐστιν
3827 3265 3862 3332 ἢ
3895 3281 4001 3332 μα·

730 3377 982 3427 omnem,
1026 3360 1119 3429 qui
1144 3359 1419 3428 justitiam
1458 3357 1762 3420 bonorant,
1805 3367 1856 3413 et
1898 3367 1958 3412 ut
1990 3363 2314 3430 compendio

2422 3351 2540 3422 κρῷ
2579 3354 2674 3404 καὶ
2697 3353 2820 3404 ὅσαι
2851 3351 3071 3405 πώποτε
3096 3354 3312 3421 συχνοῖς
3335 3353 3482 3406 ἔτεσι
3519 3353 3619 3413 τὴν
3647 3352 3998 3422 εὐδαιμονίαν

733 3449 947 3514 dicam,
979 3447 1071 3516 qui
1126 3461 1185 3501 se
1234 3461 1356 3500 cum
1412 3444 1624 3498 caeteris
1679 3445 1783 3499 sub
1835 3446 1951 3515 pari
2006 3447 2316 3504 conditione

2421 3443 2581 3514 ἔσχον
2621 3444 3159 3516 παραμετρουμένην
3186 3445 3283 3499 καὶ
3330 3445 3537 3499 τούτων
3578 3445 3804 3499 ἀπασῶν
3832 3445 3998 3513 ἀμείο

734 3544 970 3607 gerunt:
1006 3533 1097 3586 ubi
1131 3547 1224 3601 per
1267 3530 1400 3585 tales
1438 3528 1696 3585 incolitur
1727 3532 1907 3601 aliqua
1951 3533 2164 3599 civitas,
2205 3551 2314 3591 non

2423 3555 2501 3592 νω
2524 3554 2584 3590 τε
2609 3537 2705 3592 καὶ
2733 3537 3152 3602 διαιωνίζουσαν
3183 3538 3384 3608 μᾶλλον
3406 3539 3504 3610 τὴν
3533 3539 3795 3610 διαμονήν
3817 3555 3879 3591 τε
3904 3539 3998 3590 καὶ

731 3635 993 3694 sequetur
1021 3622 1285 3678 desolatio
1321 3620 1622 3674 vicinorum
1650 3638 1662 3674 :
1697 3622 1808 3676 imo
1837 3623 1928 3691 qui
1958 3623 2152 3678 diutini
2183 3635 2320 3681 tem-

2423 3628 2488 3682 τδ
2518 3628 2677 3692 κλέος
2711 3629 2846 3694 litt.

733 3718 879 3787 poris
926 3715 1184 3771 felicitate
1226 3723 1356 3770 sunt
1387 3712 1597 3782 gavisi,
1631 3715 1878 3769 eamdem
1953 3718 2198 3771 numeris
2239 3719 2352 3776 suis
2389 3720 2801 3791 perfectionem,
2845 3730 2900 3776 et
2963 3721 3121 3792 longa
3151 3720 3440 3776 duratione
3472 3720 3844 3776 continuatam
3872 3734 3996 3774 cum

734 3809 905 3880 gloria
941 3809 1174 3864 trahent.

808 3896 1008 3952 Verum
1041 3898 1279 3968 prudens
1323 3899 1414 3954 ille
1443 3898 1687 3958 lulianus
1711 3916 1817 3956 non
1849 3901 1954 3956 hoc
1978 3901 2314 3968 intendebat,

737 3992 798 4038 ut
829 3984 1039 4039 videtur
1073 4003 1086 4039 :
1119 3987 1266 4041 cives
1296 4001 1428 4042 suos
1460 3991 1675 4044 volebat
1723 3990 1870 4060 gravi
1903 3999 1956 4045 et
1985 3991 2120 4046 dura
2153 4007 2314 4047 manu

734 4076 956 4146 injecta,
996 4078 1064 4134 de
1113 4079 1306 4133 alienis
1332 4079 1616 4136 laboribus
1645 4081 1932 4137 facultates
1974 4083 2078 4137 sibi
2127 4085 2317 4154 acqui-

736 4185 890 4236 rere,
941 4186 1041 4226 nec
1087 4186 1310 4240 parcere
1353 4173 1440 4227 vel
1483 4173 1842 4230 latrocinandi
1888 4174 2162 4239 audaciae,
2208 4190 2317 4230 non

738 4259 957 4331 quidem
1002 4260 1265 4326 insidias,
1321 4276 1427 4316 non
1482 4262 1590 4317 vim
1641 4273 1886 4333 apertam
1919 4261 2314 4333 subterfugere.

740 4349 895 4416 Quod
925 4350 971 4404 si
994 4365 1088 4420 per
1118 4351 1462 4421 tyrannidem
1496 4353 1758 4407 insultare
1783 4362 2046 4422 oporteat,
2083 4353 2128 4407 si
2163 4353 2319 4422 quid-

740 4455 904 4510 quam
934 4440 1222 4496 P-balaride
1250 4442 1614 4498 truculentius
1640 4453 1693 4498 et
1734 4444 2009 4497 crudelius
2046 4443 2118 4498 sit
2157 4458 2319 4512 agen-

2506 3898 2648 3955 ‘A‘AZ'
2689 3901 2718 3953 ό
2761 3900 2944 3966 σοςὸς,
2977 3899 3053 3963 ὡς
3083 3899 3276 3964 ἔοικεν,
3316 3899 3600 3962 Ἰουλιανὸς
3641 3899 3702 3952 οὑ
3745 3897 3993 3968 βούλεται

2424 3990 2580 4044 τοῦτο
2599 4006 2614 4022 θ
2641 3990 2814 4042 ἐθέλει
2844 3989 2901 4042 δέ
2929 3991 3057 4052 τοὺς
3087 3987 3250 4041 αὑτοῦ
3295 3988 3520 4051 πολίτας
3566 3990 3722 4058 χεῖρα
3767 3986 3866 4056 μιν
3899 3987 3996 4056 βα-

2427 4084 2581 4151 ρεῖαν
2607 4077 3016 4149 προϐεϐλῆσθαι
3039 4081 3103 4131 ἐκ
3131 4078 3240 4131 τῶν
3262 4077 3561 4149 ἀλλοτρίων
3589 4078 3769 4131 πόνων
3812 4077 3996 4138 αὑτοῖς

2423 4173 2523 4243 τὴν
2551 4169 2870 4242 περιουσίαν
2897 4170 3260 4237 συλλέγουσαν
3289 4173 3334 4236 τ,
3367 4170 3443 4240 μὴ
3469 4167 3748 4236 φείδεσθαι
3773 4167 3828 4221 δέ
3857 4169 3996 4236 μήτε

2424 4262 2719 4336 λῃστρικοῦ
2760 4261 2968 4332 τόλμης
2993 4302 3008 4327 ,
3042 4263 3182 4332 μήτε
3225 4261 3492 4331 λαθραίας
3515 4301 3531 4327 ,
3565 4260 3692 4330 μήτ’
3719 4259 3994 4328 ἐμφανοῦς

2424 4353 2736 4422 ἐπιϐουλῆς.
2777 4351 2939 4405 Ἀλλά
2968 4353 3072 4405 κᾶν
3104 4352 3379 4419 τυραννίδι
3411 4350 3694 4404 ἐπιθέσθαι
3721 4351 3863 4404 δέοι·
3895 4351 3995 4403 κάν

2421 4444 2722 4514 Φαλάριδος
2752 4441 3032 4514 ὠμότερον
3065 4441 3273 4512 πράξαι
3295 4460 3356 4495 τε
3387 4443 3482 4495 καὶ
3505 4442 3685 4506 δόξαι·
3724 4441 3826 4494 κᾶν
3859 4441 3993 4496 πάνυ

740 4533 894 4594 dum,
942 4530 986 4584 si
1026 4530 1320 4599 superandi
1369 4545 1560 4586 omnes
1593 4531 1662 4584 ab
1701 4531 1812 4585 ullo
1859 4530 2101 4586 facinore
2157 4530 2315 4584 fami-

2419 4553 2518 4598 τας
2552 4534 2977 4605 ἀποκρύψασθαι
3011 4535 3136 4597 τοὺς
3182 4535 3275 4587 ἐπὶ
3305 4535 3454 4606 πάσῃ
3505 4534 3676 4605 κακίᾳ
3723 4533 3995 4604 βεϐοημέ-

741 4620 933 4692 gerati.
985 4620 1120 4678 nihil
1158 4620 1387 4676 omnino
1429 4620 1846 4689 pretermittere
1893 4637 1988 4676 eos
2037 4621 2171 4685 vult,
2219 4630 2315 4675 aut

741 4711 1029 4783 diflugere,
1075 4720 1136 4764 ut
1167 4725 1278 4765 rem
1311 4725 1463 4764 suam
1500 4709 1703 4769 faciant
1733 4713 2073 4780 ampliorem,
2099 4721 2159 4764 ut
2197 4726 2318 4766 om-

740 4801 952 4870 uigens:
979 4799 1274 4869 voluptatis
1296 4810 1533 4869 segetem
1559 4802 1889 4867 uberiorem,
1915 4811 1968 4857 et
2001 4802 2315 4872 cupiditatis

741 4890 1022 4945 materiem
1069 4901 1389 4960 comparent
1429 4899 1485 4946 et
1509 4892 1804 4947 recondant
1845 4911 1860 4946 :
1911 4908 2022 4962 quo
2067 4894 2315 4949 securius

742 4983 1000 5053 deinceps
1037 4983 1273 5041 licentia:
1298 4993 1520 5051 possent
1559 4983 1871 5052 indulgere,
1913 4984 2088 5039 ventri
2120 4993 2174 5038 et
2211 5000 2314 5054 pu-

742 5075 934 5130 dendis
967 5075 1232 5139 viventes,
1277 5075 1442 5129 vitam
1473 5091 1596 5129 cum
1633 5075 1838 5129 bonore
1869 5091 1932 5129 ac
1971 5076 2317 5132 aemulatione

744 5169 1087 5237 coniunctam
1119 5177 1174 5223 et
1218 5168 1543 5237 longissimo
1593 5177 1769 5223 tractu
1801 5169 2154 5234 duraturam,
2206 5185 2312 5224 non

745 5259 907 5314 aliatn
931 5273 1093 5328 quam
1122 5267 1442 5328 prmsentem
1471 5257 1572 5312 sibi
1602 5259 2061 5313 circumscribunt
2092 5278 2106 5313 :
2139 5274 2316 5328 neque

745 5351 890 5406 enim
939 5350 1146 5404 laudari
1181 5349 1340 5404 debet
1371 5349 1660 5403 consilium
1692 5349 1844 5413 illud,
1887 5365 1998 5420 quo
2022 5364 2118 5419 per
2157 5353 2318 5405 sedu-

746 5444 853 5498 lam
877 5456 1066 5496 curam
1105 5441 1298 5500 civitas
1319 5441 1644 5508 aedificatur,
1674 5442 1832 5511 cujus
1859 5458 2074 5497 summa
2107 5453 2160 5497 et
2187 5458 2317 5512 pro-

748 5534 911 5589 funda
940 5533 1224 5604 prudentia
1271 5541 1456 5602 gentes
1498 5534 1774 5600 continet,
1822 5543 1875 5587 et
1928 5534 2119 5588 domos
2153 5534 2318 5588 stabi-

2425 4645 2568 4689 νους,
2608 4627 2748 4696 ὑπὲρ
2793 4625 2887 4678 τοῦ
2919 4626 3086 4678 πλείω
3123 4626 3192 4678 τά
3229 4627 3540 4696 ὑπάρχοντα
3572 4627 3798 4694 ποιῆσαι
3827 4625 3994 4695 μηδὲν

2428 4717 2694 4786 μηδαμῶς
2741 4715 3147 4785 παραιτεῖσθαι,
3186 4716 3263 4778 ὼς
3292 4717 3359 4769 ἂν
3407 4715 3629 4784 ἀπάσης
3674 4714 3869 4783 ἡδονῆς
3906 4715 3994 4766 καὶ

2423 4807 2720 4877 ἐπιθυμίας
2753 4805 2886 4876 ὑλην
2907 4805 3140 4874 ἄφθονον
3161 4807 3376 4868 ἐαυτοίς
3397 4804 3880 4875 παρεσκευακότες
3903 4801 3993 4856 καὶ

2423 4897 2774 4967 ἀποθέμενοι,
2804 4897 2979 4960 ἀδεῶς
3009 4898 3102 4950 τοῦ
3125 4896 3313 4950 λοιποῦ
3342 4897 3589 4966 τρυφῶσι
3616 4913 3675 4948 τε
3701 4897 3796 4948 καὶ
3818 4911 3992 4947 καταο

2426 4989 2767 5054 σπαταλῶσι,
2795 4993 2998 5060 γαστρὶ
3028 4989 3124 5042 καὶ
3159 4989 3384 5052 αἰδοίοις
3409 4988 3634 5051 ζῶντες,
3666 4987 3759 5040 καὶ
3792 4986 3884 5038 τὸν
3911 4987 3996 5038 εὐ-

2425 5082 2558 5134 κλεᾶ
2590 5083 2682 5134 καὶ
2706 5081 3070 5152 ἀξιοζήλωτον
3101 5081 3236 5150 βίον,
3277 5082 3371 5135 καὶ
3402 5083 3481 5145 είς
3517 5083 3784 5151 μήκιστον
3809 5095 3992 5149 παρα-

2424 5171 2738 5240 τεινὸμενον
2767 5171 2978 5242 χρόνον,
3013 5171 3113 5224 οὑκ
3138 5170 3299 5225 ἄλλον
3331 5172 3446 5225 ἀλλ’
3472 5167 3554 5233 οἷς
3583 5164 3729 5223 οὗτοι
3764 5168 3988 5239 βιοῦσιν,

2427 5261 2850 5332 περιορίζοντες.
2873 5260 2948 5312 οὑ
2976 5259 3085 5329 γὰρ
3110 5260 3247 5329 καλή
3279 5277 3341 5327 γε
3378 5263 3410 5330 ἠ
3446 5259 3723 5330 συμϐουλὴ
3751 5258 3869 5322 τοῦ,
3897 5259 3990 5321 τὰς

2428 5352 2632 5414 πόλεις,
2661 5350 2726 5402 δι’
2758 5343 2834 5404 ὧν
2865 5350 3162 5421 φροντίζει,
3185 5350 3515 5414 πολίζοντος,
3544 5351 3641 5404 καὶ
3663 5345 3724 5403 οῦ
3745 5351 3778 5420 η
3801 5347 3989 5417 βαθεῖα

2425 5444 2518 5496 καὶ
2546 5443 2759 5512 μεγάλη
2783 5441 3009 5512 πρόνοια
3038 5444 3105 5494 τὰ
3138 5442 3266 5513 ἔθνη
3298 5431 3534 5511 συνέχει,
3569 5441 3783 5504 καὶτὰς
3817 5441 3989 5502 οἰκίας

2430 5535 2764 5605 συνίστησιν,
2815 5533 2873 5596 ὃς
2905 5532 2964 5599 ἐξ
2999 5526 3074 5586 ὦν
3107 5533 3251 5598 εδοξε
3303 5534 3501 5601 λέγειν,
3556 5534 3679 5588 ἀντὶ
3728 5534 3826 5604 μὲν
3875 5531 3989 5601 φιλο

2037 5731 2268 5787 VARIA‘J
2309 5730 2714 5788 LECTIONES.

859 5865 878 5894 ι’
909 5853 969 5908 C.
999 5850 1071 5911 Μ.
1130 5852 1165 5923 ἠ
1203 5849 1298 5922 τῆς
1330 5848 1484 5919 λῃπτ.
1602 5857 1621 5884 ³
1654 5849 1714 5901 L3.
1765 5845 1834 5900 Μ.
1896 5845 2194 5916 ἀναίρεσις.

2317 5851 2330 5887 ι
2375 5846 2462 5900 la.
2497 5845 2848 5914 συλλέγοντας
2866 5886 2883 5912 ,
2917 5845 2980 5903 (ἐ.
3013 5844 3081 5902 Μ.
3142 5846 3519 5916 συλλέγουσαν,
