4200 6444
238 442 343 510 σει

1218 446 1316 506 AD
1364 442 1958 505 AMPHILOCHIUM
2010 445 2355 518 QUESTIO
2405 448 2501 510 CI.

3360 445 3466 510 622

229 558 557 628 ανθρωπων,
586 555 978 627 φιλαργύρους,
1023 555 1143 609 ἀντὶ
1182 554 1240 607 δέ
1272 554 1632 625 φιλαλλήλων,
1669 555 1790 608 ἐπι-

1898 551 2019 610 litas
2046 554 2196 621 facit,
2239 558 2368 628 qui,
2405 554 2552 627 quod
2591 566 2623 610 e
2667 551 3015 610 sermonibus
3056 552 3231 623 colligi
3264 563 3465 623 potest.

227 648 476 712 δούλους,
507 650 598 701 καὶ
624 648 746 702 ἀντὶ
776 646 1100 717 ἐλεημόνων,
1123 645 1510 717 ἀνελεήμονας,
1528 649 1644 713 καὶ,
1669 665 1795 701 συν-

224 739 409 809 τόμως
439 741 633 798 εἰπεῖν.
655 739 776 793 ἀντὶ
806 737 900 791 τοῦ
924 736 1017 791 διά
1038 737 1259 791 πάντων
1277 738 1555 808 ἀρίστους,
1575 740 1633 792 ἐν
1660 740 1794 791 πᾶσι

226 831 522 891 κακίστους
547 826 720 892 εῐναι,
754 826 1162 898 εἰσηγούμενος.
1193 827 1364 897 Δῆλον
1396 828 1527 897 γάρ,
1557 829 1640 882 ότι
1672 828 1795 883 καθ’

228 922 291 975 ὃν
332 921 535 990 τρόπον
561 920 624 974 τὺ
655 919 1031 991 ἀφιλάργυρον
1069 914 1204 990 ἦθος
1249 919 1642 989 συνεφέλκεται
1694 918 1795 983 τάς

225 1011 394 1073 ἀλλας
441 1010 675 1081 ἀρετάς·
717 1008 891 1073 οὕτως
932 1010 967 1079 ἡ
1013 1007 1352 1081 φιλάργυρος
1388 1010 1544 1071 νόσος
1577 1025 1797 1063 συνεπι-

223 1100 454 1171 σύρεται
483 1102 666 1155 πᾶσαν
690 1100 790 1171 τὴν
824 1100 1063 1170 συγγενῆ
1096 1101 1319 1155 κακίαν.
1338 1100 1478 1163 Ἀλλῖ
1508 1095 1624 1167 οὖν,
1658 1101 1795 1171 ὅπερ

220 1189 412 1257 ελεγον
433 1202 482 1254 ι,
503 1191 533 1243 6
562 1190 727 1253 καλὸς
751 1183 910 1255 οὗτος
939 1190 1263 1260 σύμϐουλος,
1291 1190 1385 1245 καὶ
1413 1193 1515 1262 τῆς
1535 1193 1797 1246 Δεσποτι-

224 1281 332 1350 κῆς
359 1282 579 1349 ἐντολῆς
608 1280 941 1353 χλευαστὴς,
968 1282 1092 1335 ἀντὶ
1117 1282 1214 1335 τοῦ
1249 1280 1553 1352 βελτίστου,
1583 1283 1654 1336 τά
1682 1284 1797 1354 χεί-

225 1386 391 1439 ριστα
420 1371 547 1433 τοὺς
578 1369 901 1441 ἀνθρώπους
942 1368 1234 1438 αἰριῖσθαι,
1275 1372 1419 1424 κατά
1459 1368 1525 1424 τδ
1571 1371 1796 1425 ἀκόλου-

224 1460 355 1522 θον,
428 1460 851 1531 ὑποτιθέμενος,
914 1461 1038 1531 μηδ’
1097 1461 1164 1514 άν
1224 1461 1402 1525 άλλως
1459 1462 1792 1534 εὐδαιμόνως

224 1550 441 1621 βιῶσιν,
474 1552 612 1621 μήτε
643 1551 818 1615 ¹ιιιόλιν,
853 1553 993 1621 μήτε
1023 1551 1176 1615 ἐθνος
1198 1590 1214 1617 ,
1253 1554 1378 1624 μηδ’
1422 1554 1618 1621 οἰκίαν,
1660 1570 1795 1608 κατ-

220 1640 638 1707 επαγγέλλεταιο
663 1642 801 1697 ἀλλά
823 1644 960 1715 μηδέ
990 1644 1276 1715 προελθεῖν
1309 1646 1401 1699 ἐπὶ
1430 1648 1793 1717 μακρότατον,

221 1727 271 1779 εἰ
304 1728 378 1797 μὴ
403 1728 609 1782 ἕλοιντο
639 1730 862 1800 μᾶλλον,
889 1732 1013 1786 άντί
1039 1731 1133 1787 τοῦ
1168 1734 1345 1789 πάντα
1371 1729 1509 1788 εῖναι
1543 1737 1792 1806 χρηστοὶ,

219 1816 290 1870 τά
328 1818 507 1872 πάντα
537 1815 680 1874 εῖναι
708 1821 1054 1889 φαυλότατοι.
1085 1825 1180 1888 Εἰς
1205 1825 1444 1879 τοιοῦτον
1485 1826 1653 1897 αὐτῷ,
1699 1830 1792 1882 καὶ

222 1907 420 1978 βουλῆς
438 1950 452 1973 ,
480 1910 574 1963 καί
619 1887 915 1978 πολιτείας,
952 1916 1322 1987 καταστρέφει
1350 1917 1522 1982 τέλος,
1553 1887 1617 1971 τό
1643 1887 1790 1973 ⁷κατὰ
1821 1887 1863 1943 Β

218 1998 321 2067 τῆς
345 1999 496 2064 θείας
528 2003 744 2073 ἐντολῆς
775 2005 1001 2075 θράσος,
1031 2009 1126 2061 καὶ
1155 2009 1187 2079 ἡ
1223 2010 1387 2079 εῖρων
1416 2009 1668 2078 γλῶσσα,
1696 2012 1791 2065 καὶ

218 2090 293 2142 τά
327 2089 428 2159 τῆς
457 2092 771 2164 ἀνατροπῆς
810 2098 950 2165 σοφά
980 2099 1372 2168 ἐνθυμήματαν
1405 2101 1582 2155 καίτοι
1613 2119 1699 2171 γε,
1741 2105 1790 2156 εἰ

224 2181 299 2251 μή
329 2198 382 2234 τι
410 2182 559 2248 άλλο,
595 2186 722 2249 τοὺς
750 2187 876 2251 σοὺς
903 2190 1090 2251 κύνας,
1123 2189 1218 2255 οὓς
1246 2191 1574 2262 ἐθαύμαζες,
1591 2195 1700 2247 ἔδει
1728 2212 1790 2249 σε

223 2271 558 2340 μεμνῆσθαι,
590 2273 684 2325 καὶ
710 2274 1060 2346 αἰσχύνεσθαι
1088 2278 1179 2331 τὸν
1210 2281 1463 2352 Διογένη,
1494 2282 1590 2335 τὸν
1616 2284 1791 2338 Ἀντι-

220 2360 408 2433 σθένη.
439 2363 531 2416 τδν
561 2364 848 2436 Κράτητα,
899 2368 992 2421 τδν
1038 2368 1200 2423 ἀλλον
1247 2373 1413 2443 χορὸν
1435 2372 1546 2428 τῶν
1578 2374 1789 2446 θαυμα-

222 2452 356 2506 σίων
414 2470 510 2507 σου
554 2456 748 2511 κυνῶν.
809 2459 872 2511 Οῖ
930 2460 978 2512 εἰ
1028 2461 1121 2513 καὶ
1162 2461 1241 2532 τῷ
1295 2464 1643 2537 ἐπιδεικτικῷ
1693 2468 1789 2522 τοῦ

219 2543 391 2614 ἤθους
442 2546 537 2599 τὸν
592 2548 693 2617 τῆς
742 2549 977 2619 ἀληθοῦς
1027 2552 1413 2625 άκτημοσύνης
1464 2562 1791 2631 χαρακτῆρα

219 2634 594 2705 ἐκιϐδήλευονο
659 2639 772 2693 ἀλλ’
820 2639 912 2693 οὖν
969 2643 1336 2712 μεμισηκότες
1388 2646 1672 2713 ἐφαίνοντο
1730 2651 1792 2704 τὸ

217 2724 595 2793 φιλόπλουτον,
646 2728 742 2782 καὶ
768 2729 858 2782 τὸν
882 2731 1029 2785 λιτὸν
1060 2732 1237 2786 δοκεῖν
1270 2735 1614 2801 ἀσπάζεσθαι
1635 2781 1650 2806 ,
1695 2742 1789 2795 καὶ

218 2815 598 2887 ἀφιλάργυρον
626 2818 741 2889 βίον
772 2820 914 2890 μέγα
938 2821 1220 2877 ἐποιοῦντο
1241 2840 1257 2856 ·
1282 2826 1515 2892 ἐκείνοις
1539 2830 1706 2900 ἐχρῆν
1730 2849 1790 2886 σε

222 2903 427 2974 μᾶλλον
451 2906 649 2974 λέγειν,
674 2910 795 2963 ἀντί
824 2910 923 2964 τοῦ
954 2911 1209 2978 θειάζειν,
1236 2915 1315 2979 ὡς
1349 2919 1399 2971 εἰ
1429 2919 1631 2985 πάντες
1662 2923 1791 2991 ὑμῖν

221 2994 531 3048 πεισθεῖεν·
570 2999 670 3051 οὐκ
698 2999 765 3052 ἀν
802 3000 983 3065 ἔθνος,
1034 3002 1096 3055 οὐ
1135 3005 1290 3069 πόλις
1312 3047 1327 3071 ,
1359 3008 1461 3062 οὐκ
1488 3010 1636 3064 οἰκία
1691 3014 1791 3083 μία

219 3086 588 3173 συστήσεταν
645 3088 763 3151 πῶς
826 3092 935 3159 γάρ
994 3092 1115 3158 ἐτι,
1178 3100 1583 3169 μιμησαμένων
1645 3103 1789 3173 ὑμᾶς

510 3176 834 3268 ἀνθρώπων,
865 3178 1012 3244 οῐκος
1058 3183 1275 3253 ἐντιμος
1316 3188 1540 3243 δύναταί
1577 3208 1631 3244 τι
1688 3172 1789 3247 καὶ
1811 3206 1858 3268 C

215 3262 397 3329 οἰκίας
424 3264 487 3318 τδ
510 3267 673 3335 σοφόν
701 3285 795 3322 σου
822 3270 1002 3336 τοῦτο,
1019 3274 1113 3326 καὶ
1135 3277 1316 3346 πάσης
1345 3281 1567 3345 ναυτίας
1591 3283 1786 3353 γέμον,

219 3355 363 3445 κατά
410 3357 509 3426 τῆς
534 3360 757 3429 ἐντολῆς
800 3364 1137 3435 ἐπαπόρημα
1160 3381 1177 3398 ο
1212 3368 1333 3433 πῶς
1371 3367 1521 3433 οἰκος
1569 3374 1788 3445 ἔντιμος

216 3443 445 3498 δύναταί
472 3463 525 3499 τι
572 3449 668 3502 καὶ
697 3452 875 3518 οἰκίας
904 3452 1040 3508 ἀλλά
1073 3456 1181 3527 γάρ
1209 3458 1351 3524 πῶς,
1383 3462 1505 3515 ἀντί
1532 3464 1628 3517 τοῦ
1657 3443 1789 3518 ταῦ·

215 3548 319 3623 τα,
343 3535 458 3598 τοῖς
502 3539 615 3600 σοῖς
657 3540 916 3611 ἐπιτιμᾷν
948 3558 1007 3595 σε
1040 3546 1188 3609 κυσὶ,
1225 3547 1450 3612 τούτους
1486 3550 1584 3620 μὲν
1619 3552 1785 3623 ὑπερο

215 3622 558 3693 θαυμάζεις·
607 3628 643 3681 ἃ.
676 3629 733 3681 δέ
768 3630 868 3700 τὴν
917 3633 1129 3703 ἀμείνω
1177 3637 1360 3708 πολλῷ
1403 3640 1629 3707 τούτων,
1692 3622 1787 3698 καὶ

212 3711 394 3783 ἀμιγῆ
456 3716 639 3787 πάσης
697 3720 1034 3793 μοχθηρίας,
1106 3726 1409 3798 εἰσηγεῖται
1484 3732 1784 3800 πολιτείαν,

214 3801 475 3895 ταῦταῗᾶ
507 3806 575 3859 τά
607 3806 763 3875 λόγια
791 3811 1095 3883 διασύρειςς
1133 3817 1186 3870 τί
1229 3819 1285 3872 δὲ
1328 3820 1424 3874 καί
1474 3823 1567 3875 ἐπὶ
1617 3825 1782 3895 μόνης

212 3892 317 3986 τῆς
337 3893 684 3961 διδασκαλίας
711 3901 935 3973 ταύτης,
986 3906 1047 3958 τὺ
1074 3906 1237 3978 δριμύ
1279 3927 1372 3965 σου
1407 3913 1515 3967 τῶν
1550 3892 1789 3986 ἐνθυμη-

212 3984 426 4052 μάτων,
458 3991 551 4040 καὶ
580 3991 680 4059 τῆς
720 3991 963 4048 ἰθυόόλου
1013 3997 1226 4064 φύσεως
1255 4003 1315 4054 τὸ
1343 4002 1481 4073 βαθὺ
1516 4006 1610 4059 καὶ
1635 3984 1783 4061 ἔντο-

207 4091 328 4137 νον,
358 4077 649 4147 ἐπεδείξως
678 4082 855 4151 ἠδύνω
882 4086 990 4158 γάρ
1017 4088 1087 4141 τά
1105 4090 1247 4144 αὐτὰ
1278 4095 1660 4163 μσταιολογεῖν
1689 4101 1784 4153 καὶ

205 4167 306 4218 ἐπὶ
336 4167 599 4259 ¹ιιλειόνων
628 4174 825 4232 ἀλλων.
862 4196 881 4228 ι
918 4179 1203 4249 Λαμψάτω
1241 4184 1304 4237 τὸ
1349 4186 1464 4254 φῶς
1491 4189 1646 4259 ὑμῶν
1685 4193 1783 4259 Ep.-

208 4256 452 4351 προσθεν
476 4260 585 4314 τῶν
609 4265 928 4335 ἀνθρώπων,
962 4269 1111 4335 ὅπως
1153 4273 1302 4328 ἴδωσι
1340 4276 1410 4330 τά
1453 4256 1595 4333 καλά
1628 4256 1783 4351 ύμων

202 4348 368 4444 ἐργα,
397 4352 786 4444 δοξάσωσι
815 4359 906 4412 τὸν
940 4361 1153 4433 Πατέρα
1211 4365 1367 4435 ὑμῶν
1393 4368 1485 4421 τὸν
1518 4372 1575 4423 ἐν
1613 4348 1779 4444 ούραο

202 4440 345 4530 νοῖς.
372 4457 392 4489 ι
414 4440 619 4495 ’Δλλέἰ
642 4446 843 4511 πάντες
872 4448 1231 4520 ἐκλάμψουσι,
1248 4457 1391 4521 τίνες
1424 4461 1473 4511 οί
1491 4440 1776 4530 ὀψόμενοι,

1896 660 1997 714 pro
2019 646 2269 703 homines
2294 647 2604 702 amantibus
2622 645 2834 715 argenti
2859 644 3145 700 substituit
3168 654 3466 711 amatores,

1893 749 1993 805 pro
2038 744 2229 790 mutuo
2284 750 2473 791 amore
2521 734 2786 799 insidias,
2831 748 2931 804 pro
2988 734 3467 791 commiseratione

1894 826 2429 891 immisericordiam,
2460 834 2519 882 et
2544 826 2779 881 breviter
2812 833 2871 879 ut
2897 826 3202 894 expediam,
3237 842 3337 897 pro
3370 843 3469 897 op-

1894 917 2029 974 timo
2080 920 2378 989 pessimum
2439 932 2621 973 rerum
2666 924 2870 972 statum
2936 917 3252 978 introducit.
3315 917 3471 974 Patet

1894 1009 2065 1074 enim,
2097 1010 2244 1080 quod
2278 1007 2741 1080 quemadmodum
2792 1008 2864 1063 ab
2900 1008 3127 1065 avaritia
3166 1009 3471 1065 abhorrens

1893 1100 2127 1155 virtutes
2158 1114 2350 1155 omnes
2392 1098 2695 1163 contrahit,
2746 1098 2821 1154 ita
2857 1106 2913 1153 et
2956 1099 3199 1157 avaritia:
3245 1100 3471 1155 morbus

1895 1188 2112 1245 amnem
2166 1196 2222 1246 et
2266 1203 2623 1260 congenerem
2672 1188 3074 1259 improbitatem
3118 1202 3337 1244 omnem
3384 1205 3473 1245 se-

1895 1295 2020 1336 cum
2052 1280 2241 1336 trahit.
2275 1280 2453 1351 Atque
2480 1281 2575 1346 ita,
2606 1280 2750 1349 quod
2785 1279 3054 1344 dicebam,
3085 1281 3336 1351 egregius
3368 1281 3474 1335 iste

1894 1370 2276 1435 consiliarius,
2320 1370 2586 1426 Dominici
2616 1371 2870 1440 praecepti
2914 1370 3149 1436 irrisor,
3196 1370 3290 1440 qui
3333 1386 3473 1440 pra:-

1894 1463 2042 1517 clara
2073 1476 2307 1532 quaeun
2337 1476 2629 1532 suggerere
2654 1460 2860 1526 debuit,
2883 1461 3121 1529 pessima
3155 1462 3471 1516 hominibus

1894 1552 2143 1622 eligenda
2201 1552 2392 1618 oﬂ'ert,
2442 1553 2519 1607 ita
2562 1559 2621 1606 ut
2660 1551 2805 1606 haud
2838 1551 2995 1605 aliter
3033 1566 3159 1607 cum
3215 1550 3473 1607 felicitate

1894 1641 2107 1707 vivere,
2136 1653 2246 1695 non
2273 1639 2463 1695 urbem
2485 1678 2500 1705 ,
2546 1648 2794 1710 gentem,
2845 1639 3070 1695 domum
3111 1642 3469 1701 constituere.

1895 1746 2016 1801 qua
2044 1732 2365 1797 consistent,
2399 1733 2649 1802 possint:
2691 1732 2804 1786 imo
2847 1732 3029 1788 nullos
3072 1732 3299 1786 omnino
3342 1747 3472 1802 pro-

1896 1832 2115 1888 gressus
2146 1819 2345 1885 facere,
2395 1820 2443 1876 si
2478 1835 2610 1883 non,
2642 1821 2738 1888 qui
2766 1821 3035 1877 debebant
3075 1821 3322 1877 omnium
3350 1837 3475 1878 esse

1893 1910 2115 1981 Optimi,
2163 1911 2383 1980 pessimi
2434 1913 2681 1967 omnium
2735 1912 2907 1969 velint
2955 1927 3100 1969 esse.
3154 1912 3273 1969 Huc
3323 1913 3473 1973 enim

1891 2008 2099 2069 spectat
2127 2002 2301 2071 ipsius
2336 2010 2391 2057 et
2436 2002 2727 2058 consilium
2760 2012 2815 2058 et
2844 2003 3065 2073 politis,
3115 2017 3211 2073 per
3236 2004 3476 2059 insolen-

1894 2091 2023 2145 tiam
2050 2101 2238 2147 contra
2264 2092 2579 2148 mandatum
2611 2092 2880 2157 divinum,
2907 2107 3004 2163 per
3035 2093 3233 2164 lingua
3260 2094 3471 2163 diasyr-

1891 2196 2013 2236 mos
2043 2190 2098 2236 et
2140 2183 2431 2251 praclaras
2464 2183 2871 2239 conclusiones.
2908 2182 3038 2249 Sed,
3074 2185 3148 2238 mi
3195 2184 3379 2246 homo.
3423 2187 3472 2239 si

1892 2280 2073 2327 tamen
2118 2271 2254 2326 nihil
2282 2271 2454 2337 aliud,
2491 2287 2657 2328 canes
2687 2273 2809 2327 illos
2840 2282 2982 2337 tuos,
3014 2288 3153 2343 quos
3186 2274 3267 2329 sic
3296 2272 3473 2329 admi-

1890 2365 2053 2427 raris.
2084 2363 2407 2433 Diogenem,
2433 2364 2834 2430 Antisthenem,
2869 2364 3167 2431 Cratetem,
3211 2374 3469 2423 cancros-

1891 2470 1997 2525 que
2028 2454 2291 2526 pra’claro
2316 2454 2409 2508 illo
2435 2468 2721 2521 consessu,
2770 2454 3009 2511 recolere
3036 2464 3089 2510 et
3117 2458 3469 2513 verecundari

1890 2545 2180 2602 debueras.
2212 2544 2291 2599 llli
2344 2554 2620 2616 utcunque
2668 2561 2764 2616 per
2819 2563 3015 2602 vanam
3048 2550 3468 2605 ostentationem

1892 2653 2035 2693 vera:
2064 2640 2404 2709 paupertatis
2432 2639 2806 2695 characterem
2837 2639 3213 2696 adulterabant
3245 2659 3257 2695 :
3291 2650 3468 2696 tamen

1892 2743 2133 2783 amorem
2168 2730 2482 2784 divitiarum
2518 2728 2950 2794 detestabantur,
3002 2746 3125 2785 cum
3160 2732 3326 2786 videri
3358 2734 3470 2786 vel-

1891 2819 2005 2876 lent
2064 2819 2317 2889 amplecti
2376 2818 2593 2888 inopem
2649 2828 2703 2874 et
2751 2819 3051 2876 immunem
3115 2823 3185 2877 ab
3241 2824 3470 2879 avaritia

1892 2912 2041 2966 omni
2080 2910 2268 2965 vitam.
2310 2910 2467 2981 Apud
2493 2911 2617 2966 illos
2642 2922 2881 2981 poteras,
2910 2927 3049 2981 quos
3074 2912 3295 2977 adoras,
3333 2913 3470 2969 emi.

1891 3004 1995 3057 tire
2024 3004 2346 3073 praeclarum
2382 3002 2513 3057 illud
2560 3013 2711 3058 tuum
2746 3004 3173 3074 apophthegma,
3204 3007 3248 3060 si
3276 3022 3469 3061 omnes

1890 3093 2088 3148 vellent
2131 3094 2287 3148 vobis
2316 3093 2715 3163 obtemperare,
2764 3110 2872 3148 non
2908 3096 3085 3149 adhuc
3114 3110 3266 3165 gens,
3314 3098 3465 3160 urbs,

1890 3181 2089 3237 domus
2130 3182 2474 3238 subsisteret.
2544 3182 2667 3238 llaec
2716 3192 2795 3240 est
2822 3185 2966 3238 enim
3007 3183 3101 3239 illa
3136 3195 3227 3240 tua
3259 3186 3466 3240 vomitu

1895 3272 2147 3328 fiedanda
2184 3273 2249 3328 ad
2297 3284 2623 3344 praeceptum
2678 3275 2935 3344 quastio,
2985 3276 3072 3330 illa
3116 3282 3377 3345 praeclara
3408 3288 3467 3333 ut

1894 3365 2107 3420 videtur
2154 3366 2275 3420 tibi.
2304 3364 2587 3432 Quomodo
2635 3368 2828 3421 domus
2860 3367 2944 3423 vel
2990 3368 3251 3424 habitatio
3285 3368 3467 3425 subsi-

1894 3456 2032 3510 stet?
2058 3456 2161 3510 Sed
2190 3464 2267 3521 tu,
2288 3457 2382 3526 qui
2406 3458 2520 3512 haec
2537 3458 2765 3514 canibus
2781 3460 2889 3514 tuis
2917 3459 3156 3529 objicere
3174 3460 3458 3524 debueras,

1896 3549 2017 3604 illos
2044 3548 2366 3613 admiratus,
2403 3550 2624 3603 oracula
2658 3559 2838 3606 autem
2893 3550 2984 3605 illa
3034 3552 3217 3606 divina
3261 3552 3463 3607 derisui

1894 3640 2082 3705 babes,
2116 3654 2236 3710 qua:
2261 3639 2417 3709 longe
2448 3639 2727 3694 meliorem
2755 3640 2971 3695 vivendi
3004 3642 3267 3696 rationem
3314 3650 3367 3695 et
3395 3643 3463 3695 ab

1895 3730 2235 3800 improbitate
2272 3730 2652 3785 abhorrentem
2709 3732 3084 3787 introducunt.
3135 3732 3272 3798 Quid
3334 3735 3463 3789 est"

1894 3824 2036 3890 quod
2065 3825 2116 3875 in
2149 3822 2307 3877 istam
2340 3823 2715 3879 tantummodo
2748 3824 3052 3880 doctrinam
3084 3826 3462 3887 conclusiones

1893 3922 1999 3967 tute
2044 3913 2345 3968 virulentiae
2394 3912 2667 3976 intendas,
2701 3924 2755 3969 et
2794 3915 3165 3985 dispositionis
3203 3916 3463 3985 improba:

1886 4003 2067 4073 jacula
2106 4003 2321 4059 incussa
2360 4003 2626 4059 violenter
2677 4006 2937 4074 stringas,
2986 4020 3110 4060 cum
3142 4020 3249 4060 non
3278 4006 3460 4059 minus

1891 4104 2083 4149 contra
2125 4094 2230 4148 alia
2272 4108 2435 4163 quam
2467 4095 2590 4159 ista,
2619 4095 2665 4150 si
2698 4095 2909 4159 liberet,
2944 4096 3209 4151 blaterare
3237 4097 3457 4153 debeas.

1895 4204 1914 4238 ι
1954 4185 2153 4242 Luceat
2176 4184 2257 4241 sic
2278 4185 2367 4239 lux
2400 4195 2578 4240 vestra
2596 4200 2780 4240 coram
2807 4186 3139 4251 hominibus,
3160 4196 3220 4242 ut
3244 4189 3459 4243 videant

1888 4277 2029 4332 bona
2075 4283 2257 4332 vestra
2300 4290 2465 4346 opera
2508 4286 2564 4331 et
2611 4277 2914 4346 gloriﬁcent
2960 4278 3170 4333 l‘atrem
3214 4288 3456 4335 vestrum

1888 4370 1976 4438 qui
2006 4377 2089 4424 est
2117 4369 2171 4422 in
2218 4370 2457 4424 C(Blis".
2490 4388 2510 4423 ι
2547 4369 2702 4435 Quod
2750 4370 2795 4424 si
2826 4384 3016 4426 omnes
3062 4380 3116 4425 et
3154 4371 3348 4440 singuli
3377 4372 3458 4425 sic

1888 4460 2148 4523 Iueerent,
2178 4459 2268 4514 ubi
2306 4469 2468 4515 erunt
2499 4461 2593 4530 qui
2616 4461 2853 4525 videant,
2903 4470 2958 4515 et
2992 4460 3180 4525 Deum,
3224 4476 3322 4533 pro
3350 4463 3457 4517 illis

199 4529 422 4623 ξδν
454 4531 608 4623 Θεδγο
638 4537 724 4606 ὲφ’
746 4534 829 4603 οἷς
851 4542 979 4608 ἴδον.
1008 4546 1097 4598 διὰ
1130 4546 1289 4618 δόξης
1317 4529 1765 4623 θεραπεύσοντεςς

1892 4565 2003 4620 quas
2031 4550 2233 4615 vident,
2260 4529 2593 4621 gloriﬁcent?
2621 4570 2640 4603 ι
2669 4550 2819 4615 Date,
2838 4561 2892 4605 et
2919 4552 3133 4606 dabitur
3155 4529 3408 4618 vobis"';
3431 4572 3449 4603 ι

203 4636 227 4671 ε
264 4618 472 4683 Δίδοτε,
503 4622 598 4676 καί
620 4624 903 4697 δοθήσεται
926 4632 1076 4702 ὑμῖν·
1105 4652 1124 4687 ι
1157 4637 1207 4689 εἰ
1236 4618 1437 4703 πάντες
1460 4639 1664 4698 ἐλοιντο
1694 4618 1774 4699 6t-

194 4707 356 4761 δόναι
378 4746 397 4773 ,
426 4710 511 4772 τίς
537 4714 566 4764 ό
594 4713 928 4786 ληψόμενος;
966 4739 985 4772 ι
1025 4722 1259 4793 ’Δφίετε,
1292 4730 1387 4782 καὶ
1440 4730 1773 4801 ἀφεθήσεται

196 4801 366 4896 ὑμῖνο
405 4820 426 4855 ι
483 4804 534 4857 εἰ
584 4807 784 4874 πάντες
834 4813 1068 4885 ἀφῶσιν,
1105 4818 1251 4886 τίνες
1302 4816 1385 4885 οῖς
1431 4823 1771 4896 ἀφήσουσιν;

201 4912 222 4944 ε
248 4893 526 4989 Ἀγαπάτε
552 4899 678 4963 τοὺς
702 4901 933 4975 ἐχθροὺς
959 4906 1112 4978 ὑμῶν
1131 4925 1147 4942 ’
1184 4929 1204 4963 ι
1240 4914 1289 4966 εἰ
1324 4893 1772 4989 πάντεςάγαπήέ

194 5000 380 5078 uouet,
411 4986 512 5044 πού
538 4990 589 5041 ol
622 4990 831 5067 ἐχθρῶς
869 4994 1113 5066 ἐχοντεςς
1151 5019 1170 5056 ι
1207 5003 1269 5056 Εἰ
1294 5004 1493 5070 πάντες
1521 4986 1637 5071 τοῖς
1671 4986 1773 5078 τῆν

193 5077 433 5170 σιαγόνα
463 5078 684 5137 παίουσι
708 5083 807 5156 τὴν
833 5086 1035 5153 δεξιάν,
1062 5092 1156 5145 καὶ
1178 5092 1276 5164 τὴν
1304 5096 1472 5167 ἀλλην
1503 5098 1583 5161 εἰς
1611 5077 1771 5170 ὓϐριν

189 5168 330 5261 ἴσην
364 5171 696 5241 ἐκδώσουσι,
741 5176 847 5231 πού
876 5180 926 5234 οί
953 5184 1356 5254 τυπτήσοντεςς
1395 5206 1414 5239 ι
1447 5190 1557 5242 Καὶ
1601 5168 1772 5261 μυρία

186 5259 373 5314 ἄλλα*
432 5265 635 5334 μᾶλλον
665 5267 787 5334 δέν,
829 5270 906 5334 ὡς
937 5270 1069 5336 [τινος
1116 5274 1314 5341 εἰπεῖν,
1365 5259 1613 5350 οὐδεμίαν
1649 5259 1768 5336 θεία

186 5352 543 5423 παραίνεσις,
590 5360 650 5411 ἐν
679 5362 746 5431 τῇ
791 5360 931 5431 πρὸς
977 5362 1165 5436 ἐτερον
1211 5367 1306 5422 ἀφ’
1336 5368 1525 5424 ἐτέρου
1560 5372 1759 5443 πράξει

259 5529 313 5562 ’⁸
357 5529 545 5589 Ilatth.
575 5551 627 5600 ι’,
660 5536 745 5591 16.
822 5539 889 5570 '“°
921 5536 1145 5605 1..ιιο.νι,
1174 5542 1261 5597 '58.

1882 4642 1929 4697 si
1952 4656 2141 4697 omnes
2194 4641 2463 4705 dederint,
2508 4642 2633 4711 quis
2685 4641 2948 4711 accipiet?
3002 4660 3020 4693 ι
3056 4642 3351 4708 Remittite,
3399 4654 3455 4698 et

1882 4731 2269 4797 remittetur";
2312 4750 2330 4784 ι
2386 4732 2433 4787 si
2480 4747 2672 4789 omnes
2721 4733 3097 4802 indulgentes,
3152 4734 3242 4789 ubi
3291 4746 3454 4790 erunt

1879 4822 2076 4891 quibus
2107 4821 2460 4893 indulgetur?
2509 4842 2529 4877 ι
2568 4822 2782 4895 Diligite
2816 4826 3065 4881 inimicos
3097 4827 3391 4892 vestros";
3427 4847 3445 4877 υ

1880 4914 1927 4968 si
1955 4928 2147 4971 omnes
2172 4914 2422 4985 diligant,
2447 4914 2538 4971 ubi
2571 4918 2962 4985 comparebunt
2984 4919 3076 4988 qui
3106 4926 3239 4973 sunt
3262 4919 3447 4975 animo

1879 5004 2139 5059 inimico?
2168 5021 2188 5056 ι
2208 5002 2265 5060 Si
2292 5019 2482 5061 omnes
2508 5004 2685 5059 all‘eeti
2705 5007 3052 5070 contumelia,
3077 5008 3323 5062 dextram
3350 5022 3443 5076 gr-

1877 5113 2001 5153 nam
2023 5104 2077 5153 et
2097 5097 2374 5155 sinistram
2396 5098 2681 5155 obvertere
2700 5100 2957 5156 debent"
2976 5120 2996 5153 ι
3024 5102 3232 5167 injuria:
3262 5102 3441 5163 illam.

1879 5189 1971 5244 ubi
2018 5198 2182 5244 erunt
2221 5190 2317 5260 qui
2350 5190 2563 5261 plagam
2608 5189 2890 5261 indigent?
2938 5188 3077 5245 Sunt
3131 5190 3441 5261 bujusmodi

1875 5281 2083 5338 inllnita
2117 5299 2131 5335 :
2158 5292 2212 5338 et
2237 5291 2298 5337 ut
2325 5296 2437 5338 uno
2463 5284 2628 5338 verbo
2664 5282 2947 5353 expediam
2993 5282 3199 5346 omnia,
3231 5282 3439 5336 nullum

1873 5372 2032 5441 plane
2054 5374 2159 5429 erit
2180 5372 2425 5428 divinum
2459 5373 2795 5437 mandatum,
2847 5372 2992 5427 nulla
3023 5370 3328 5426 exhortatio
3353 5372 3441 5425 in-

1341 5545 1383 5576 ⁷¹
1408 5543 1599 5600 Matth.
1631 5562 1781 5615 xvm,
1994 5550 2037 5582 ⁷³
2067 5546 2251 5605 Μυιιιι.
2289 5567 2338 5614 v,
2380 5548 2470 5604 Η.
2542 5548 2583 5579 ⁷⁸
2612 5546 2742 5602 Ibid.
2769 5547 2857 5604 39.

1508 5679 1737 5739 VARIJE
1771 5681 2175 5743 LECTIQNES.

181 5812 214 5840 ιι
251 5801 323 5859 Γ..
341 5801 412 5857 ΙΙ.
444 5806 642 5875 ἔλεγεν.
816 5819 875 5867 (λ.
916 5812 983 5867 Μ.
1015 5814 1114 5869 οὐκ
1136 5814 1305 5872 ἔστιν.
