4200 6444
789 411 894 478 623

1933 418 2193 478 ΡΗΟΤΙΙ
2224 419 2722 486 ΡΑΤΒΙΑΒΟΗᾸΞ
2759 429 2868 489 CP.

3909 438 4018 498 624

790 531 870 578 ter
926 521 1172 578 homines
1220 522 1580 585 observanda,
1633 538 1743 592 quo
1792 538 1899 577 non
1953 528 2214 594 pervadat
2243 532 2432 588 ltch

2384 532 2432 588 Δ
2461 538 2865 608 κατορθουμένῃ
2893 576 2910 602 ,
2960 539 3082 592 καθ’
3115 534 3182 612 ἦς
3213 540 3314 594 οὐκ
3357 540 3505 593 ἐστιν
3537 539 3667 593 ἰδεῖν
3697 542 3798 612 τὴν
3826 543 4018 612 ἄλογον

785 615 948 670 Stulta
997 621 1050 666 et
1083 628 1111 666 a
1143 613 1352 666 ratione
1378 612 1558 666 aliena
1589 612 1991 682 imprOperatio.

855 706 956 768 Qui
992 704 1137 756 enim
1169 704 1273 757 ista
1324 702 1517 756 dividit
1547 718 1578 756 a
1637 712 1828 757 mutuo
1866 703 2006 758 inter
2063 721 2124 760 se
2159 706 2350 761 habitu

787 812 850 850 ac
883 795 1246 862 cunnexione,
1292 810 1412 863 quae
1467 795 1522 848 in
1563 810 1921 864 personarum
1961 798 2158 866 copula
2197 815 2352 853 man-

786 888 974 942 datum
1011 887 1370 951 constituunt,
1427 895 1483 942 et
1522 886 1593 941 ita
1642 887 1758 940 vult
1798 888 2058 944 omnibus
2119 891 2349 958 pedibus

785 979 1086 1034 concedere
1119 980 1172 1031 in
1205 979 1431 1032 alteram
1476 988 1684 1047 partem
1730 978 2042 1041 divisionis,
2073 996 2195 1048 qua:
2229 991 2351 1050 post

785 1067 945 1122 talem
978 1068 1348 1136 operationem
1399 1065 1768 1132 constituitur,
1805 1067 1895 1122 ille
1932 1069 2080 1122 nullo
2134 1072 2351 1140 negotio

786 1159 852 1212 ad
881 1158 1207 1212 abolendum
1254 1158 1572 1212 mandatum
1606 1158 1659 1211 id
1691 1159 1840 1228 quod
1888 1159 2169 1214 residuum
2221 1161 2347 1226 erit,

786 1255 1049 1309 assumet,
1082 1248 1531 1316 consequentiam
1583 1247 1778 1301 falsam
1839 1248 2102 1303 eliciendo
2147 1257 2201 1304 et
2249 1250 2349 1304 ab—

785 1340 1009 1394 surdam
1043 1339 1182 1407 ejus,
1214 1355 1377 1408 quam
1422 1340 1883 1404 comminiscitur,
1935 1342 2344 1410 pr0positionis,

783 1431 1206 1499 qumstionisque
1233 1442 1339 1485 tam
1364 1431 1631 1487 fastuosaz.
1657 1448 1781 1486 eum
1802 1432 1975 1487 ironia
1994 1441 2048 1487 et
2072 1432 2349 1489 inflatione

782 1535 922 1574 vana
951 1519 1280 1587 conjunctae.
1317 1520 1372 1574 Si
1396 1536 1586 1577 omnes
1613 1524 1813 1577 etenim
1837 1525 2230 1592 operabuntur,
2254 1524 2346 1579 ubi

782 1608 906 1670 erit,
942 1608 996 1660 in
1031 1623 1190 1676 quem
1223 1607 1410 1661 tendat
1456 1609 1750 1679 operatio?
1797 1611 1878 1664 Ad
1924 1610 2070 1666 hunc
2120 1611 2345 1665 modum

780 1697 939 1752 facile
965 1699 1070 1752 erit
1117 1698 1373 1768 impetum
1407 1699 1586 1754 facere
1619 1701 1674 1755 in
1703 1716 1921 1756 omnem
1956 1700 2193 1771 Spiritus
2243 1704 2346 1757 do-

777 1791 1034 1854 ctrinam,
1066 1806 1160 1859 per
1214 1792 1280 1845 de
1321 1791 1445 1846 loco
1475 1794 1742 1862 superiori
1765 1794 2058 1849 violentam
2087 1797 2340 1849 incursa-

2451 627 2653 695 ταύτην
2688 630 2777 680 καὶ¹
2814 629 3003 700 μωρὰν
3037 632 3302 700 ἐπήρειαν
3327 631 3734 686 διαϐαίνουσαν.

2522 717 2634 785 Τῆς
2668 718 2775 787 γάρ
2803 719 3032 789 ἐχούσης
3054 719 3296 788 ἐντολῆς,
3323 720 3382 773 ὲν
3421 719 3654 787 συζυγίᾳ
3684 719 4018 790 προσώπων,

2450 807 2549 878 τὴν
2583 807 2836 879 ὓπαρξιν,
2877 812 2905 863 ό
2947 810 3237 879 διασχίζων
3286 811 3460 864 ταῦτα
3506 812 3607 880 τῆς
3633 812 3772 881 πρὸς
3813 814 4021 883 ἄλληλα

2455 901 2745 968 συναφείας
2770 901 2866 954 καὶ
2895 901 3150 971 σχέσεως,
3179 897 3297 954 εἶτα
3327 902 3536 964 πάντας
3562 902 3728 967 ἀξιῶν
3755 904 3838 966 είς
3865 904 4024 958 θατέ⁶

2452 1005 2552 1059 ραν
2604 990 2863 1044 συνωθεῖν
2919 993 3115 1061 μοῖραν
3171 989 3268 1044 τοῦ
3319 992 3639 1062 τμήματος,
3684 987 3797 1046 οἷον
3843 994 3904 1056 ἐξ
3949 990 4021 1066 ἦς

2450 1079 2812 1147 προϐάλλεται
2857 1080 2891 1150 ἡ
2936 1079 3220 1150 ἐνέργεια·
3274 1074 3428 1144 οὗτός
3469 1098 3534 1148 γε
3577 1081 3677 1151 τὴν
3725 1083 4020 1137 ὑπόλοιπον

2453 1171 2672 1234 πάντως
2729 1170 2970 1242 εὐχερῶς
3037 1174 3118 1234 εἰς
3187 1174 3577 1243 καταστροφὴν
3630 1174 3731 1244 τῆς
3795 1178 4020 1247 ἐντολῆς

2451 1261 2854 1332 παραλήψεται,
2877 1261 3065 1330 ψευδεῖ
3097 1263 3193 1314 καὶ
3218 1263 3407 1331 ἀτόπῳ
3430 1267 3497 1332 τῇ
3525 1267 3655 1336 παρ’
3678 1264 3846 1319 αὐτοῦ
3876 1284 4018 1336 συμο

2450 1351 2746 1423 πλασθείσῃ
2789 1351 2957 1414 θέσει,
3002 1351 3298 1405 ἀκόλουθον
3345 1352 3457 1423 ἔχω
3501 1353 3564 1407 τό
3598 1358 4019 1425 περαινόμενον,

2449 1444 2542 1496 καὶ
2583 1444 2901 1513 διερωτήσει
2934 1459 2995 1510 γε
3033 1441 3179 1511 μάλα
3210 1444 3420 1512 σεμνῶς
3448 1483 3464 1508 ,
3502 1447 3600 1498 σὺν
3629 1446 3887 1517 εἰρωνεία
3922 1449 4021 1500 καὶ

2446 1533 2677 1602 διακένῳ
2702 1534 2983 1604 φυσήματι
3005 1549 3018 1562 ·
3047 1534 3110 1586 Ei
3142 1531 3340 1596 πάντες
3374 1533 3754 1604 ἐνεργήσουσι,
3786 1537 3935 1598 τίνες
3955 1538 4019 1590 ὲν

2448 1618 2528 1685 οἷς
2559 1625 2591 1692 ἡ
2619 1623 2902 1692 ὲνέργεια;
2929 1623 3086 1676 Οὕτω
3115 1621 3403 1694 τοιγαροῦν
3435 1623 3623 1694 ῥᾳδίας
3649 1625 3815 1693 οὔσης
3852 1627 4016 1696 φέρε-

2449 1714 2572 1768 σθαι
2603 1715 2745 1767 κατὰ
2768 1714 2949 1784 πάσης
2975 1713 3161 1784 σχεδὸν
3195 1713 3295 1782 τῆς
3332 1713 3684 1777 διδασκαλίας
3708 1715 3806 1768 τοῦ
3843 1717 4015 1770 Πνεύ-

2451 1820 2638 1872 ματος,
2695 1803 2795 1872 τῆς
2846 1802 3056 1871 ὑψηλῆς
3123 1818 3218 1854 σου
3277 1801 3480 1871 ταύτης
3535 1803 3630 1855 καὶ
3679 1801 4014 1871 δραστηρίου

778 1881 1000 1946 tionem,
1067 1855 1207 1937 unde
1253 1884 1364 1946 fiet,
1435 1893 1495 1937 ut
1527 1884 1580 1938 in
1611 1883 1868 1954 pleraque
1900 1885 1945 1939 si
1983 1900 2092 1939 non
2125 1887 2179 1939 in
2220 1901 2340 1940 om-
2373 1855 2418 1916 Β

2373 1855 2418 1916 Β
2449 1855 2818 1964 καταδρομῖίς,
3077 1894 3172 1945 καὶ
3209 1892 3284 1962 μὴ
3308 1893 3404 1945 ἐπὶ
3426 1855 3640 1956 πασῶν,
3659 1855 3799 1946 ἀλλά
3817 1855 4018 1961 γειτῶν

775 1975 904 2039 nia,
941 1974 1032 2028 tali
1086 1974 1245 2028 modo
1277 1975 1380 2029 hoc
1418 1985 1571 2030 tuum
1623 1991 1850 2031 examen
1894 1977 2175 2032 incussisti
2207 1997 2220 2032 :
2247 1978 2343 2033 sed

778 2063 922 2117 intra
952 2064 1116 2118 unius
1138 2063 1377 2117 mandati
1397 2064 1792 2135 exceptionem,
1822 2081 1946 2135 quae
1972 2075 2064 2122 tua
2097 2068 2198 2121 fuit
2227 2067 2343 2137 pie-

777 2163 859 2208 tas
883 2164 939 2208 et
974 2155 1191 2210 devotio
1219 2156 1576 2212 conclusisti:
1629 2167 1778 2214 certe
1830 2159 1904 2212 ita
1963 2160 2135 2228 magis
2167 2159 2345 2213 admi-

776 2260 965 2300 ramur
993 2247 1214 2300 modum
1275 2255 1380 2301 tua:
1427 2249 1658 2303 actionis
1709 2257 1819 2303 tam
1859 2249 2072 2305 facilem
2122 2259 2178 2305 et
2215 2264 2338 2319 prov

776 2335 1024 2391 fundum.
1063 2336 1168 2392 Sed
1202 2347 1322 2391 erat
1362 2338 1478 2393 haze
1509 2354 1539 2393 a
1588 2339 1795 2394 malitia
1825 2349 1916 2395 tua
1966 2341 2150 2408 patius
2176 2356 2339 2410 quam

777 2427 1135 2496 imprudentia
1171 2428 1411 2497 profecta
1437 2430 1786 2486 machinatio.
1811 2430 2154 2501 lntelligebas
2171 2432 2340 2497 enim,

777 2519 822 2574 si
850 2520 1092 2575 eamdem
1129 2519 1494 2589 objectionem
1529 2522 1582 2575 in
1622 2522 1852 2590 quodvis
1905 2523 2152 2578 divinum
2183 2539 2342 2578 man-

776 2608 961 2662 datum
1011 2609 1313 2677 eiaculatus
1375 2624 1548 2674 esses,
1579 2610 1738 2666 facile
1796 2613 2039 2681 potuisse
2092 2613 2342 2668 animad-

776 2699 912 2753 verti
964 2699 1238 2768 inceptum
1276 2699 1406 2753 illud
1465 2711 1572 2754 tam
1624 2701 1916 2770 ineptum;
1965 2703 2142 2757 cuivis
2190 2704 2338 2757 enim

776 2799 920 2847 esset
946 2793 1316 2860 perspicuum,
1350 2791 1497 2861 quod
1541 2793 1722 2848 (omnia
1772 2793 1866 2847 Dei
1908 2795 2162 2849 mandata
2188 2810 2341 2850 eam-

777 2882 898 2934 dem
950 2881 1237 2936 arrodendi
1308 2882 1629 2938 exhiberent
1696 2885 2045 2940 occasionem
2111 2885 2338 2939 innova-

777 2975 963 3030 tionis.
1002 2973 1155 3041 Quod
1189 2976 1234 3030 si
1274 2976 1602 3031 calumniam
1660 2979 1712 3031 in
1756 2993 1865 3032 uno
1928 2979 2112 3048 aliquo
2146 2981 2338 3034 termi-

776 3074 952 3128 narct.
988 3067 1158 3120 multo
1212 3081 1272 3122 se
1334 3069 1528 3122 melius
1583 3069 1862 3123 latiturum
1904 3079 1956 3122 et
2006 3071 2338 3139 paratiorem

2448 1985 2736 2048 πλείστων,
2759 1985 2860 2038 οὐκ
2887 1982 3108 2052 ἀφῆκας
3138 1982 3236 2051 τὴν
3262 1981 3596 2052 τηλικαύτην
3628 1999 3725 2037 σου
3757 1983 4012 2052 βάσανονι

2449 2077 2547 2147 μιᾷ
2602 2076 2659 2129 δὲ
2706 2075 2844 2148 μόνῃ
2881 2074 2990 2128 τῶν
3025 2073 3275 2138 ἐντολῶν,
3335 2074 3439 2128 ὑπὸ
3485 2073 3690 2144 πολλῆς
3731 2075 4018 2138 εὐλαϐείας

2448 2165 2909 2234 συγκατέκλεισας
2930 2182 2945 2230 ;
2967 2163 3110 2219 οὕτω
3133 2164 3242 2234 γὰρ
3284 2165 3350 2220 ἄν
3382 2180 3476 2218 σου
3507 2163 3619 2216 τῶν
3643 2165 4016 2235 ἐπιχειρημά-

2443 2277 2552 2314 των
2588 2259 2650 2312 τὺ
2693 2258 2926 2327 εὔπορον
2961 2257 3057 2311 καλ⁵
3087 2255 3224 2326 βαθὺ
3276 2255 3476 2325 μᾶλλον
3521 2255 4011 2323 άπεθαυμάζομεν.

2457 2350 2597 2404 Ἀλλ’
2648 2346 2718 2420 ἢν
2768 2351 2861 2403 καὶ
2904 2347 3064 2401 τοῦτο
3111 2347 3447 2416 κακουργίας
3487 2346 3690 2417 μᾶλλον
3738 2347 3774 2417 ἢ
3830 2347 4017 2409 ἀνοίας

2444 2438 2822 2511 ἐπιτέχνασμα
2842 2454 2857 2470 °
2887 2439 3004 2510 ᾔδει
3044 2439 3176 2508 γάρ,
3211 2437 3329 2508 ᾔδει
3358 2437 3500 2491 κατά
3531 2437 3751 2491 πάντων
3781 2437 3884 2507 μὲν
3906 2437 4015 2490 τῶν

2443 2535 2790 2588 Δεσποτικῶν
2832 2533 3271 2603 προσταγμάτων
3308 2529 3407 2600 τὴν
3453 2529 3625 2600 αὐτὴν
3672 2531 4014 2601 κατάρῤησιν

2444 2625 2878 2697 προϐαλλόμενος
2900 2666 2915 2686 ,
2950 2621 3266 2690 εὐφώρατον
3310 2620 3454 2684 ἕξειν
3494 2620 3556 2674 τὸ
3605 2619 4012 2692 ῥᾳδιούργημα,

2446 2719 2542 2772 am
2571 2714 2875 2786 δυναμένου
2920 2715 3014 2767 καὶ
3049 2713 3144 2765 τοῦ
3190 2711 3442 2780 τυχόντος
3487 2712 3742 2781 συνορᾷν,
3788 2709 3864 2774 ὡς
3912 2711 4013 2763 οὐκ

2445 2809 2512 2862 ἂν
2535 2807 2676 2861 οὕτω
2704 2825 2768 2876 γε
2801 2805 2979 2858 πάντα
3008 2804 3076 2856 τὰ
3102 2803 3348 2872 σωτήρια
3397 2801 3838 2872 παραγγέλματα
3857 2839 3876 2865 ,
3916 2801 4013 2870 τὴν

2443 2901 2615 2970 αὐτὴν
2650 2901 2912 2969 παρεῖχεν
2951 2895 3149 2956 αἰτίαν,
3201 2894 3294 2948 τοῦ
3325 2894 3392 2947 δι’
3426 2893 3639 2947 ἑαυτῶν
3684 2892 4012 2964 περιτρέπεο

2444 2993 2606 3047 σθαιο
2653 2993 2746 3044 ἐπὶ
2793 2992 2924 3061 μιᾶς
2963 2989 3021 3042 δὲ
3072 2987 3268 3054 μᾶλλον
3295 2985 3490 3055 ἡλπισε
3523 2983 3729 3045 λαθεῖν,
3773 2984 3821 3035 εί
3856 2998 4012 3052 περι-

2441 3085 2642 3156 γράψοι
2664 3084 2726 3136 τὸ
2755 3081 3151 3149 συκοφάντημα
3168 3095 3183 3108 ο
3204 3079 3297 3130 καὶ
3325 3076 3388 3130 τὸ
3414 3076 3614 3128 οἰκεῖον
3642 3073 4011 3143 κακούργημα

777 3158 982 3211 aditum
1044 3158 1388 3213 inventurum
1452 3160 1728 3230 nequitiae,
1765 3177 1860 3230 per
1897 3177 2056 3230 quem
2112 3163 2410 3236 impete-(1

2366 3177 2410 3236 (Ξ
2445 3173 2797 3244 παρείσδυσιν
2826 3171 2969 3224 οὓτω
3013 3168 3175 3221 πλέον
3202 3167 3382 3236 εὑρεῖν
3414 3166 3495 3227 εἰς
3523 3163 3691 3233 ψόγον
3713 3163 3822 3217 τῶν
3851 3165 4008 3232 ἁμω-

779 3257 987 3312 rentur,
1021 3264 1144 3317 qum
1172 3249 1438 3302 vacabant
1463 3249 1638 3319 capita
1689 3253 1869 3319 culpa,
1902 3251 1975 3305 ita
2029 3251 2084 3305 in
2139 3252 2340 3322 quibus

777 3338 992 3393 latitare
1047 3338 1239 3402 voluit,
1307 3338 1421 3408 ipse
1475 3340 1628 3409 quasi
1682 3341 1734 3394 in
1787 3341 2121 3410 triumphum
2182 3343 2343 3397 duxit

778 3446 1004 3484 suorum
1033 3444 1350 3484 sermonum
1385 3429 1595 3485 futilem
1630 3432 2052 3501 improbitatem.

851 3522 954 3576 Sed
1001 3536 1097 3592 par
1146 3520 1390 3592 profecto
1432 3520 1553 3588 fuit,
1596 3531 1651 3577 ut
1684 3522 1750 3586 is,
1799 3523 1893 3592 qui
1960 3523 2340 3578 oblectabatur

777 3615 1084 3673 istiusmodi
1123 3615 1317 3683 ineptis
1347 3623 1398 3668 et
1425 3615 1626 3684 putidis
1647 3615 2099 3684 sophismatihus,
2119 3616 2345 3671 minime

778 3722 843 3759 ex
877 3706 1100 3760 adversa
1135 3704 1310 3760 fronte
1339 3707 1392 3759 in
1419 3707 1801 3762 contumeliam
1831 3722 2190 3776 personarum
2243 3709 2341 3763 de-

778 3799 1098 3864 scenderet;
1132 3798 1224 3853 sed
1244 3800 1433 3852 eadem
1469 3800 1668 3854 mentis
1712 3801 2013 3867 celeritate,
2053 3811 2107 3856 et
2160 3802 2344 3857 animo

779 3891 833 3944 in
865 3899 1045 3960 partes
1073 3891 1314 3945 versatili
1349 3892 1721 3946 addubitando
1761 3894 1967 3948 diceret
1997 3914 2010 3947 :
2051 3895 2096 3949 si
2150 3910 2343 3950 omnes

778 3981 899 4036 loco
947 3983 1272 4037 venditionis
1329 3985 1663 4052 emptionem
1737 3984 2043 4048 instituant,
2115 3986 2339 4055 quinam

777 4072 1472 4127 eruntvendentes?Nam
1531 4073 1659 4141 quid
1717 4074 1942 4128 interest
2013 4077 2153 4128 inter
2213 4091 2339 4130 eum

778 4164 871 4231 qui
928 4163 980 4216 iu
1033 4173 1240 4233 partem
1294 4164 1645 4217 vendentium
1708 4179 1900 4218 omnes
1939 4166 2253 4235 compingit,
2288 4175 2343 4221 et

777 4253 927 4306 illum
961 4256 1054 4320 qui
1103 4263 1375 4322 emptores
1414 4255 1658 4323 quaerit?
1696 4265 1789 4309 aut
1838 4270 1868 4309 e
1898 4266 2086 4310 contra
2130 4260 2182 4311 in
2222 4258 2341 4310 ιίιοί-

772 4347 949 4392 tantes
979 4338 1324 4404 referentem,
1354 4355 1447 4393 eos
1484 4342 1829 4412 investigare,
1869 4345 1961 4412 qui
2000 4347 2166 4398 velint
2214 4362 2342 4401 ven-

774 4430 937 4485 dere?
971 4429 1168 4485 Verum
1205 4433 1430 4486 missum
1491 4433 1596 4488 hoc
1630 4434 1916 4489 faciamus.
1967 4434 2148 4500 Quid?
2177 4453 2244 4491 an
2282 4449 2338 4494 tu

771 4525 854 4578 vis
882 4539 1072 4579 omnes
1103 4525 1356 4580 homines
1407 4526 1602 4590 bonos,
1641 4528 1898 4582 honestos
1930 4538 1985 4582 ct
2029 4529 2169 4601 frugi
2200 4533 2337 4598 fieri,

773 4627 873 4666 nec
924 4612 1168 4682 lapsibus
1203 4614 1522 4684 subjectos?
1549 4632 1616 4669 an
1667 4618 1771 4672 hoc
1803 4619 1896 4672 ιίὺι
1923 4621 2104 4688 potius
2146 4622 2342 4691 displi-

773 4704 904 4758 cet?
931 4704 1085 4770 Quod
1119 4707 1164 4760 si
1192 4721 1382 4762 omnes
1407 4720 1592 4764 essent
1621 4712 1800 4779 probi,
1821 4713 1962 4765 nulla
1995 4713 2131 4768 foret
2157 4716 2335 4786 legum

771 4798 1102 4862 necessitas,
1158 4800 1575 4869 legumlatorum
1634 4817 1786 4866 cura,
1841 4807 2100 4872 studium,
2151 4810 2336 4877 provi-

769 4886 980 4943 dentia:
1009 4899 1063 4944 et
1090 4900 1291 4956 tamen,
1325 4901 1384 4944 ut
1418 4893 1554 4947 tales
1583 4893 1791 4958 fierent,
1821 4896 1966 4966 leges
2001 4898 2075 4951 illi
2110 4900 2333 4967 provide

767 4983 1170 5036 condiderunt:
1205 4981 1420 5038 Iustitia
1452 5000 1520 5038 an
1555 5000 1659 5039 non
1695 4986 1749 5039 in
1771 4987 2137 5058 Tragelaphos
2158 5001 2337 5048 trans-

766 5073 886 5132 ibit,
922 5084 975 5127 et
1014 5073 1384 5144 Scindapsos?
1438 5077 1530 5131 ubi
1561 5079 1704 5132 enim
1737 5079 2084 5151 δικαιοσύνης
2125 5084 2171 5138 si
2226 5100 2333 5140 non

2449 3269 2631 3336 μήτων
2667 3256 3311 3332 ἀντιπεριενεχθήσεσοαι
3336 3272 3350 3286 °
3395 3255 3538 3308 ὥστε
3583 3255 3680 3307 καὶ
3707 3253 3777 3306 δι’
3800 3244 3878 3304 ὧν
3915 3251 4009 3305 λαο

2443 3359 2556 3412 θεῖν
2588 3354 2906 3425 ἐμελέτησε,
2955 3349 3017 3405 τὸ
3058 3346 3488 3419 φιλοκακουργδν
3530 3344 3625 3398 καὶ
3668 3343 3871 3414 σαθρὸν
3903 3342 4009 3395 τῶν

2442 3449 2616 3515 λόγων
2647 3444 2755 3497 τῶν
2783 3442 2944 3506 αὐτὸς
2972 3439 3139 3495 αὑτοῦ
3166 3438 3582 3508 ἐθριάμϐευσεν.

2526 3539 2721 3610 Ἐχρῆν
2763 3535 2821 3588 δὲ
2861 3532 3136 3595 τοιαύταις
3178 3531 3360 3594 αὐτὸν,
3415 3529 3754 3583 ἐκδεδωκότα
3785 3525 4007 3596 λέσχαις

2445 3632 2540 3686 καὶ
2585 3627 2942 3697 κακοσχόλοις
2969 3625 3270 3694 σοφίσμασι
3291 3663 3306 3688 ,
3337 3622 3473 3692 μηδὲ
3508 3621 3606 3690 τὴν
3634 3619 3724 3674 διά
3762 3620 3862 3688 τῆς
3895 3619 4010 3672 ἐτέ-

2447 3739 2547 3793 ρας
2599 3721 2790 3791 μοίρας
2845 3717 2952 3771 τῶν
3001 3715 3308 3786 προσώπων
3355 3713 3620 3784 ἐπήρειαν
3676 3710 3966 3782 παρελθεῖν
3992 3727 4006 3742 ο

2443 3814 2558 3866 ἀλλ’
2607 3812 2666 3876 ἐξ
2712 3809 2897 3878 ὁμοίου
2945 3806 3144 3876 τάχους
3189 3803 3448 3867 διανοίας,
3502 3803 3600 3856 καὶ
3644 3800 4009 3872 άγχιστρόφου

2445 3904 2784 3975 φρονήματος
2829 3900 3152 3967 ὲπαπορεῖν,
3198 3895 3290 3948 καὶ
3335 3894 3554 3962 λέγε.ν·
3591 3894 3656 3947 Εί
3700 3893 3758 3945 δί
3787 3892 4009 3954 πάντες,

2443 3995 2563 4048 ἀντὶ⁸
2587 3992 2681 4044 τοῦ
2712 3989 3064 4058 πιπράσκειν,
3115 3987 3320 4039 ἕλοιντο
3368 3983 3646 4046 ὠνεῖσθαι,
3681 3982 3827 4044 τίνες
3866 3981 3934 4035 ἂν
3961 3981 4010 4032 οί

2443 4082 2748 4144 πωλοῦντες
2793 4076 2936 4138 εἴεν;
2975 4078 3042 4130 Τί
3087 4077 3193 4146 γὰρ
3237 4075 3522 4145 διαφέρει,
3569 4074 3778 4136 πάντας
3803 4074 3884 4134 είς
3911 4071 4011 4142 τὴν

2441 4173 2551 4226 τῶν
2574 4169 2951 4241 άγοραζόντων
2983 4169 3174 4237 μοῖραν
3209 4165 3624 4229 συνελαύνοντα,
3648 4165 3774 4226 τοὺς
3802 4163 4009 4231 ὠνησο-

2445 4263 2639 4333 μένους
2688 4259 2989 4328 ὲπιςητεῖν,
3050 4257 3082 4326 ἢ
3138 4255 3443 4320 ἀνάπαλιν,
3507 4256 3587 4317 είς
3640 4251 4010 4324 ἀγοράζοντας

2442 4353 2811 4422 ἀναφέροντα,
2861 4350 2984 4411 τοὺς
3025 4347 3226 4400 πωλεῖν
3278 4346 3560 4404 ἐθέλοντας
3603 4345 4006 4415 διερευνᾶσθαι,

2445 4448 2539 4499 καὶ
2565 4441 3018 4514 περιεργάζεσθαι
3044 4457 3063 4518 ;.
3101 4439 3238 4492 ’Δλλ’
3268 4439 3448 4493 ἐάσοω
3474 4436 3653 4492 τοῦτο.
3699 4438 3766 4490 Τί
3809 4438 3865 4488 δὲ
3901 4436 4004 4502 uti;

2448 4535 2557 4607 ἄρα
2591 4534 2770 4605 βούλει
2802 4533 3007 4594 πάντας
3047 4529 3364 4599 ἀνθρώπους
3413 4529 3613 4592 καλοὺς
3643 4530 3737 4582 καλ⁵
3768 4527 4008 4596 ἀγαθοὺς

2400 4669 2402 4671 .
2447 4623 2607 4686 εἷναι,
2631 4625 2727 4676 καὶ
2752 4621 3105 4690 πταισμάτων
3139 4618 3454 4688 κρείττους;
3483 4618 3515 4687 ἢ
3544 4617 3850 4684 ἀπαρέσκει
3880 4633 4000 4681 σοις

2459 4716 2620 4777 Ἀλλ’,
2646 4716 2693 4766 εἰ
2725 4714 2925 4773 πάντες
2955 4711 3108 4763 καλοὶ
3133 4709 3226 4762 καὶ
3250 4707 3466 4776 ἀγαθοὶ,
3498 4708 3601 4761 ποῦ
3625 4710 3658 4779 ἠ
3689 4707 3804 4762 τῶν
3829 4709 4009 4778 νόμων

2446 4807 2602 4877 χρεία
2631 4823 2645 4869 ;
2680 4803 2782 4855 ποῦ
2811 4803 2868 4854 δὲ
2896 4801 3005 4854 τῶν
3031 4799 3335 4869 νομοθετῶν
3367 4802 3396 4851 ό
3426 4801 3606 4861 πόνος,
3655 4801 3749 4852 καὶ
3777 4801 3811 4868 η
3843 4815 4011 4851 σπου.

2442 4899 2531 4968 δὴ,
2560 4897 2651 4950 καὶ
2683 4898 2716 4966 ἡ
2744 4896 3004 4964 «privata;
3035 4893 3278 4962 καίτοιγε
3325 4892 3455 4944 αὐτὸ
3489 4890 3646 4944 τοῦτο
3676 4890 3875 4952 καλοὺς
3913 4890 4010 4942 καὶ

2436 4988 2676 5058 ἀγαθοὺς
2720 4983 2862 5040 εἶναι
2901 4987 3026 5048 τοὺς
3076 4983 3398 5054 ἀνθρώπους
3453 4981 3843 5053 προνοούμενοι
3878 4981 4006 5042 τοὺς

2436 5085 2634 5155 νόμους
2667 5080 2944 5133 ἐτίθεσανο
2986 5083 3018 5149 ἡ
3049 5076 3364 5144 δικαιοσύνη
3393 5075 3450 5127 δὲ
3477 5074 3563 5143 ἄρ’
3595 5075 3695 5126 οὐκ
3723 5077 3804 5136 εἰς
3830 5089 4004 5141 τραγ-

767 5165 836 5218 sit
860 5164 1008 5234 δίκη,
1036 5166 1124 5220 ubi
1190 5167 1333 5221 illa?
1375 5168 1423 5221 si
1473 5183 1634 5223 nemo
1681 5169 1938 5236 injuriam
1991 5172 2228 5229 inferat:
2287 5176 2332 5231 si

2433 5176 2666 5245 ελάφους
2737 5191 2819 5226 σοι
2888 5176 2983 5226 καὶ
3033 5169 3358 5237 σκινὸάψους
3415 5165 3835 5236 περιστήσεταις
3890 5159 4002 5215 Ποῦ

767 5255 965 5323 singuli
1002 5257 1054 5310 in
1093 5258 1287 5313 melius
1314 5259 1767 5326 immutabuntur,
1797 5278 1901 5316 una
1921 5278 2139 5334 quoque
2163 5266 2337 5324 abibit

764 5361 818 5402 et
847 5351 1252 5405 mansuetudo:
1299 5367 1423 5404 nam
1459 5353 1562 5406 nisi
1613 5353 1685 5407 sit
1743 5354 2024 5409 iracundia
2079 5372 2325 5423 movens,

767 5455 874 5493 non
928 5449 1012 5495 est
1067 5443 1468 5497 mansuetudo:
1509 5446 1599 5498 ubi
1639 5447 1743 5500 erit
1803 5447 1893 5502 ille
1949 5464 2180 5505 movens
2235 5453 2330 5521 qui

766 5531 1133 5589 irritabit?de
1164 5551 1270 5604 qua
1301 5551 1492 5602 causa,
1527 5553 1634 5592 non
1670 5540 1815 5594 enim
1841 5543 1887 5596 si
1941 5544 2066 5597 velit
2095 5544 2330 5600 maxime

765 5624 847 5678 vir
877 5625 1051 5682 bonus
1086 5628 1137 5682 in
1167 5629 1367 5685 bonum
1403 5630 1724 5696 irritabitur,
1767 5649 1871 5687 non
1907 5642 2086 5688 autem
2137 5637 2226 5691 ille
2257 5637 2331 5693 ita

768 5723 913 5786 velit,
948 5723 1028 5777 sic
1057 5737 1241 5776 secum
1279 5722 1409 5777 dum
1474 5724 1945 5794 improbissimum
1995 5730 2168 5784 isthoc
2197 5732 2328 5785 deli-

768 5821 1098 5880 ramentum,
1130 5812 1287 5881 culpa
1326 5829 1432 5868 non
1481 5826 1655 5881 vacat,
1693 5816 1780 5886 qui
1816 5824 2027 5872 tenetur
2070 5819 2328 5884 maxima,

2434 5268 2543 5339 γὰρ
2570 5265 2908 5335 δικαιοσύνη,
2944 5263 3101 5332 δίκης
3130 5263 3229 5315 οὐκ
3256 5259 3453 5329 οὔσης
3487 5256 3589 5310 ποῦ
3620 5258 3678 5309 δὲ
3709 5256 3854 5324 δίκη,
3895 5271 4002 5326 μηο

2439 5360 2587 5424 δενὸς
2632 5358 2980 5420 ἀδικοῦντοςς
3009 5353 3209 5408 ἀδικῶν
3250 5352 3307 5403 δὲ
3336 5350 3442 5414 τίς,
3477 5350 3694 5401 πάντων
3737 5349 3816 5409 είς
3843 5346 4005 5412 ἀμείο

2441 5471 2562 5515 νους
2614 5447 3107 5520 μεταταξαμένων;
3144 5444 3264 5512 οὐχ)⁸
3293 5442 3349 5494 δὲ
3377 5441 3474 5494 καὶ
3503 5442 3536 5509 ή
3581 5440 3823 5509 πραότης
3873 5452 4002 5490 συνε-

2439 5548 2750 5617 οιχήσεταις
2791 5542 2899 5594 τινὶ
2923 5540 3031 5609 γάρ
3074 5539 3266 5609 πρᾶος,
3313 5535 3411 5588 οὐκ
3437 5534 3590 5597 ὄντος
3611 5531 3705 5584 τοῦ
3739 5529 4004 5602 παροργι-

2443 5639 2662 5702 ζοντοςς
2697 5636 2798 5690 ποῦ
2824 5637 2880 5689 δὲ
2906 5639 2933 5689 ὁ
2965 5633 3319 5706 παροργίζων
3352 5636 3447 5687 καὶ
3469 5633 3588 5685 τίνα
3615 5649 3628 5693 ;
3667 5630 3760 5685 καὶ
3789 5631 3822 5700 ἡ
3853 5627 4002 5680 αίτία

2441 5731 2608 5794 ποίας
2658 5729 2850 5799 ἁγαθῷ
2881 5730 2989 5798 γάρ
3018 5728 3243 5796 ἀγαθὸς,
3276 5728 3373 5779 οὐκ
3423 5725 3568 5779 ἔστιν
3601 5725 3684 5792 ἐφ’
3729 5723 3856 5790 ὅτῳ,
3899 5721 4002 5773 κᾶν

2444 5820 2696 5891 βουληοῇ,
2729 5822 3110 5892 παροργίσειεν
3131 5839 3146 5854 ο
3181 5819 3340 5890 δῆλον
3367 5818 3423 5871 δὲ
3445 5856 3460 5884 ,
3490 5817 3562 5879 ὡς
3591 5815 3708 5869 οὐδὲ
3743 5812 4000 5885 βουλήσε-
