4200 6444
184 438 301 503 625

1227 446 1328 506 AD
1357 445 1953 508 AMPHILOCHIUM
1990 446 2340 518 ΟυίΕΞΤΙΟ
2368 445 2463 506 Cl.

3325 440 3435 507 626

182 568 274 604 ται
295 565 313 581 θ
346 548 544 605 οὐκοῦν
596 551 740 607 κατά
761 552 919 607 τοῦτὸ
941 570 1006 622 γε
1038 554 1102 608 τὸ
1132 558 1501 629 περιπόνηρόν
1536 576 1629 612 σου
1671 559 1763 629 λή-
1789 562 1833 621 Α

1789 562 1833 621 Α
1864 560 1956 628 qni
1984 560 2035 614 id
2072 560 2200 629 agit,
2243 568 2299 614 ut
2326 557 2576 613 homines
2615 557 2829 613 honesti
2853 565 2908 612 et
2939 556 3095 627 probi
3120 554 3270 610 flant.
3299 553 3426 610 llaec

186 656 341 710 ρημα
364 676 381 701 ,
415 640 617 710 πολλῆς
646 643 745 694 καὶ
792 642 1039 715 μεγάλης
1086 643 1268 716 ἔνοχος
1310 647 1491 711 αίτίας
1516 687 1531 713 ,
1572 650 1601 701 δ
1635 649 1761 711 τοὺς

184 728 507 801 ἀνθρώπους
555 734 755 797 καλοὺς
805 734 899 789 καὶ
949 735 1189 803 ἀγαθοὺς
1232 736 1561 807 βουλόμενος
1598 734 1756 793 εἶναι.

184 820 603 892 Κρατυνθείσης
633 823 744 893 γὰρ
771 824 872 894 τῆς
894 833 922 862 ι
951 825 1300 892 διδασκαλίας
1321 867 1337 892 ,
1373 829 1655 900 οίχήσεται
1692 831 1759 883 τά

183 913 455 981 κράτιστα
494 914 604 968 τῶν
637 917 1106 987 κατορθωμάτωνο
1144 919 1239 972 καὶ
1284 920 1437 973 αὐτοὶ
1484 922 1533 974 oi
1580 921 1755 991 νόμοι,

186 1004 419 1073 μάταιόν
448 1022 521 1069 τι,
572 1007 669 1059 καὶ
699 1008 952 1079 περιττὸς
986 1010 1142 1079 δχλος
1169 1010 1400 1066 ισονται.
1448 1011 1558 1065 Καὶ
1603 1012 1759 1066 οὔπω

182 1094 350 1162 λέ,ω,
383 1096 467 1149 ὅτι
495 1096 563 1150 δι’
608 1097 795 1164 αὐτοῦ,
825 1099 1031 1167 ἀγαθοῦ
1063 1101 1342 1171 ἀναίρεσις
1375 1102 1760 1174 καταπράττε-

179 1202 274 1238 ται
296 1203 311 1219 ’
341 1187 453 1240 οὐδ’
482 1189 563 1242 ὅτι
594 1190 627 1258 ή
660 1190 757 1243 τοῦ
802 1191 1024 1260 ἀρίστου
1073 1193 1285 1263 αἵρεσις
1327 1195 1610 1265 εἰσαγωγὴ
1649 1194 1759 1248 τῶν

182 1279 447 1347 χειρόνων
476 1279 873 1334 ἐπιδείκνυται’
906 1282 968 1336 ού
996 1282 1107 1353 γὰρ
1142 1283 1284 1350 σοφά
1320 1300 1414 1336 σου
1434 1325 1449 1349 ,
1482 1285 1576 1337 καὶ
1611 1285 1759 1338 πολι-

181 1368 344 1437 τικῆς
373 1367 608 1440 θεωρίας
639 1369 851 1441 ἔμπλεα
868 1373 940 1424 τά
962 1372 1349 1444 ἐνθυμήματα,
1368 1377 1396 1428 ὁ
1416 1376 1485 1427 τά
1508 1375 1760 1428 πολιτικά

181 1460 317 1528 ἡμῖν
346 1460 628 1527 ἐπισείων,
662 1462 757 1517 καὶ
802 1464 997 1531 λέγων,
1039 1464 1244 1536 ταύτης
1290 1466 1403 1535 ἔχει
1451 1483 1535 1532 τις
1582 1469 1757 1521 εἰπεῖν

183 1551 619 1622 πολιτικωτέραν
644 1554 747 1624 τῆς
776 1555 1030 1626 ἐντολῆςς
1077 1557 1282 1625 καίτοι,
1328 1558 1419 1612 τὸν
1470 1561 1570 1623 τὰς
1616 1561 1760 1614 Πλά-

178 1656 351 1705 τωνος
402 1643 679 1707 πολιτείας
740 1648 1026 1717 μονονουχὶ
1075 1648 1505 1719 προσκυνοῦντα,
1559 1651 1757 1721 μυρίας

185 1733 287 1802 μὲν
339 1733 619 1803 γεμούσας
667 1736 978 1805 ἀσελγείας,
1036 1740 1238 1810 μυρίας
1277 1740 1336 1793 δὲ
1381 1741 1517 1812 πρὸς
1557 1742 1757 1807 ἑαυτὰς

183 1825 388 1896 μάχης,
419 1828 514 1880 καὶ
538 1827 955 1897 πολεμιωτάτας
989 1831 1088 1901 μὲν
1120 1831 1271 1905 πάσῃ
1304 1831 1622 1906 ἀνθρωπίνῃ
1652 1852 1750 1887 πο-

178 1894 377 1989 λιτεία,
402 1918 466 1972 τὸ
494 1894 843 1993 ἀνύπαρκτον
872 1923 929 1977 δὲ
960 1894 1057 1978 καὶ
1085 1894 1334 1979 ἀνούσίον
1364 1894 1493 1999 παρ’
1515 1894 1635 1979 ὅλον
1655 1926 1747 1979 τὸν
1784 1894 1830 1955 Β

179 2010 356 2064 αἰῶνα
390 2012 845 2084 πολιτευομένας·
891 2016 983 2069 τὸν
1016 2017 1233 2080 ὲκείνας
1284 2020 1343 2070 έν
1386 2018 1577 2089 μνήμη
1614 2018 1755 2089 λαμ-

178 2099 434 2169 ϐάνοντα,
464 2105 559 2156 καὶ
587 2105 815 2170 ταύταις
841 2108 1321 2179 ἑνσεμνυνόμενον,
1341 2107 1429 2180 ἀρ’
1454 2111 1554 2164 οὐκ
1582 2110 1753 2181 ιχρῆν

174 2189 317 2251 ὅλως
344 2192 717 2262 αἰσχύνεσθαι,
767 2196 860 2249 καὶ
901 2198 1033 2251 αὐτὸ
1058 2199 1119 2252 τὸ
1143 2199 1244 2269 τῆς
1274 2200 1555 2263 πολιτείας
1579 2201 1751 2272 δνομα

174 2282 331 2346 ψιλὸν
351 2282 441 2336 διὰ
467 2285 695 2353 χειλέων
721 2288 1020 2356 προάγειν;
1055 2292 1122 2343 σὺ
1148 2292 1204 2345 δὲ
1230 2294 1324 2346 καὶ
1367 2294 1751 2365 ἐπειρωνεύειν

176 2374 311 2441 ἡμῖν
340 2375 547 2446 ταύτην
588 2376 960 2449 ὲθρασύνθηςο
995 2382 1089 2435 καὶ
1114 2383 1368 2437 τοσοῦτόν
1398 2400 1480 2436 σοι
1523 2384 1584 2437 τὸ
1622 2385 1752 2455 δρα-

176 2464 421 2534 στήριον,
447 2467 529 2519 ὅτι
554 2466 590 2519 ἃ
620 2470 718 2535 μὲν
748 2468 938 2539 ψέγειν
974 2472 1318 2538 σπουδάζεις,
1349 2477 1593 2541 ἐπαινεῖς
1625 2476 1751 2530 λαν-

176 2552 389 2607 θάνων·
438 2550 519 2619 οἷς
547 2558 603 2610 δέ
647 2558 740 2611 τδν
773 2559 993 2614 ἔπαινον
1035 2562 1224 2634 φέρειν
1248 2564 1491 2637 ἀγωνίζῃ
1513 2607 1529 2630 ,
1577 2566 1751 2621 ταῦτα

173 2645 361 2715 ψέγων
383 2648 483 2701 οὐκ
516 2650 775 2722 αἰσθάνῃ.
826 2653 968 2706 Ἀλλ’
998 2655 1072 2708 ἐῶ
1104 2655 1202 2725 μὲν
1222 2665 1248 2705 1
1273 2655 1433 2710 τοῦτο
1464 2656 1621 2722 τέως.

262 2739 551 2809 Ἐνόμισας
602 2742 660 2796 δὲ
718 2746 825 2815 ἀρα
873 2745 977 2798 ὑπὸ
1031 2746 1233 2816 πολλῆς
1268 2748 1459 2816 σοφίας
1499 2765 1612 2813 σου,
1673 2749 1749 2813 ὡς

175 2833 272 2885 καὶ
302 2833 715 2905 προηγούμενον
764 2831 876 2906 εἶχε
926 2838 1127 2891 σκοπὸν
1169 2840 1199 2892 ὁ
1244 2838 1433 2910 Σωτὴρ
1468 2841 1751 2911 πολιτικὴν

176 2924 512 2992 παραδοῦναι
547 2926 765 2996 τέχνην.
797 2929 920 2991 Πῶς
969 2926 1064 2984 οὖν
1109 2932 1209 2984 οὐκ
1256 2932 1459 2995 αἰτίαις
1512 2933 1745 3001 ὑπάγεις

175 3014 380 3083 (καίτοι
426 3016 837 3084 φιλαιτιώτατος
857 3018 953 3086 ῶν,
985 3021 1079 3074 καὶ
1101 3021 1281 3074 πνέων
1310 3022 1407 3092 τὴν
1438 3022 1639 3093 ὓϐριν),
1665 3024 1747 3076 ὅτι

178 3104 347 3173 μηδὲν
399 3106 528 3173 περὶ
569 3107 916 3177 στρατηγῶν,
960 3110 1095 3179 μηδέ
1146 3112 1545 3181 στρατοπέδων,
1611 3112 1746 3181 μηδέ

175 3196 529 3264 στρατιωτῶν
581 3196 815 3267 ὥρισενο
865 3199 974 3252 οὐδ’
1024 3202 1173 3263 ὅπως
1222 3202 1302 3255 δεῖ
1344 3202 1623 3271 πολεμίοις
1660 3204 1748 3257 διὰ

178 3287 361 3357 μάχης
411 3289 573 3355 ίέναι,
628 3291 737 3343 οὐδ’
769 3292 861 3344 ὅτε
903 3294 1261 3348 σπένδεσθαι·
1309 3296 1425 3348 ἀλλ’
1470 3297 1577 3349 οὐδ’
1620 3299 1745 3351 ὅσου

171 3380 284 3433 δέοι
303 3380 395 3433 τὸν
416 3382 562 3433 σῖτον
588 3381 621 3451 ἦ
650 3381 718 3435 τὰ
742 3382 876 3437 ἄλλα
900 3385 1343 3454 πιπράσκεσθαι·
1373 3388 1749 3459 ἀγορανόμους

171 3470 231 3524 δέ
261 3474 356 3525 καὶ
382 3471 641 3535 δικαστὰς
669 3472 764 3525 καὶ.
791 3474 1107 3542 νομοθέτας.
1128 3475 1302 3529 ὁποῖοί
1323 3493 1384 3529 τε
1416 3476 1630 3531 ἔσονται
1656 3482 1751 3533 καὶ

170 3561 309 3623 ὅσοι,
347 3565 409 3615 οὐ
447 3563 821 3633 δυσχεραίνεις
847 3565 928 3617 ὃτι
962 3565 1128 3635 μηδὲν
1174 3568 1547 3637 είσηγήσατος
1581 3570 1747 3640 τυφλὲ

172 3655 272 3707 καὶ
310 3654 479 3723 μωρὲ,
514 3655 658 3707 οὓτω
685 3654 852 3723 βαθὺν
917 3655 1082 3709 ὕπνον
1120 3656 1404 3722 ἐκάθευδες
1430 3658 1546 3729 (καὶ
1575 3663 1748 3715 ταῦτα

168 3745 273 3808 τάς
304 3745 505 3807 νύκτας
544 3746 749 3805 άῦπνος
786 3745 985 3807 τελῶν,
1032 3747 1125 3800 ἐπὶ
1154 3751 1221 3819 τῇ
1270 3751 1412 3803 κατά
1441 3751 1550 3805 τῶν
1589 3752 1748 3807 θείων

167 3836 373 3902 λογίων
402 3837 760 3908 ματαιοπονίᾳ
781 3839 822 3904 ),
857 3836 998 3891 ὥστε
1043 3839 1178 3909 μηδέ
1228 3842 1421 3896 τούτου
1453 3846 1748 3916 συναίσθη-

168 3946 259 3981 σιν
282 3928 569 3993 δέξασθαι,
622 3930 812 4001 ὅτιπερ
842 3932 868 3983 ὁ
899 3931 1088 4000 Σωτὴρ
1115 3932 1272 4001 ήμῶν
1302 3934 1397 3986 καὶ
1431 3934 1563 3998 Θεὸς
1583 3978 1597 3996 .
1638 3937 1746 3991 τῶν

169 4020 279 4089 μὲν
322 4020 613 4074 πολιτικῶν
656 4021 861 4085 τύπων,
915 4024 1009 4076 καὶ
1044 4024 1142 4093 τῆς
1181 4024 1310 4096 περὶ
1356 4025 1499 4079 αύτά
1542 4028 1748 4093 τάξεως

164 4110 273 4162 οὐκ
305 4110 427 4179 ἔσχε
461 4111 869 4181 προηγούμενον
890 4114 983 4166 τὸν
1012 4114 1236 4168 σκοπόν.
1276 4116 1429 4186 ’ῌδει
1460 4117 1591 4188 γὰρ,
1630 4118 1746 4189 ᾔδει

162 4202 299 4263 τοὺς
327 4200 647 4269 ἀνθρώπους
698 4203 890 4274 ἱκανὴν
920 4207 985 4274 τῇ
1018 4206 1186 4277 πείρᾳ
1216 4210 1571 4280 παρασκευὴν
1610 4211 1747 4278 πρὸς

162 4288 346 4344 ταῦτα
375 4290 559 4345 λαϐεῖν
577 4308 592 4324 ο
621 4294 718 4362 τῆς
762 4294 950 4364 χρείας
979 4298 1072 4349 καὶ
1102 4297 1200 4367 τῆς
1232 4298 1478 4365 ἀνάγκης
1506 4300 1605 4370 τὴν
1641 4301 1746 4370 μά-

164 4386 332 4455 θησιν
353 4386 534 4448 αὐτοῖς
562 4386 833 4456 ὁσημέραι
863 4387 1052 4458 ῥᾳδίαν
1086 4390 1490 4459 παρεχομένης,
1517 4393 1610 4445 καὶ
1635 4393 1745 4446 τῶν

161 4476 553 4548 προλαϐόντων
580 4477 650 4529 τὰ
703 4478 1019 4548 πταίσματα
1070 4480 1402 4551 ἀποχρῶσαν
1436 4486 1548 4545 τοῖς
1612 4485 1735 4537 ἐσο-

1864 652 2114 708 doctrina
2141 653 2186 707 si
2223 652 2489 717 obtineat,
2521 651 2781 722 przeclara
2815 650 3057 705 facinora
3095 656 3435 717 evanescunt

1861 743 2065 799 omnia.
2100 741 2273 811 Leges
2314 740 2445 813 ipsae
2503 751 2664 795 erunt
2698 740 2860 795 inane
2888 754 3109 805 nomen,
3139 747 3193 793 et
3238 753 3432 806 super-

1859 836 2002 890 fluus
2034 834 2298 889 tumultus
2344 831 2734 888 censebantur.
2766 828 2886 885 Non
2925 831 3056 885 dum
3106 829 3210 883 hoc
3240 841 3430 895 urgeo,

1859 928 2182 1000 probitatem
2240 926 2317 980 ita
2374 925 2513 988 tolli,
2568 939 2668 979 nec
2730 922 2875 992 quod
2926 919 3167 976 melioris
3234 917 3431 972 electio

1859 1021 2125 1093 pessimas
2151 1017 2568 1076 subintro‘ducat
2601 1013 3018 1083 consequentiae
3043 1028 3058 1065 :
3089 1026 3264 1081 neque
3279 1010 3425 1065 enim

1858 1113 2167 1185 prudentia,
2207 1118 2263 1165 et
2292 1109 2529 1181 politiore
2564 1105 3026 1163 considerationis
3053 1104 3210 1173 plena
3240 1102 3430 1172 enthy-

1865 1212 2093 1259 memata
2155 1200 2335 1256 adhuc
2384 1198 2543 1254 nobis
2600 1197 2905 1267 proclamat
2964 1194 3178 1266 (ecquis
3245 1201 3427 1247 autem

1867 1292 2036 1362 magis
2067 1290 2341 1361 politicam
2366 1288 2639 1342 rationem
2668 1284 2846 1352 inibit)
2876 1292 3155 1353 utcunque
3183 1281 3431 1336 Platonis

1860 1382 2255 1454 rempublicam
2289 1388 2499 1432 tantum
2524 1391 2636 1431 non
2659 1378 2869 1439 adoret,
2901 1374 2981 1441 (in
3009 1389 3113 1444 qua
3132 1380 3260 1428 sunt
3289 1372 3432 1427 mul-

1861 1477 2072 1547 tiplioes
2128 1473 2493 1544 impuritates,
2552 1467 2881 1538 multiplices
2921 1466 3063 1521 inter
3108 1480 3167 1521 se
3206 1474 3433 1520 contra-

1858 1568 2162 1629 dictiones,
2215 1572 2270 1618 et
2314 1562 2380 1616 ad
2430 1561 2737 1630 oppositum
2786 1556 3092 1613 constituta:
3122 1556 3432 1624 cuicunque

1859 1657 2170 1729 reipublicae
2212 1654 2466 1709 humanae
2503 1648 2957 1713 constitutiones,
2989 1661 3259 1717 nusquam
3283 1646 3430 1700 exsi-

1859 1762 2084 1815 stentes,
2115 1747 2311 1803 nullibi
2334 1746 2402 1801 ab
2442 1742 2593 1798 omni
2638 1756 2755 1797 aevo
2813 1748 3117 1809 usurpatae:
3163 1738 3283 1793 illas
3313 1752 3431 1793 me-

1860 1843 2032 1901 moria
2067 1840 2396 1896 recolentem
2426 1834 2691 1895 rationes,
2721 1837 2776 1887 et
2808 1830 3025 1885 easdem
3076 1828 3253 1899 magni
3288 1826 3431 1881 testi-

1863 1942 2129 1996 mantem,
2164 1928 2391 1986 omnino
2421 1925 2631 1997 pudore
2680 1920 2919 1978 suffundi
2939 1928 3173 1991 oportet,
3214 1918 3428 1987 quoties

1858 2024 1944 2079 vel
1975 2020 2181 2076 nudum
2221 2015 2536 2087 reipublicae
2569 2025 2768 2067 nomen
2798 2009 2957 2065 labiis
2991 2009 3295 2079 protulerit.
3329 2008 3426 2063 Ast

1862 2118 1955 2171 hic
1994 2123 2049 2169 tu
2082 2122 2135 2167 te
2164 2109 2374 2167 ironice
2399 2120 2590 2179 gerere
2626 2118 2795 2160 ausus
2820 2118 2880 2157 es
2904 2114 2959 2157 et
2983 2111 3186 2157 tantam
3222 2111 3425 2171 praetu-

1860 2206 1970 2263 listi
2010 2202 2260 2277 patrandi
2304 2200 2613 2263 audaciam,
2647 2206 2707 2252 ut
2755 2210 2877 2265 quae
2930 2195 3235 2265 vituperare
3273 2192 3425 2263 cogi-

1863 2310 1968 2362 tas,
1994 2296 2163 2352 tacite
2214 2294 2445 2349 laudes:
2487 2304 2612 2361 quae
2647 2288 2869 2343 laudare
2895 2286 2979 2341 vel
3018 2288 3252 2340 maxime
3278 2285 3425 2339 desi-

1862 2391 2046 2454 deras,
2086 2404 2147 2443 ea
2182 2386 2495 2455 vituperare
2525 2392 2577 2439 te
2603 2396 2711 2436 non
2732 2379 3114 2451 perscntiscas.
3140 2377 3246 2433 Sed
3269 2378 3424 2431 mitto

1863 2484 1917 2539 in
1935 2481 2189 2555 presenti
2213 2478 2381 2536 istud.

1948 2750 2230 2823 Opinaris,
2300 2763 2399 2818 pro
2456 2756 2546 2802 tua
2607 2758 2820 2801 summa
2871 2740 3174 2813 prudentia,
3226 2739 3424 2810 princi-

1861 2846 2038 2917 palem
2081 2844 2358 2899 Servatori
2406 2855 2631 2909 scopum
2677 2837 3013 2909 propositum
3042 2835 3226 2899 fuisse,
3255 2844 3425 2889 artem

1857 2940 2077 2993 tradere
2130 2934 2432 3004 politicam.
2487 2932 2554 2986 Et
2585 2945 2849 2999 quorsum
2882 2945 2987 2983 non
3049 2930 3282 2992 incusas,
3330 2926 3423 2995 qui

1856 3045 1923 3084 eo
1963 3028 2122 3082 facile
2154 3026 2463 3090 descendis,
2525 3022 2670 3093 quod
2722 3022 2790 3076 de
2857 3020 3144 3084 militibus,
3203 3020 3420 3084 castris,

1853 3118 2110 3179 ducibus,
2139 3117 2273 3171 nihil
2308 3116 2522 3179 statuit,
2571 3129 2677 3169 non
2710 3113 2895 3167 docuit
2928 3113 3199 3183 quomodo
3237 3114 3423 3167 hostes

1855 3211 1966 3265 sint
1991 3207 2315 3278 excipiendi,
2345 3206 2549 3262 foedera
2581 3205 2839 3267 ineunda,
2896 3204 3229 3259 frumentum
3278 3219 3381 3259 con

1854 3299 1994 3355 trahi
2039 3308 2093 3353 et
2147 3306 2483 3353 commeatus
2535 3296 2769 3366 possint.
2828 3294 2936 3351 Nec
2994 3295 3182 3363 iniquo
3238 3294 3422 3348 animo

1854 3391 1984 3454 fers,
2008 3391 2151 3461 quod
2186 3389 2322 3444 nihil
2354 3388 2596 3443 intulerit
2627 3389 2694 3442 de
2722 3386 2996 3441 venalium
3039 3401 3225 3441 rerum
3259 3402 3423 3441 cura-

1852 3480 2085 3542 toribus,
2141 3478 2439 3548 judieibus,
2507 3477 2977 3549 legumlatoribus.
3038 3475 3193 3530 Grece
3252 3484 3310 3531 tu
3370 3485 3426 3531 et

1852 3575 2039 3635 stulte,
2073 3572 2223 3626 itane
2272 3570 2549 3640 profundo
2584 3583 2783 3624 somno
2832 3568 3077 3637 sepultus
3136 3567 3361 3637 jacuisti
3396 3567 3420 3620 ἲ

1851 3665 1967 3735 (qui
2023 3674 2205 3718 tamen
2245 3672 2390 3718 totas
2452 3669 2646 3717 noctes
2714 3662 2998 3716 insomnes
3052 3658 3421 3720 transmeasti,

1850 3758 1977 3811 dum
2009 3755 2192 3824 inepta
2233 3754 2516 3809 meditaris
2573 3762 2627 3806 et
2666 3751 2969 3807 frustranea
3007 3750 3268 3805 adversus
3299 3765 3423 3803 ora-

1851 3848 1973 3903 cula
2007 3846 2121 3915 Dei)
2157 3857 2217 3901 ut
2271 3846 2478 3901 nullum
2509 3846 2669 3902 istius
2710 3862 2929 3901 sensum
2961 3846 3238 3908 habueris,
3267 3847 3413 3916 quod

1855 3938 1997 3994 Deus
2042 3948 2096 3993 ct
2131 3936 2394 3992 Servator
2456 3946 2647 3992 noster
2712 3938 2779 3993 de
2842 3936 3030 3991 formis
3068 3936 3307 4007 politicis
3360 3944 3415 3990 et

1851 4027 2180 4092 actionibus,
2210 4027 2411 4081 nullam
2445 4026 2802 4098 principalem
2829 4026 3017 4081 habuit
3058 4028 3417 4081 intentionem

1850 4117 2146 4172 statuendi.
2182 4116 2523 4186 lntelligebat
2574 4120 2717 4171 enim
2753 4117 3000 4171 homines
3059 4117 3191 4172 satis
3223 4116 3292 4171 ab
3322 4133 3422 4171 ex-

1850 4208 2111 4278 perientia
2156 4210 2451 4263 iustructos
2494 4209 2561 4261 ad
2616 4208 2742 4272 ista,
2768 4208 2965 4276 quibus
3011 4208 3309 4262 necessitas
3357 4218 3413 4262 et

1851 4317 2007 4367 usus,
2058 4299 2215 4355 facile
2241 4299 2309 4354 ad
2348 4313 2465 4353 eam
2499 4297 2704 4352 aditum
2735 4297 2979 4352 discendi
3014 4297 3247 4352 faciebat
3278 4313 3420 4366 quo»

1850 4390 2002 4453 tidie,
2032 4400 2086 4443 et
2125 4404 2157 4443 a
2182 4389 2608 4460 praecedentibus
2640 4388 2864 4442 admissi
2892 4402 3109 4441 errores
3160 4388 3215 4439 in
3265 4387 3423 4441 simi-

1854 4484 1996 4539 libus
2039 4482 2329 4537 actitandis
2358 4480 2666 4552 expeditam
2704 4478 3116 4548 suppcditarent
3148 4479 3408 4532 emenda-

165 4569 358 4639 μένοις
388 4571 479 4621 ἐπὶ
519 4568 628 4622 τῶν
661 4570 863 4639 ὁμοίων
910 4571 1253 4639 ἀντεισάγειν
1292 4572 1391 4642 *ιζ-,ν
1435 4574 1741 4644 διόρθωσιν.
1775 4583 1824 4642 D

1775 4583 1825 4642 ι)
1852 4578 2076 4631 tionem.
2107 4575 2260 4641 Quod
2313 4573 2360 4629 si
2390 4573 2665 4628 admissus
2717 4572 2845 4625 inibi
2875 4586 3033 4625 error
3084 4570 3269 4635 fuerit,
3342 4571 3407 4625 ad

161 4660 236 4713 Εῖ
267 4678 319 4711 τι
343 4658 401 4712 δὲ
432 4659 529 4712 καὶ
557 4659 763 4728 ταύτης
811 4661 1099 4731 ἡμάρτητο
1136 4664 1229 4715 καὶ
1260 4662 1353 4715 τοῦ
1385 4664 1483 4733 μὲν
1516 4664 1650 4733 πρὸς
1684 4665 1745 4717 τὸ

162 4749 229 4806 εὖ
260 4752 382 4821 έχον
406 4753 501 4805 καὶ
534 4753 869 4823 καθεστηκὸς
900 4754 1371 4826 ἐπανορθούμενος
1404 4755 1745 4825 μεταρύθμι-

163 4845 252 4909 ζει
271 4859 283 4871 ·
311 4846 693 4917 προηγουμένη
728 4846 784 4897 δέ
811 4845 888 4915 τῷ
917 4847 1129 4917 Σωτῆρι
1170 4848 1412 4917 φροντὶς,
1443 4849 1475 4917 ἡ
1499 4847 1604 4901 τῶν
1640 4847 1748 4917 ψυ-

160 4935 279 5005 χῶν
324 4935 548 5004 ύπείρχε
574 4944 595 4972 ι
648 4936 910 5006 σωτηρία,
951 4938 1045 4989 καὶ
1089 4938 1370 5007 εἰσαγωγὴ
1425 4937 1540 5007 βίου
1594 4938 1743 5005 φιλο⁹

163 5028 338 5094 σόφου
364 5028 459 5080 καὶ
490 5027 634 5096 ζωῆς
660 5027 995 5098 ὑψηλοτέρας
1021 5046 1034 5059 ·
1089 5029 1176 5082 διὰ
1201 5030 1408 5098 ταύτης
1437 5029 1544 5096 γὰρ
1572 5030 1606 5094 ἡ
1634 5028 1741 5079 τῶν

161 5118 363 5173 παθῶν
410 5118 710 5189 ἐλευθερία,
764 5122 860 5173 καὶ
907 5120 939 5189 ὴ
996 5119 1130 5189 πρὸς
1169 5120 1229 5172 τὸ
1274 5120 1490 5190 πρῶτον
1541 5119 1743 5186 ἀγαθὸν

160 5208 476 5278 ἐπιστροφὴ
510 5209 601 5261 καὶ
631 5210 925 5277 συνάφεια,
974 5209 1089 5262 ἁλλ’
1125 5210 1186 5263 ού
1223 5209 1505 5277 πολιτικῆς
1552 5210 1743 5277 διαγω-

160 5300 274 5369 γῆς
316 5300 350 5369 ἢ
399 5301 718 5370 σωματικῆς
759 5301 1105 5371 εὐδαιμονίας
1135 5302 1167 5370 ή
1197 5300 1485 5370 ἐπιμέλεια
1513 5301 1739 5354 κατεδέ-

160 5391 366 5460 6λητο⁶
396 5390 571 5464 ταύτῃ
609 5409 691 5471 ⁴ξοι
723 5394 816 5446 καὶ
859 5396 969 5457 τοῖς
1004 5393 1353 5464 φιλοσὰρκοις
1392 5394 1485 5446 καὶ
1511 5394 1740 5461 φιλοσω-

164 5480 365 5551 μάτοις
405 5483 440 5551 ἠ
488 5482 805 5552 Δεσποτικὴ*
835 5483 1176 5554 παραίνεσις,
1202 5483 1389 5555 ὥσπερ
1422 5484 1487 5554 δὴ
1528 5485 1622 5538 καὶ
1653 5484 1737 5538 σοὶ

157 5569 447 5635 δύσοιστός
478 5589 538 5625 τε
573 5576 667 5627 καὶ
695 5574 986 5646 δυσάρετος
1008 5593 1023 5607 ο
1073 5577 1242 5647 ἐχρῆν
1288 5575 1345 5629 δὲ
1391 5575 1498 5647 ἄρα
1524 5616 1539 5641 ,
1572 5577 1732 5647 εἴπερ

1852 4677 2053 4724 statum
2091 4666 2251 4722 facile
2306 4666 2628 4736 praeclarum
2675 4664 2962 4718 reducetur
2997 4679 3009 4715 :
3051 4677 3249 4732 scopua
3294 4664 3424 4716 Ser-

1850 4758 2023 4812 vatori
2058 4756 2353 4826 primarius
2388 4755 2511 4821 fuit,
2545 4756 2847 4809 animarum
2879 4753 3063 4807 salus:
3100 4753 3222 4806 vitae
3252 4754 3424 4807 subli-

1850 4852 2040 4905 mioris
2076 4848 2467 4919 philosophica:
2502 4847 2806 4901 institutio:
2850 4861 2944 4916 per
2992 4846 3152 4899 istam
3204 4844 3348 4898 enim
3389 4861 3419 4899 a

1849 4936 2197 5006 passionibus
2235 4936 2413 5004 quies,
2445 4936 2727 4989 conversio
2770 4934 2835 4987 ad
2884 4949 3160 4987 summum
3192 4934 3420 4998 bonum,

1849 5038 1905 5082 et
1933 5027 2247 5095 conjunctio
2277 5043 2402 5083 cum
2436 5027 2648 5092 eodem,
2685 5042 2833 5090 cura,
2877 5037 2931 5080 et
2989 5026 3227 5081 studium
3259 5027 3421 5081 doce-

1849 5119 2029 5182 batur,
2057 5134 2167 5174 non
2202 5119 2377 5173 civilis
2424 5118 2657 5187 alicujus
2690 5117 3142 5183 conversationis,
3175 5126 3269 5170 aut
3299 5116 3420 5171 fcli-

1847 5210 2030 5267 citatis
2063 5211 2387 5280 corporalis.
2437 5210 2727 5265 Enimvero
2760 5207 3068 5263 Servaloris
3097 5211 3271 5264 nostri
3312 5211 3415 5264 ista

1850 5304 2152 5356 admonitio
2202 5302 2267 5357 iis
2309 5303 2401 5372 qui
2436 5318 2654 5357 carnem
2703 5310 2756 5356 et
2790 5316 2993 5370 corpus
3033 5301 3288 5371 diligunt,
3332 5302 3408 5356 uti

1847 5410 1912 5448 ac
1956 5394 2053 5448 tibi
2087 5408 2196 5448 non
2247 5394 2441 5463 placet,
2488 5393 2584 5448 sed
2634 5393 2849 5448 videtur
2916 5393 3314 5448 intolerabilis:
3365 5392 3413 5447 si

1844 5499 1972 5553 ergo
2019 5484 2194 5538 inerat
2237 5484 2417 5553 aliqua
2480 5482 2640 5545 ratio,
2693 5481 2817 5537 licet
2869 5489 2982 5535 tota
3039 5481 3413 5551 sycophantiis

1844 5584 2099 5642 scaterct,
2153 5574 2443 5630 observare
2491 5575 2758 5630 debueras
2802 5574 3260 5644 consequentias,
3313 5587 3411 5629 nec

1434 5751 1672 5808 VARIIE
1704 5750 1995 5807 LECTION
2003 5752 2101 5807 ES.

280 5874 309 5905 ι
333 5860 422 5913 ῖσ.
460 5858 683 5930 ταὲτης.
707 5862 920 5920 Etenim
966 5866 1019 5921 in
1050 5868 1169 5923 cod.
1207 5866 1352 5924 Men.
1388 5867 1557 5924 dccst.

1671 5876 1693 5916 ξ
1729 5868 1791 5923 C.
1829 5867 1898 5923 Μ.
1936 5867 2265 5937 άλλἸὼμεν.

2350 5880 2366 5906 ’-
2405 5871 2464 5927 (Ζ.
2496 5870 2563 5927 Μ.
2593 5871 2822 5942 ὑπῆρχε.
