  <div class='ocr_page' id='page_1' title='image "/cluster/home/n/w/nwhite01/storage/ocr_20150623/101/nnc1.0046980164/337.png"; bbox 0 0 4200 6444; ppageno 0'>
   <div class='ocr_carea' id='block_1_1' title="bbox 779 401 889 474">
    <p class='ocr_par' dir='ltr' id='par_1_1' title="bbox 779 401 889 474">
     <span class='ocr_line' id='line_1_1' title="bbox 779 401 889 474; baseline 0 -4"><span class='ocrx_word' id='word_1_1' title='bbox 779 401 889 474; x_wconf 69' lang='lat'><strong>021</strong></span> 
     </span>
    </p>
   </div>
   <div class='ocr_carea' id='block_1_2' title="bbox 1935 405 2876 470">
    <p class='ocr_par' dir='ltr' id='par_1_2' title="bbox 1935 405 2876 470">
     <span class='ocr_line' id='line_1_2' title="bbox 1935 405 2876 470; baseline 0.002 -2"><span class='ocrx_word' id='word_1_2' title='bbox 1935 407 2194 468; x_wconf 77' lang='grc' dir='ltr'><strong>ΡΗσΠῙ</strong></span> <span class='ocrx_word' id='word_1_3' title='bbox 2227 405 2729 469; x_wconf 67' lang='grc' dir='ltr'><strong>ΡΑΤΒΙΑΒΟΗΕ</strong></span> <span class='ocrx_word' id='word_1_4' title='bbox 2764 410 2876 470; x_wconf 85' lang='lat' dir='ltr'><strong>CP.</strong></span> 
     </span>
    </p>
   </div>
   <div class='ocr_carea' id='block_1_3' title="bbox 782 516 2359 594">
    <p class='ocr_par' dir='ltr' id='par_1_3' title="bbox 782 516 2351 590">
     <span class='ocr_line' id='line_1_3' title="bbox 782 516 2351 590; baseline -0.002 -17"><span class='ocrx_word' id='word_1_5' title='bbox 782 534 881 590; x_wconf 87' lang='lat' dir='ltr'><strong>per</strong></span> <span class='ocrx_word' id='word_1_6' title='bbox 910 516 1144 573; x_wconf 81' lang='lat' dir='ltr'><strong>ironiam</strong></span> <span class='ocrx_word' id='word_1_7' title='bbox 1196 517 1462 581; x_wconf 86' lang='lat' dir='ltr'><strong>cavillari,</strong></span> <span class='ocrx_word' id='word_1_8' title='bbox 1509 518 1656 588; x_wconf 88' lang='lat' dir='ltr'><strong>quod</strong></span> <span class='ocrx_word' id='word_1_9' title='bbox 1714 517 1997 584; x_wconf 75' lang='lat' dir='ltr'><strong>politicam</strong></span> <span class='ocrx_word' id='word_1_10' title='bbox 2053 520 2130 572; x_wconf 92' lang='lat' dir='ltr'><strong>nil</strong></span> <span class='ocrx_word' id='word_1_11' title='bbox 2177 519 2351 588; x_wconf 83' lang='lat' dir='ltr'><strong>sapiat</strong></span> 
     </span>
    </p>
   </div>
   <div class='ocr_carea' id='block_1_4' title="bbox 2461 516 4028 594">
    <p class='ocr_par' dir='ltr' id='par_1_4' title="bbox 2461 520 4028 594">
     <span class='ocr_line' id='line_1_4' title="bbox 2461 520 4028 594; baseline -0.02 4"><span class='ocrx_word' id='word_1_12' title='bbox 2461 537 2536 584; x_wconf 64' lang='grc' dir='ltr'><strong>τις</strong></span> <span class='ocrx_word' id='word_1_13' title='bbox 2587 520 2656 594; x_wconf 69' lang='grc' dir='ltr'><strong>ἦν</strong></span> <span class='ocrx_word' id='word_1_14' title='bbox 2708 523 3004 593; x_wconf 62' lang='grc' dir='ltr'>λογισμὸς.</span> <span class='ocrx_word' id='word_1_15' title='bbox 3037 522 3142 576; x_wconf 68' lang='grc' dir='ltr'>κᾶν</span> <span class='ocrx_word' id='word_1_16' title='bbox 3183 521 3314 589; x_wconf 73' lang='grc' dir='ltr'>γοῦν</span> <span class='ocrx_word' id='word_1_17' title='bbox 3351 521 3412 572; x_wconf 70' lang='grc' dir='ltr'>ἐν</span> <span class='ocrx_word' id='word_1_18' title='bbox 3459 523 3580 582; x_wconf 77' lang='grc' dir='ltr'>ταῖς</span> <span class='ocrx_word' id='word_1_19' title='bbox 3641 521 4028 589; x_wconf 61' lang='grc' dir='ltr'>συκοφαντίαις</span> 
     </span>
    </p>
   </div>
   <div class='ocr_carea' id='block_1_5' title="bbox 783 606 2357 676">
    <p class='ocr_par' dir='ltr' id='par_1_5' title="bbox 783 606 2357 676">
     <span class='ocr_line' id='line_1_5' title="bbox 783 606 2357 676; baseline 0 -12"><span class='ocrx_word' id='word_1_20' title='bbox 783 609 989 664; x_wconf 75' lang='lat' dir='ltr'><strong>Christi</strong></span> <span class='ocrx_word' id='word_1_21' title='bbox 1039 621 1260 662; x_wconf 88' lang='lat' dir='ltr'><strong>sermo:</strong></span> <span class='ocrx_word' id='word_1_22' title='bbox 1293 606 1387 660; x_wconf 90' lang='lat' dir='ltr'><strong>sed</strong></span> <span class='ocrx_word' id='word_1_23' title='bbox 1430 608 1576 676; x_wconf 89' lang='lat' dir='ltr'><strong>quod</strong></span> <span class='ocrx_word' id='word_1_24' title='bbox 1609 608 1733 662; x_wconf 66' lang='lat' dir='ltr'><strong>vita</strong></span> <span class='ocrx_word' id='word_1_25' title='bbox 1775 607 1922 662; x_wconf 87' lang='lat' dir='ltr'><strong>illius</strong></span> <span class='ocrx_word' id='word_1_26' title='bbox 1953 617 2006 662; x_wconf 86' lang='lat' dir='ltr'><strong>et</strong></span> <span class='ocrx_word' id='word_1_27' title='bbox 2065 623 2357 664; x_wconf 86' lang='lat' dir='ltr'><strong>conversa-</strong></span> 
     </span>
    </p>
   </div>
   <div class='ocr_carea' id='block_1_6' title="bbox 784 696 2353 768">
    <p class='ocr_par' dir='ltr' id='par_1_6' title="bbox 784 696 2353 768">
     <span class='ocr_line' id='line_1_6' title="bbox 784 696 2353 768; baseline -0.001 -16"><span class='ocrx_word' id='word_1_28' title='bbox 784 700 952 754; x_wconf 89' lang='lat' dir='ltr'><strong>tionis</strong></span> <span class='ocrx_word' id='word_1_29' title='bbox 1004 697 1205 752; x_wconf 77' lang='lat' dir='ltr'><strong>fundus</strong></span> <span class='ocrx_word' id='word_1_30' title='bbox 1239 696 1681 768; x_wconf 69' lang='lat' dir='ltr'><strong>philosophiam</strong></span> <span class='ocrx_word' id='word_1_31' title='bbox 1727 698 1894 752; x_wconf 89' lang='lat' dir='ltr'><strong>vitam</strong></span> <span class='ocrx_word' id='word_1_32' title='bbox 1940 713 2052 754; x_wconf 83' lang='lat' dir='ltr'><strong>non</strong></span> <span class='ocrx_word' id='word_1_33' title='bbox 2101 700 2353 767; x_wconf 84' lang='lat' dir='ltr'><strong>attingat.</strong></span> 
     </span>
    </p>
   </div>
   <div class='ocr_carea' id='block_1_7' title="bbox 783 789 2358 861">
    <p class='ocr_par' dir='ltr' id='par_1_7' title="bbox 783 789 2358 861">
     <span class='ocr_line' id='line_1_7' title="bbox 783 789 2358 861; baseline 0.001 -17"><span class='ocrx_word' id='word_1_34' title='bbox 783 793 864 846; x_wconf 80' lang='lat' dir='ltr'><strong>Ac</strong></span> <span class='ocrx_word' id='word_1_35' title='bbox 888 801 969 853; x_wconf 83' lang='lat' dir='ltr'><strong>tu,</strong></span> <span class='ocrx_word' id='word_1_36' title='bbox 1020 791 1073 844; x_wconf 89' lang='lat' dir='ltr'><strong>in</strong></span> <span class='ocrx_word' id='word_1_37' title='bbox 1097 789 1302 860; x_wconf 80' lang='lat' dir='ltr'><strong>quibus</strong></span> <span class='ocrx_word' id='word_1_38' title='bbox 1335 790 1565 844; x_wconf 88' lang='lat' dir='ltr'><strong>minime</strong></span> <span class='ocrx_word' id='word_1_39' title='bbox 1598 791 1986 859; x_wconf 84' lang='lat' dir='ltr'><strong>vituperandus</strong></span> <span class='ocrx_word' id='word_1_40' title='bbox 2029 791 2150 861; x_wconf 85' lang='lat' dir='ltr'><strong>eius</strong></span> <span class='ocrx_word' id='word_1_41' title='bbox 2175 807 2358 846; x_wconf 87' lang='lat' dir='ltr'><strong>sermo</strong></span> 
     </span>
    </p>
   </div>
   <div class='ocr_carea' id='block_1_8' title="bbox 788 882 2354 952">
    <p class='ocr_par' dir='ltr' id='par_1_8' title="bbox 788 882 2354 952">
     <span class='ocr_line' id='line_1_8' title="bbox 788 882 2354 952; baseline -0.002 -14"><span class='ocrx_word' id='word_1_42' title='bbox 788 883 988 945; x_wconf 75' lang='lat' dir='ltr'><strong>fuerat,</strong></span> <span class='ocrx_word' id='word_1_43' title='bbox 1022 897 1254 938; x_wconf 80' lang='lat' dir='ltr'><strong>accusas</strong></span> <span class='ocrx_word' id='word_1_44' title='bbox 1289 892 1512 936; x_wconf 86' lang='lat' dir='ltr'><strong>tamen:</strong></span> <span class='ocrx_word' id='word_1_45' title='bbox 1566 882 1661 935; x_wconf 88' lang='lat' dir='ltr'><strong>tibi</strong></span> <span class='ocrx_word' id='word_1_46' title='bbox 1712 897 1951 952; x_wconf 78' lang='lat' dir='ltr'><strong>namque</strong></span> <span class='ocrx_word' id='word_1_47' title='bbox 2011 883 2354 952; x_wconf 85' lang='lat' dir='ltr'><strong>propositum</strong></span> 
     </span>
    </p>
   </div>
   <div class='ocr_carea' id='block_1_9' title="bbox 785 973 2360 1045">
    <p class='ocr_par' dir='ltr' id='par_1_9' title="bbox 785 973 2360 1045">
     <span class='ocr_line' id='line_1_9' title="bbox 785 973 2360 1045; baseline -0.001 -14"><span class='ocrx_word' id='word_1_48' title='bbox 785 977 893 1032; x_wconf 82' lang='lat' dir='ltr'><strong>fuit</strong></span> <span class='ocrx_word' id='word_1_49' title='bbox 941 976 1173 1044; x_wconf 80' lang='lat' dir='ltr'><strong>ineptias</strong></span> <span class='ocrx_word' id='word_1_50' title='bbox 1202 974 1439 1036; x_wconf 74' lang='lat' dir='ltr'><strong>elfutire,</strong></span> <span class='ocrx_word' id='word_1_51' title='bbox 1472 974 1622 1026; x_wconf 87' lang='lat' dir='ltr'><strong>nulla</strong></span> <span class='ocrx_word' id='word_1_52' title='bbox 1662 973 1806 1028; x_wconf 91' lang='lat' dir='ltr'><strong>illius</strong></span> <span class='ocrx_word' id='word_1_53' title='bbox 1855 975 2052 1045; x_wconf 74' lang='lat' dir='ltr'><strong>injecta</strong></span> <span class='ocrx_word' id='word_1_54' title='bbox 2085 979 2360 1030; x_wconf 74' lang='lat' dir='ltr'><strong>mentione</strong></span> 
     </span>
    </p>
   </div>
   <div class='ocr_carea' id='block_1_10' title="bbox 782 1065 2355 1138">
    <p class='ocr_par' dir='ltr' id='par_1_10' title="bbox 782 1065 2355 1138">
     <span class='ocr_line' id='line_1_10' title="bbox 782 1065 2355 1138; baseline -0.003 -14"><span class='ocrx_word' id='word_1_55' title='bbox 782 1069 930 1138; x_wconf 86' lang='lat' dir='ltr'><strong>quod</strong></span> <span class='ocrx_word' id='word_1_56' title='bbox 979 1066 1277 1122; x_wconf 81' lang='lat' dir='ltr'><strong>concedere</strong></span> <span class='ocrx_word' id='word_1_57' title='bbox 1325 1065 1380 1119; x_wconf 91' lang='lat' dir='ltr'><strong>in</strong></span> <span class='ocrx_word' id='word_1_58' title='bbox 1428 1065 1759 1134; x_wconf 84' lang='lat' dir='ltr'><strong>vituperium</strong></span> <span class='ocrx_word' id='word_1_59' title='bbox 1812 1067 2071 1134; x_wconf 71' lang='lat' dir='ltr'><strong>praecepti</strong></span> <span class='ocrx_word' id='word_1_60' title='bbox 2124 1075 2355 1134; x_wconf 80' lang='lat' dir='ltr'><strong>poterat.</strong></span> 
     </span>
    </p>
   </div>
   <div class='ocr_carea' id='block_1_11' title="bbox 785 1156 2357 1227">
    <p class='ocr_par' dir='ltr' id='par_1_11' title="bbox 785 1156 2357 1227">
     <span class='ocr_line' id='line_1_11' title="bbox 785 1156 2357 1227; baseline -0.001 -13"><span class='ocrx_word' id='word_1_61' title='bbox 785 1159 864 1214; x_wconf 92' lang='lat' dir='ltr'><strong>Ita</strong></span> <span class='ocrx_word' id='word_1_62' title='bbox 897 1158 1190 1212; x_wconf 75' lang='lat' dir='ltr'><strong>invalidam</strong></span> <span class='ocrx_word' id='word_1_63' title='bbox 1221 1167 1274 1210; x_wconf 91' lang='lat' dir='ltr'><strong>et</strong></span> <span class='ocrx_word' id='word_1_64' title='bbox 1331 1156 1562 1210; x_wconf 75' lang='lat' dir='ltr'><strong>ﬂuidam</strong></span> <span class='ocrx_word' id='word_1_65' title='bbox 1596 1157 1866 1227; x_wconf 82' lang='lat' dir='ltr'><strong>protulisti</strong></span> <span class='ocrx_word' id='word_1_66' title='bbox 1910 1159 2200 1221; x_wconf 87' lang='lat' dir='ltr'><strong>rationem,</strong></span> <span class='ocrx_word' id='word_1_67' title='bbox 2235 1174 2357 1226; x_wconf 71' lang='lat' dir='ltr'><strong>qua:</strong></span> 
     </span>
    </p>
   </div>
   <div class='ocr_carea' id='block_1_12' title="bbox 784 1246 2358 1303">
    <p class='ocr_par' dir='ltr' id='par_1_12' title="bbox 784 1246 2358 1303">
     <span class='ocr_line' id='line_1_12' title="bbox 784 1246 2358 1303; baseline -0.001 -1"><span class='ocrx_word' id='word_1_68' title='bbox 784 1257 1024 1303; x_wconf 68' lang='lat' dir='ltr'><strong>mentem</strong></span> <span class='ocrx_word' id='word_1_69' title='bbox 1051 1248 1147 1302; x_wconf 85' lang='lat' dir='ltr'><strong>tibi</strong></span> <span class='ocrx_word' id='word_1_70' title='bbox 1178 1246 1554 1300; x_wconf 89' lang='lat' dir='ltr'><strong>calumniandi</strong></span> <span class='ocrx_word' id='word_1_71' title='bbox 1602 1247 1815 1300; x_wconf 87' lang='lat' dir='ltr'><strong>avidam</strong></span> <span class='ocrx_word' id='word_1_72' title='bbox 1855 1247 2233 1302; x_wconf 80' lang='lat' dir='ltr'><strong>malefaciendi</strong></span> <span class='ocrx_word' id='word_1_73' title='bbox 2261 1264 2358 1301; x_wconf 88' lang='lat' dir='ltr'><strong>cu-</strong></span> 
     </span>
    </p>
   </div>
   <div class='ocr_carea' id='block_1_13' title="bbox 785 1337 2358 1408">
    <p class='ocr_par' dir='ltr' id='par_1_13' title="bbox 785 1337 2358 1408">
     <span class='ocr_line' id='line_1_13' title="bbox 785 1337 2358 1408; baseline 0.001 -18"><span class='ocrx_word' id='word_1_74' title='bbox 785 1339 966 1408; x_wconf 90' lang='lat' dir='ltr'><strong>pidam</strong></span> <span class='ocrx_word' id='word_1_75' title='bbox 994 1347 1047 1392; x_wconf 88' lang='lat' dir='ltr'><strong>et</strong></span> <span class='ocrx_word' id='word_1_76' title='bbox 1076 1337 1344 1404; x_wconf 86' lang='lat' dir='ltr'><strong>putridam</strong></span> <span class='ocrx_word' id='word_1_77' title='bbox 1375 1337 1621 1392; x_wconf 79' lang='lat' dir='ltr'><strong>declaras</strong></span> <span class='ocrx_word' id='word_1_78' title='bbox 1650 1355 1663 1390; x_wconf 93' lang='lat'>:</span> <span class='ocrx_word' id='word_1_79' title='bbox 1712 1346 1767 1392; x_wconf 85' lang='lat' dir='ltr'><strong>et</strong></span> <span class='ocrx_word' id='word_1_80' title='bbox 1800 1345 1859 1390; x_wconf 93' lang='lat' dir='ltr'><strong>ut</strong></span> <span class='ocrx_word' id='word_1_81' title='bbox 1909 1353 2016 1390; x_wconf 90' lang='lat' dir='ltr'><strong>non</strong></span> <span class='ocrx_word' id='word_1_82' title='bbox 2056 1348 2249 1408; x_wconf 78' lang='lat' dir='ltr'><strong>sponte</strong></span> <span class='ocrx_word' id='word_1_83' title='bbox 2279 1350 2358 1392; x_wconf 80' lang='lat' dir='ltr'><strong>Ia-</strong></span> 
     </span>
    </p>
   </div>
   <div class='ocr_carea' id='block_1_14' title="bbox 785 1427 2358 1498">
    <p class='ocr_par' dir='ltr' id='par_1_14' title="bbox 785 1427 2358 1498">
     <span class='ocr_line' id='line_1_14' title="bbox 785 1427 2358 1498; baseline 0.003 -17"><span class='ocrx_word' id='word_1_84' title='bbox 785 1443 911 1482; x_wconf 89' lang='lat' dir='ltr'><strong>men</strong></span> <span class='ocrx_word' id='word_1_85' title='bbox 942 1427 1283 1490; x_wconf 81' lang='lat' dir='ltr'><strong>mandatum,</strong></span> <span class='ocrx_word' id='word_1_86' title='bbox 1302 1428 1443 1481; x_wconf 92' lang='lat' dir='ltr'><strong>ultra</strong></span> <span class='ocrx_word' id='word_1_87' title='bbox 1461 1443 1678 1482; x_wconf 83' lang='lat' dir='ltr'><strong>omnem</strong></span> <span class='ocrx_word' id='word_1_88' title='bbox 1703 1428 1955 1498; x_wconf 87' lang='lat' dir='ltr'><strong>vituperii</strong></span> <span class='ocrx_word' id='word_1_89' title='bbox 1986 1440 2041 1484; x_wconf 90' lang='lat' dir='ltr'><strong>et</strong></span> <span class='ocrx_word' id='word_1_90' title='bbox 2069 1430 2358 1485; x_wconf 77' lang='lat' dir='ltr'><strong>calumniae</strong></span> 
     </span>
    </p>
   </div>
   <div class='ocr_carea' id='block_1_15' title="bbox 783 1515 2354 1589">
    <p class='ocr_par' dir='ltr' id='par_1_15' title="bbox 783 1515 2354 1589">
     <span class='ocr_line' id='line_1_15' title="bbox 783 1515 2354 1589; baseline 0.001 -19"><span class='ocrx_word' id='word_1_91' title='bbox 783 1518 960 1570; x_wconf 86' lang='lat' dir='ltr'><strong>aleam</strong></span> <span class='ocrx_word' id='word_1_92' title='bbox 1013 1519 1271 1586; x_wconf 84' lang='lat' dir='ltr'><strong>positum.</strong></span> <span class='ocrx_word' id='word_1_93' title='bbox 1305 1515 1519 1572; x_wconf 81' lang='lat' dir='ltr'><strong>Videsis</strong></span> <span class='ocrx_word' id='word_1_94' title='bbox 1551 1518 1801 1580; x_wconf 88' lang='lat' dir='ltr'><strong>ulterius,</strong></span> <span class='ocrx_word' id='word_1_95' title='bbox 1852 1519 2088 1587; x_wconf 75' lang='lat' dir='ltr'><strong>qualiter</strong></span> <span class='ocrx_word' id='word_1_96' title='bbox 2141 1520 2230 1573; x_wconf 86' lang='lat' dir='ltr'><strong>ille</strong></span> <span class='ocrx_word' id='word_1_97' title='bbox 2261 1521 2354 1589; x_wconf 88' lang='lat' dir='ltr'><strong>qui</strong></span> 
     </span>
    </p>
   </div>
   <div class='ocr_carea' id='block_1_16' title="bbox 785 1608 2357 1678">
    <p class='ocr_par' dir='ltr' id='par_1_16' title="bbox 785 1608 2357 1678">
     <span class='ocr_line' id='line_1_16' title="bbox 785 1608 2357 1678; baseline 0.002 -16"><span class='ocrx_word' id='word_1_98' title='bbox 785 1609 891 1663; x_wconf 91' lang='lat' dir='ltr'><strong>sibi</strong></span> <span class='ocrx_word' id='word_1_99' title='bbox 933 1608 1274 1676; x_wconf 65' lang='lat' dir='ltr'><strong>impossibile</strong></span> <span class='ocrx_word' id='word_1_100' title='bbox 1315 1619 1681 1678; x_wconf 84' lang='lat' dir='ltr'><strong>proposuerat</strong></span> <span class='ocrx_word' id='word_1_101' title='bbox 1708 1608 1866 1663; x_wconf 85' lang='lat' dir='ltr'><strong>aliter</strong></span> <span class='ocrx_word' id='word_1_102' title='bbox 1909 1609 2125 1665; x_wconf 78' lang='lat' dir='ltr'><strong>videtur</strong></span> <span class='ocrx_word' id='word_1_103' title='bbox 2160 1626 2357 1665; x_wconf 80' lang='lat' dir='ltr'><strong>conse-</strong></span> 
     </span>
    </p>
   </div>
   <div class='ocr_carea' id='block_1_17' title="bbox 783 1695 2358 1764">
    <p class='ocr_par' dir='ltr' id='par_1_17' title="bbox 783 1695 2358 1764">
     <span class='ocr_line' id='line_1_17' title="bbox 783 1695 2358 1764; baseline 0.003 -16"><span class='ocrx_word' id='word_1_104' title='bbox 783 1709 958 1764; x_wconf 88' lang='lat' dir='ltr'><strong>quens</strong></span> <span class='ocrx_word' id='word_1_105' title='bbox 995 1695 1292 1749; x_wconf 85' lang='lat' dir='ltr'><strong>absurdqu</strong></span> <span class='ocrx_word' id='word_1_106' title='bbox 1345 1695 1566 1751; x_wconf 82' lang='lat' dir='ltr'><strong>inferre.</strong></span> <span class='ocrx_word' id='word_1_107' title='bbox 1603 1695 1739 1750; x_wconf 72' lang='lat' dir='ltr'><strong>Nam</strong></span> <span class='ocrx_word' id='word_1_108' title='bbox 1763 1712 1886 1750; x_wconf 90' lang='lat' dir='ltr'><strong>cum</strong></span> <span class='ocrx_word' id='word_1_109' title='bbox 1906 1698 2141 1763; x_wconf 78' lang='lat' dir='ltr'><strong>dixerat,</strong></span> <span class='ocrx_word' id='word_1_110' title='bbox 2173 1700 2218 1753; x_wconf 93' lang='lat' dir='ltr'><strong>si</strong></span> <span class='ocrx_word' id='word_1_111' title='bbox 2241 1715 2358 1753; x_wconf 87' lang='lat' dir='ltr'><strong>om-</strong></span> 
     </span>
    </p>
   </div>
   <div class='ocr_carea' id='block_1_18' title="bbox 783 1787 2355 1860">
    <p class='ocr_par' dir='ltr' id='par_1_18' title="bbox 783 1787 2355 1860">
     <span class='ocr_line' id='line_1_18' title="bbox 783 1787 2355 1860; baseline 0.003 -20"><span class='ocrx_word' id='word_1_112' title='bbox 783 1802 882 1842; x_wconf 87' lang='lat' dir='ltr'><strong>nes</strong></span> <span class='ocrx_word' id='word_1_113' title='bbox 910 1787 1169 1851; x_wconf 75' lang='lat' dir='ltr'><strong>vendant,</strong></span> <span class='ocrx_word' id='word_1_114' title='bbox 1202 1789 1326 1856; x_wconf 90' lang='lat' dir='ltr'><strong>quis</strong></span> <span class='ocrx_word' id='word_1_115' title='bbox 1357 1788 1732 1857; x_wconf 90' lang='lat' dir='ltr'><strong>eritemptor;</strong></span> <span class='ocrx_word' id='word_1_116' title='bbox 1769 1803 1864 1858; x_wconf 94' lang='lat' dir='ltr'><strong>per</strong></span> <span class='ocrx_word' id='word_1_117' title='bbox 1893 1790 2069 1845; x_wconf 78' lang='lat' dir='ltr'><strong>thesin</strong></span> <span class='ocrx_word' id='word_1_118' title='bbox 2101 1791 2355 1860; x_wconf 81' lang='lat' dir='ltr'><strong>impossi-</strong></span> 
     </span>
    </p>
   </div>
   <div class='ocr_carea' id='block_1_19' title="bbox 782 1875 2352 1952">
    <p class='ocr_par' dir='ltr' id='par_1_19' title="bbox 782 1875 2352 1952">
     <span class='ocr_line' id='line_1_19' title="bbox 782 1875 2352 1952; baseline 0.004 -22"><span class='ocrx_word' id='word_1_119' title='bbox 782 1875 946 1931; x_wconf 88' lang='lat' dir='ltr'><strong>bilem</strong></span> <span class='ocrx_word' id='word_1_120' title='bbox 987 1879 1282 1932; x_wconf 89' lang='lat' dir='ltr'><strong>absurdum</strong></span> <span class='ocrx_word' id='word_1_121' title='bbox 1311 1879 1456 1949; x_wconf 90' lang='lat' dir='ltr'><strong>quod</strong></span> <span class='ocrx_word' id='word_1_122' title='bbox 1482 1890 1569 1934; x_wconf 88' lang='lat' dir='ltr'><strong>est</strong></span> <span class='ocrx_word' id='word_1_123' title='bbox 1607 1880 1773 1935; x_wconf 80' lang='lat' dir='ltr'><strong>inl’ert</strong></span> <span class='ocrx_word' id='word_1_124' title='bbox 1821 1900 1834 1935; x_wconf 95' lang='lat'>:</span> <span class='ocrx_word' id='word_1_125' title='bbox 1876 1883 2132 1952; x_wconf 89' lang='lat' dir='ltr'><strong>opinatur</strong></span> <span class='ocrx_word' id='word_1_126' title='bbox 2170 1895 2352 1938; x_wconf 85' lang='lat' dir='ltr'><strong>autem</strong></span> 
     </span>
    </p>
   </div>
   <div class='ocr_carea' id='block_1_20' title="bbox 781 1969 2353 2043">
    <p class='ocr_par' dir='ltr' id='par_1_20' title="bbox 781 1969 2353 2043">
     <span class='ocr_line' id='line_1_20' title="bbox 781 1969 2353 2043; baseline 0.006 -23"><span class='ocrx_word' id='word_1_127' title='bbox 781 1982 893 2021; x_wconf 89' lang='lat' dir='ltr'><strong>non</strong></span> <span class='ocrx_word' id='word_1_128' title='bbox 921 1969 1162 2038; x_wconf 81' lang='lat' dir='ltr'><strong>ejusdem</strong></span> <span class='ocrx_word' id='word_1_129' title='bbox 1193 1984 1314 2024; x_wconf 72' lang='lat' dir='ltr'><strong>esse</strong></span> <span class='ocrx_word' id='word_1_130' title='bbox 1362 1971 1629 2033; x_wconf 68' lang='lat' dir='ltr'><strong>stultitiae,</strong></span> <span class='ocrx_word' id='word_1_131' title='bbox 1669 1972 1877 2026; x_wconf 89' lang='lat' dir='ltr'><strong>crimen</strong></span> <span class='ocrx_word' id='word_1_132' title='bbox 1925 1974 2219 2029; x_wconf 88' lang='lat' dir='ltr'><strong>calumniis</strong></span> <span class='ocrx_word' id='word_1_133' title='bbox 2261 1991 2353 2043; x_wconf 86' lang='lat' dir='ltr'><strong>pe-</strong></span> 
     </span>
    </p>
   </div>
   <div class='ocr_carea' id='block_1_21' title="bbox 783 2061 2355 2132">
    <p class='ocr_par' dir='ltr' id='par_1_21' title="bbox 783 2061 2355 2132">
     <span class='ocr_line' id='line_1_21' title="bbox 783 2061 2355 2132; baseline 0.006 -19"><span class='ocrx_word' id='word_1_134' title='bbox 783 2061 943 2114; x_wconf 86' lang='lat' dir='ltr'><strong>titum</strong></span> <span class='ocrx_word' id='word_1_135' title='bbox 997 2061 1314 2115; x_wconf 89' lang='lat' dir='ltr'><strong>mandatum</strong></span> <span class='ocrx_word' id='word_1_136' title='bbox 1345 2064 1504 2132; x_wconf 90' lang='lat' dir='ltr'><strong>quasi</strong></span> <span class='ocrx_word' id='word_1_137' title='bbox 1565 2064 1739 2132; x_wconf 67' lang='lat' dir='ltr'><strong>culpa</strong></span> <span class='ocrx_word' id='word_1_138' title='bbox 1805 2080 2049 2120; x_wconf 88' lang='lat' dir='ltr'><strong>causam.</strong></span> <span class='ocrx_word' id='word_1_139' title='bbox 2101 2065 2217 2120; x_wconf 82' lang='lat' dir='ltr'><strong>Non</strong></span> <span class='ocrx_word' id='word_1_140' title='bbox 2268 2078 2355 2122; x_wconf 90' lang='lat' dir='ltr'><strong>est</strong></span> 
     </span>
    </p>
   </div>
   <div class='ocr_carea' id='block_1_22' title="bbox 778 2150 2352 2223">
    <p class='ocr_par' dir='ltr' id='par_1_22' title="bbox 778 2150 2352 2223">
     <span class='ocr_line' id='line_1_22' title="bbox 778 2150 2352 2223; baseline 0.004 -19"><span class='ocrx_word' id='word_1_141' title='bbox 778 2152 962 2218; x_wconf 88' lang='lat' dir='ltr'><strong>enim,</strong></span> <span class='ocrx_word' id='word_1_142' title='bbox 992 2150 1118 2206; x_wconf 82' lang='lat' dir='ltr'><strong>licet</strong></span> <span class='ocrx_word' id='word_1_143' title='bbox 1163 2152 1417 2208; x_wconf 78' lang='lat' dir='ltr'><strong>Christus</strong></span> <span class='ocrx_word' id='word_1_144' title='bbox 1469 2153 1598 2208; x_wconf 84' lang='lat' dir='ltr'><strong>illud</strong></span> <span class='ocrx_word' id='word_1_145' title='bbox 1641 2155 1798 2210; x_wconf 80' lang='lat' dir='ltr'><strong>toties</strong></span> <span class='ocrx_word' id='word_1_146' title='bbox 1851 2156 2352 2223; x_wconf 80' lang='lat' dir='ltr'><strong>commonefecerit,</strong></span> 
     </span>
    </p>
   </div>
   <div class='ocr_carea' id='block_1_23' title="bbox 782 2241 2355 2315">
    <p class='ocr_par' dir='ltr' id='par_1_23' title="bbox 782 2241 2355 2315">
     <span class='ocr_line' id='line_1_23' title="bbox 782 2241 2355 2315; baseline 0.003 -21"><span class='ocrx_word' id='word_1_147' title='bbox 782 2241 915 2296; x_wconf 83' lang='lat' dir='ltr'><strong>licet</strong></span> <span class='ocrx_word' id='word_1_148' title='bbox 946 2242 1132 2296; x_wconf 85' lang='lat' dir='ltr'><strong>multis</strong></span> <span class='ocrx_word' id='word_1_149' title='bbox 1173 2242 1334 2297; x_wconf 85' lang='lat' dir='ltr'><strong>minis</strong></span> <span class='ocrx_word' id='word_1_150' title='bbox 1381 2244 1712 2310; x_wconf 71' lang='lat' dir='ltr'><strong>devinxerit,</strong></span> <span class='ocrx_word' id='word_1_151' title='bbox 1747 2246 1875 2299; x_wconf 86' lang='lat' dir='ltr'><strong>licet</strong></span> <span class='ocrx_word' id='word_1_152' title='bbox 1935 2245 2190 2315; x_wconf 78' lang='lat' dir='ltr'><strong>fulgetra,</strong></span> <span class='ocrx_word' id='word_1_153' title='bbox 2248 2247 2355 2301; x_wconf 81' lang='lat' dir='ltr'><strong>l&#39;ul-</strong></span> 
     </span>
    </p>
   </div>
   <div class='ocr_carea' id='block_1_24' title="bbox 782 2333 2357 2400">
    <p class='ocr_par' dir='ltr' id='par_1_24' title="bbox 782 2333 2357 2400">
     <span class='ocr_line' id='line_1_24' title="bbox 782 2333 2357 2400; baseline 0.003 -13"><span class='ocrx_word' id='word_1_154' title='bbox 782 2334 955 2395; x_wconf 89' lang='lat' dir='ltr'><strong>mina,</strong></span> <span class='ocrx_word' id='word_1_155' title='bbox 985 2333 1246 2400; x_wconf 84' lang='lat' dir='ltr'><strong>tonitrua,</strong></span> <span class='ocrx_word' id='word_1_156' title='bbox 1285 2334 1468 2390; x_wconf 89' lang='lat' dir='ltr'><strong>hiatus</strong></span> <span class='ocrx_word' id='word_1_157' title='bbox 1517 2345 1678 2390; x_wconf 74' lang='lat' dir='ltr'><strong>terra:</strong></span> <span class='ocrx_word' id='word_1_158' title='bbox 1709 2337 2057 2392; x_wconf 82' lang='lat' dir='ltr'><strong>sermonibus</strong></span> <span class='ocrx_word' id='word_1_159' title='bbox 2108 2339 2224 2392; x_wconf 85' lang='lat' dir='ltr'><strong>suis</strong></span> <span class='ocrx_word' id='word_1_160' title='bbox 2260 2341 2357 2392; x_wconf 85' lang='lat' dir='ltr'><strong>ad-</strong></span> 
     </span>
    </p>
   </div>
   <div class='ocr_carea' id='block_1_25' title="bbox 776 2425 2354 2497">
    <p class='ocr_par' dir='ltr' id='par_1_25' title="bbox 776 2425 2354 2497">
     <span class='ocr_line' id='line_1_25' title="bbox 776 2425 2354 2497; baseline 0.006 -22"><span class='ocrx_word' id='word_1_161' title='bbox 776 2425 1066 2495; x_wconf 76' lang='lat' dir='ltr'><strong>junxerit,</strong></span> <span class='ocrx_word' id='word_1_162' title='bbox 1105 2441 1211 2480; x_wconf 91' lang='lat' dir='ltr'><strong>non</strong></span> <span class='ocrx_word' id='word_1_163' title='bbox 1265 2436 1349 2480; x_wconf 85' lang='lat' dir='ltr'><strong>est</strong></span> <span class='ocrx_word' id='word_1_164' title='bbox 1389 2428 1669 2496; x_wconf 83' lang='lat' dir='ltr'><strong>possibile,</strong></span> <span class='ocrx_word' id='word_1_165' title='bbox 1700 2437 1760 2482; x_wconf 88' lang='lat' dir='ltr'><strong>ut</strong></span> <span class='ocrx_word' id='word_1_166' title='bbox 1808 2443 1998 2485; x_wconf 86' lang='lat' dir='ltr'><strong>omnes</strong></span> <span class='ocrx_word' id='word_1_167' title='bbox 2057 2444 2154 2497; x_wconf 87' lang='lat' dir='ltr'><strong>per</strong></span> <span class='ocrx_word' id='word_1_168' title='bbox 2212 2432 2354 2484; x_wconf 90' lang='lat' dir='ltr'><strong>idem</strong></span> 
     </span>
    </p>
   </div>
   <div class='ocr_carea' id='block_1_26' title="bbox 781 2519 2360 2585">
    <p class='ocr_par' dir='ltr' id='par_1_26' title="bbox 781 2519 2360 2585">
     <span class='ocr_line' id='line_1_26' title="bbox 781 2519 2360 2585; baseline 0.006 -14"><span class='ocrx_word' id='word_1_169' title='bbox 781 2527 1118 2572; x_wconf 86' lang='lat' dir='ltr'><strong>momentum</strong></span> <span class='ocrx_word' id='word_1_170' title='bbox 1145 2519 1380 2573; x_wconf 78' lang='lat' dir='ltr'><strong>vendere</strong></span> <span class='ocrx_word' id='word_1_171' title='bbox 1422 2521 1614 2585; x_wconf 77' lang='lat' dir='ltr'><strong>velint,</strong></span> <span class='ocrx_word' id='word_1_172' title='bbox 1662 2524 1736 2575; x_wconf 84' lang='lat' dir='ltr'><strong>ita</strong></span> <span class='ocrx_word' id='word_1_173' title='bbox 1767 2531 1828 2576; x_wconf 89' lang='lat' dir='ltr'><strong>ut</strong></span> <span class='ocrx_word' id='word_1_174' title='bbox 1865 2539 2025 2578; x_wconf 92' lang='lat' dir='ltr'><strong>nemo</strong></span> <span class='ocrx_word' id='word_1_175' title='bbox 2073 2540 2274 2579; x_wconf 76' lang='lat' dir='ltr'><strong>avarus</strong></span> <span class='ocrx_word' id='word_1_176' title='bbox 2305 2537 2360 2579; x_wconf 82' lang='lat' dir='ltr'><strong>et</strong></span> 
     </span>
    </p>
   </div>
   <div class='ocr_carea' id='block_1_27' title="bbox 779 2607 2359 2684">
    <p class='ocr_par' dir='ltr' id='par_1_27' title="bbox 779 2607 2359 2684">
     <span class='ocr_line' id='line_1_27' title="bbox 779 2607 2359 2684; baseline 0.006 -22"><span class='ocrx_word' id='word_1_177' title='bbox 779 2607 1094 2664; x_wconf 84' lang='lat' dir='ltr'><strong>divitiarum</strong></span> <span class='ocrx_word' id='word_1_178' title='bbox 1151 2610 1383 2678; x_wconf 85' lang='lat' dir='ltr'><strong>cupidus</strong></span> <span class='ocrx_word' id='word_1_179' title='bbox 1419 2612 1795 2682; x_wconf 88' lang='lat' dir='ltr'><strong>relinquatur;</strong></span> <span class='ocrx_word' id='word_1_180' title='bbox 1860 2629 2077 2684; x_wconf 83' lang='lat' dir='ltr'><strong>semper</strong></span> <span class='ocrx_word' id='word_1_181' title='bbox 2106 2618 2250 2671; x_wconf 90' lang='lat' dir='ltr'><strong>enim</strong></span> <span class='ocrx_word' id='word_1_182' title='bbox 2305 2627 2359 2672; x_wconf 86' lang='lat' dir='ltr'><strong>et</strong></span> 
     </span>
    </p>
   </div>
   <div class='ocr_carea' id='block_1_28' title="bbox 783 2699 2358 2777">
    <p class='ocr_par' dir='ltr' id='par_1_28' title="bbox 783 2699 2358 2777">
     <span class='ocr_line' id='line_1_28' title="bbox 783 2699 2358 2777; baseline 0.005 -23"><span class='ocrx_word' id='word_1_183' title='bbox 783 2700 985 2771; x_wconf 90' lang='lat' dir='ltr'><strong>ubique</strong></span> <span class='ocrx_word' id='word_1_184' title='bbox 1010 2699 1148 2754; x_wconf 84' lang='lat' dir='ltr'><strong>tales</strong></span> <span class='ocrx_word' id='word_1_185' title='bbox 1169 2701 1462 2756; x_wconf 79' lang='lat' dir='ltr'><strong>exsistunt.</strong></span> <span class='ocrx_word' id='word_1_186' title='bbox 1488 2700 1607 2756; x_wconf 80' lang='lat' dir='ltr'><strong>Non</strong></span> <span class='ocrx_word' id='word_1_187' title='bbox 1648 2712 1733 2758; x_wconf 88' lang='lat' dir='ltr'><strong>est</strong></span> <span class='ocrx_word' id='word_1_188' title='bbox 1776 2704 1950 2758; x_wconf 88' lang='lat' dir='ltr'><strong>virtus</strong></span> <span class='ocrx_word' id='word_1_189' title='bbox 1974 2707 2232 2762; x_wconf 87' lang='lat' dir='ltr'><strong>omnibus</strong></span> <span class='ocrx_word' id='word_1_190' title='bbox 2259 2724 2358 2777; x_wconf 89' lang='lat' dir='ltr'><strong>pa-</strong></span> 
     </span>
    </p>
   </div>
   <div class='ocr_carea' id='block_1_29' title="bbox 779 2789 2356 2866">
    <p class='ocr_par' dir='ltr' id='par_1_29' title="bbox 779 2789 2356 2866">
     <span class='ocr_line' id='line_1_29' title="bbox 779 2789 2356 2866; baseline 0.005 -21"><span class='ocrx_word' id='word_1_191' title='bbox 779 2791 970 2847; x_wconf 81' lang='lat' dir='ltr'><strong>rabilis</strong></span> <span class='ocrx_word' id='word_1_192' title='bbox 999 2808 1014 2844; x_wconf 86' lang='lat'><strong>:</strong></span> <span class='ocrx_word' id='word_1_193' title='bbox 1055 2789 1256 2845; x_wconf 76' lang='lat' dir='ltr'><strong>sulﬁcit</strong></span> <span class='ocrx_word' id='word_1_194' title='bbox 1283 2791 1328 2845; x_wconf 87' lang='lat' dir='ltr'><strong>si</strong></span> <span class='ocrx_word' id='word_1_195' title='bbox 1368 2807 1490 2846; x_wconf 89' lang='lat' dir='ltr'><strong>eam</strong></span> <span class='ocrx_word' id='word_1_196' title='bbox 1520 2794 1765 2846; x_wconf 82' lang='lat' dir='ltr'><strong>ambiant</strong></span> <span class='ocrx_word' id='word_1_197' title='bbox 1795 2794 1978 2862; x_wconf 87' lang='lat' dir='ltr'><strong>plures</strong></span> <span class='ocrx_word' id='word_1_198' title='bbox 2029 2796 2309 2866; x_wconf 86' lang='lat' dir='ltr'><strong>sigillatim</strong></span> <span class='ocrx_word' id='word_1_199' title='bbox 2340 2817 2356 2853; x_wconf 89' lang='lat'><strong>:</strong></span> 
     </span>
    </p>
   </div>
   <div class='ocr_carea' id='block_1_30' title="bbox 781 2881 2359 2953">
    <p class='ocr_par' dir='ltr' id='par_1_30' title="bbox 781 2881 2359 2953">
     <span class='ocr_line' id='line_1_30' title="bbox 781 2881 2359 2953; baseline 0.004 -17"><span class='ocrx_word' id='word_1_200' title='bbox 781 2885 879 2936; x_wconf 85' lang='lat' dir='ltr'><strong>sed</strong></span> <span class='ocrx_word' id='word_1_201' title='bbox 913 2896 1014 2938; x_wconf 88' lang='lat' dir='ltr'><strong>nec</strong></span> <span class='ocrx_word' id='word_1_202' title='bbox 1043 2881 1176 2936; x_wconf 89' lang='lat' dir='ltr'><strong>illud</strong></span> <span class='ocrx_word' id='word_1_203' title='bbox 1203 2882 1445 2946; x_wconf 84' lang='lat' dir='ltr'><strong>obviam,</strong></span> <span class='ocrx_word' id='word_1_204' title='bbox 1487 2898 1586 2937; x_wconf 92' lang='lat' dir='ltr'><strong>nec</strong></span> <span class='ocrx_word' id='word_1_205' title='bbox 1621 2884 1674 2937; x_wconf 91' lang='lat' dir='ltr'><strong>in</strong></span> <span class='ocrx_word' id='word_1_206' title='bbox 1702 2884 1887 2953; x_wconf 89' lang='lat' dir='ltr'><strong>aliqua</strong></span> <span class='ocrx_word' id='word_1_207' title='bbox 1923 2887 2122 2941; x_wconf 83' lang='lat' dir='ltr'><strong>virtute</strong></span> <span class='ocrx_word' id='word_1_208' title='bbox 2169 2889 2359 2943; x_wconf 83' lang='lat' dir='ltr'><strong>obser-</strong></span> 
     </span>
    </p>
   </div>
   <div class='ocr_carea' id='block_1_31' title="bbox 780 2974 2357 3048">
    <p class='ocr_par' dir='ltr' id='par_1_31' title="bbox 780 2974 2357 3048">
     <span class='ocr_line' id='line_1_31' title="bbox 780 2974 2357 3048; baseline 0.007 -22"><span class='ocrx_word' id='word_1_209' title='bbox 780 2974 1068 3038; x_wconf 89' lang='lat' dir='ltr'><strong>vandum;</strong></span> <span class='ocrx_word' id='word_1_210' title='bbox 1136 2976 1420 3044; x_wconf 87' lang='lat' dir='ltr'><strong>pauciores</strong></span> <span class='ocrx_word' id='word_1_211' title='bbox 1485 2977 1740 3031; x_wconf 81' lang='lat' dir='ltr'><strong>virtutem</strong></span> <span class='ocrx_word' id='word_1_212' title='bbox 1822 2992 1986 3048; x_wconf 90' lang='lat' dir='ltr'><strong>quam</strong></span> <span class='ocrx_word' id='word_1_213' title='bbox 2062 2980 2192 3034; x_wconf 84' lang='lat' dir='ltr'><strong>vitia</strong></span> <span class='ocrx_word' id='word_1_214' title='bbox 2257 2983 2357 3036; x_wconf 90' lang='lat' dir='ltr'><strong>ad-</strong></span> 
     </span>
    </p>
   </div>
   <div class='ocr_carea' id='block_1_32' title="bbox 782 3061 2356 3137">
    <p class='ocr_par' dir='ltr' id='par_1_32' title="bbox 782 3061 2356 3137">
     <span class='ocr_line' id='line_1_32' title="bbox 782 3061 2356 3137; baseline 0.006 -21"><span class='ocrx_word' id='word_1_215' title='bbox 782 3073 992 3117; x_wconf 83' lang='lat' dir='ltr'><strong>amant.</strong></span> <span class='ocrx_word' id='word_1_216' title='bbox 1031 3061 1140 3117; x_wconf 80' lang='lat' dir='ltr'><strong>Nec</strong></span> <span class='ocrx_word' id='word_1_217' title='bbox 1189 3073 1366 3118; x_wconf 86' lang='lat' dir='ltr'><strong>tamen</strong></span> <span class='ocrx_word' id='word_1_218' title='bbox 1412 3064 1571 3118; x_wconf 83' lang='lat' dir='ltr'><strong>debet</strong></span> <span class='ocrx_word' id='word_1_219' title='bbox 1628 3068 1847 3120; x_wconf 85' lang='lat' dir='ltr'><strong>humani</strong></span> <span class='ocrx_word' id='word_1_220' title='bbox 1901 3069 2115 3137; x_wconf 76' lang='lat' dir='ltr'><strong>generis</strong></span> <span class='ocrx_word' id='word_1_221' title='bbox 2170 3086 2356 3126; x_wconf 89' lang='lat' dir='ltr'><strong>curam</strong></span> 
     </span>
    </p>
   </div>
   <div class='ocr_carea' id='block_1_33' title="bbox 2463 614 4029 686">
    <p class='ocr_par' dir='ltr' id='par_1_33' title="bbox 2463 614 4029 686">
     <span class='ocr_line' id='line_1_33' title="bbox 2463 614 4029 686; baseline -0.003 -18"><span class='ocrx_word' id='word_1_222' title='bbox 2463 615 2727 686; x_wconf 78' lang='grc' dir='ltr'>μελετῶν,</span> <span class='ocrx_word' id='word_1_223' title='bbox 2782 617 3072 684; x_wconf 72' lang='grc' dir='ltr'><strong>φυλάττειν</strong></span> <span class='ocrx_word' id='word_1_224' title='bbox 3099 617 3162 668; x_wconf 80' lang='grc' dir='ltr'>τὸ</span> <span class='ocrx_word' id='word_1_225' title='bbox 3193 614 3510 678; x_wconf 66' lang='grc' dir='ltr'>ἀκόλουθον,</span> <span class='ocrx_word' id='word_1_226' title='bbox 3550 614 3627 682; x_wconf 69' lang='grc' dir='ltr'><strong>μὴ</strong></span> <span class='ocrx_word' id='word_1_227' title='bbox 3662 614 3746 666; x_wconf 71' lang='grc' dir='ltr'>ὅτι</span> <span class='ocrx_word' id='word_1_228' title='bbox 3775 616 3879 665; x_wconf 75' lang='grc' dir='ltr'>οὐκ</span> <span class='ocrx_word' id='word_1_229' title='bbox 3915 615 4029 665; x_wconf 67' lang='grc' dir='ltr'>ἐστι</span> 
     </span>
    </p>
   </div>
   <div class='ocr_carea' id='block_1_34' title="bbox 2459 705 4030 776">
    <p class='ocr_par' dir='ltr' id='par_1_34' title="bbox 2459 705 4030 776">
     <span class='ocr_line' id='line_1_34' title="bbox 2459 705 4030 776; baseline -0.002 -18"><span class='ocrx_word' id='word_1_230' title='bbox 2459 706 2717 776; x_wconf 76' lang='grc' dir='ltr'>πολιτικὴ</span> <span class='ocrx_word' id='word_1_231' title='bbox 2743 707 2778 775; x_wconf 77' lang='grc' dir='ltr'><strong>ἠ</strong></span> <span class='ocrx_word' id='word_1_232' title='bbox 2810 706 3115 776; x_wconf 74' lang='grc' dir='ltr'>Δεσποτικὴ</span> <span class='ocrx_word' id='word_1_233' title='bbox 3151 706 3342 773; x_wconf 65' lang='grc' dir='ltr'>ἐντολὴ</span> <span class='ocrx_word' id='word_1_234' title='bbox 3387 707 3449 757; x_wconf 73' lang='grc' dir='ltr'><strong>εν</strong></span> <span class='ocrx_word' id='word_1_235' title='bbox 3495 706 3680 773; x_wconf 59' lang='lat' dir='ltr'><strong>dp“</strong></span> <span class='ocrx_word' id='word_1_236' title='bbox 3735 705 3880 770; x_wconf 63' lang='grc' dir='ltr'>λύγῳ</span> <span class='ocrx_word' id='word_1_237' title='bbox 3915 705 4030 755; x_wconf 74' lang='grc' dir='ltr'>δια-</span> 
     </span>
    </p>
   </div>
   <div class='ocr_carea' id='block_1_35' title="bbox 2459 794 4030 866">
    <p class='ocr_par' dir='ltr' id='par_1_35' title="bbox 2459 794 4030 866">
     <span class='ocr_line' id='line_1_35' title="bbox 2459 794 4030 866; baseline -0.002 -17"><span class='ocrx_word' id='word_1_238' title='bbox 2459 796 2827 866; x_wconf 75' lang='grc' dir='ltr'>θρύπτεσθαι·</span> <span class='ocrx_word' id='word_1_239' title='bbox 2857 796 2972 850; x_wconf 82' lang='grc' dir='ltr'>ἀλλ’</span> <span class='ocrx_word' id='word_1_240' title='bbox 3017 797 3098 848; x_wconf 77' lang='grc' dir='ltr'>ὅτι</span> <span class='ocrx_word' id='word_1_241' title='bbox 3145 797 3207 849; x_wconf 75' lang='grc' dir='ltr'><strong>οῦ</strong></span> <span class='ocrx_word' id='word_1_242' title='bbox 3253 796 3546 862; x_wconf 70' lang='grc' dir='ltr'>φιλόσοφος</span> <span class='ocrx_word' id='word_1_243' title='bbox 3585 794 3706 846; x_wconf 64' lang='grc' dir='ltr'>οὐδε</span> <span class='ocrx_word' id='word_1_244' title='bbox 3737 794 4030 860; x_wconf 60' lang='lat' dir='ltr'><strong>psi-dque</strong></span> 
     </span>
    </p>
   </div>
   <div class='ocr_carea' id='block_1_36' title="bbox 2459 881 4032 959">
    <p class='ocr_par' dir='ltr' id='par_1_36' title="bbox 2459 881 4032 959">
     <span class='ocr_line' id='line_1_36' title="bbox 2459 881 4032 959; baseline -0.003 -19"><span class='ocrx_word' id='word_1_245' title='bbox 2459 887 2578 957; x_wconf 85' lang='grc' dir='ltr'>βίου</span> <span class='ocrx_word' id='word_1_246' title='bbox 2610 888 2819 959; x_wconf 79' lang='grc' dir='ltr'>κρηπίς</span> <span class='ocrx_word' id='word_1_247' title='bbox 2840 903 2854 918; x_wconf 79' lang='grc'><strong><em>⁸</em></strong></span> <span class='ocrx_word' id='word_1_248' title='bbox 2883 889 2949 940; x_wconf 84' lang='grc' dir='ltr'>σὺ</span> <span class='ocrx_word' id='word_1_249' title='bbox 2977 887 3059 950; x_wconf 65' lang='lat' dir='ltr'><strong>Et,</strong></span> <span class='ocrx_word' id='word_1_250' title='bbox 3094 887 3153 952; x_wconf 72' lang='grc' dir='ltr'>εξ</span> <span class='ocrx_word' id='word_1_251' title='bbox 3182 881 3259 939; x_wconf 79' lang='grc' dir='ltr'>ὧν</span> <span class='ocrx_word' id='word_1_252' title='bbox 3297 887 3400 956; x_wconf 70' lang='grc' dir='ltr'>μὲν</span> <span class='ocrx_word' id='word_1_253' title='bbox 3441 887 3626 953; x_wconf 67' lang='grc' dir='ltr'>εκείνη</span> <span class='ocrx_word' id='word_1_254' title='bbox 3651 886 3822 952; x_wconf 65' lang='grc' dir='ltr'>ψόγον</span> <span class='ocrx_word' id='word_1_255' title='bbox 3857 887 3921 937; x_wconf 75' lang='grc' dir='ltr'>οὐ</span> <span class='ocrx_word' id='word_1_256' title='bbox 3945 885 4032 937; x_wconf 76' lang='grc' dir='ltr'><strong>δὶ-</strong></span> 
     </span>
    </p>
   </div>
   <div class='ocr_carea' id='block_1_37' title="bbox 2459 978 4032 1050">
    <p class='ocr_par' dir='ltr' id='par_1_37' title="bbox 2459 978 4032 1050">
     <span class='ocr_line' id='line_1_37' title="bbox 2459 978 4032 1050; baseline -0.003 -18"><span class='ocrx_word' id='word_1_257' title='bbox 2459 998 2636 1050; x_wconf 82' lang='grc' dir='ltr'>χεται,</span> <span class='ocrx_word' id='word_1_258' title='bbox 2682 980 2842 1033; x_wconf 86' lang='grc' dir='ltr'>τοῦτο</span> <span class='ocrx_word' id='word_1_259' title='bbox 2869 979 3282 1046; x_wconf 68' lang='grc' dir='ltr'>αὴωαάμενος.</span> <span class='ocrx_word' id='word_1_260' title='bbox 3329 978 3507 1031; x_wconf 80' lang='grc' dir='ltr'>καίτοι</span> <span class='ocrx_word' id='word_1_261' title='bbox 3553 979 3658 1029; x_wconf 75' lang='grc' dir='ltr'><strong>κάν</strong></span> <span class='ocrx_word' id='word_1_262' title='bbox 3719 979 3898 1044; x_wconf 68' lang='grc' dir='ltr'>τούτῳ</span> <span class='ocrx_word' id='word_1_263' title='bbox 3927 993 4032 1043; x_wconf 74' lang='grc' dir='ltr'>μα-</span> 
     </span>
    </p>
   </div>
   <div class='ocr_carea' id='block_1_38' title="bbox 2458 1063 4030 1140">
    <p class='ocr_par' dir='ltr' id='par_1_38' title="bbox 2458 1063 4030 1140">
     <span class='ocr_line' id='line_1_38' title="bbox 2458 1063 4030 1140; baseline -0.002 -17"><span class='ocrx_word' id='word_1_264' title='bbox 2458 1071 2757 1137; x_wconf 78' lang='grc' dir='ltr'>ταιολογεῖν</span> <span class='ocrx_word' id='word_1_265' title='bbox 2803 1070 3305 1140; x_wconf 67' lang='grc' dir='ltr'>προεληλεγμὲνες·</span> <span class='ocrx_word' id='word_1_266' title='bbox 3361 1069 3432 1121; x_wconf 82' lang='grc' dir='ltr'>δι’</span> <span class='ocrx_word' id='word_1_267' title='bbox 3480 1063 3558 1122; x_wconf 71' lang='grc' dir='ltr'>ὗν</span> <span class='ocrx_word' id='word_1_268' title='bbox 3613 1069 3662 1120; x_wconf 80' lang='grc' dir='ltr'>δ’</span> <span class='ocrx_word' id='word_1_269' title='bbox 3719 1068 3788 1120; x_wconf 71' lang='grc' dir='ltr'>ἂν</span> <span class='ocrx_word' id='word_1_270' title='bbox 3839 1069 4030 1136; x_wconf 66' lang='grc' dir='ltr'>ἐντολὴ</span> 
     </span>
    </p>
   </div>
   <div class='ocr_carea' id='block_1_39' title="bbox 2459 1159 4034 1232">
    <p class='ocr_par' dir='ltr' id='par_1_39' title="bbox 2459 1159 4034 1232">
     <span class='ocr_line' id='line_1_39' title="bbox 2459 1159 4034 1232; baseline -0.003 -17"><span class='ocrx_word' id='word_1_271' title='bbox 2459 1163 2685 1232; x_wconf 74' lang='grc' dir='ltr'>τοιαύτη</span> <span class='ocrx_word' id='word_1_272' title='bbox 2715 1161 2967 1231; x_wconf 78' lang='grc' dir='ltr'>ψεχθείη,</span> <span class='ocrx_word' id='word_1_273' title='bbox 3003 1162 3138 1231; x_wconf 67' lang='grc' dir='ltr'>μηδὲ</span> <span class='ocrx_word' id='word_1_274' title='bbox 3185 1160 3496 1230; x_wconf 77' lang='grc' dir='ltr'>μεμνῆσθαι</span> <span class='ocrx_word' id='word_1_275' title='bbox 3523 1159 3812 1229; x_wconf 59' lang='grc' dir='ltr'>θαρρήσας</span> <span class='ocrx_word' id='word_1_276' title='bbox 3840 1164 3938 1210; x_wconf 72' lang='grc' dir='ltr'>καὶ</span> <span class='ocrx_word' id='word_1_277' title='bbox 3971 1162 4034 1210; x_wconf 62' lang='grc' dir='ltr'>τὸ</span> 
     </span>
    </p>
   </div>
   <div class='ocr_carea' id='block_1_40' title="bbox 2459 1247 4036 1320">
    <p class='ocr_par' dir='ltr' id='par_1_40' title="bbox 2459 1247 4036 1320">
     <span class='ocr_line' id='line_1_40' title="bbox 2459 1247 4036 1320; baseline -0.004 0"><span class='ocrx_word' id='word_1_278' title='bbox 2459 1253 2559 1320; x_wconf 76' lang='grc' dir='ltr'>τῆς</span> <span class='ocrx_word' id='word_1_279' title='bbox 2607 1252 2708 1319; x_wconf 82' lang='grc' dir='ltr'><strong>σῆς</strong></span> <span class='ocrx_word' id='word_1_280' title='bbox 2751 1251 2978 1320; x_wconf 80' lang='grc' dir='ltr'><strong>γνώμης</strong></span> <span class='ocrx_word' id='word_1_281' title='bbox 3014 1251 3288 1318; x_wconf 75' lang='grc' dir='ltr'><strong>φιλαίτιον</strong></span> <span class='ocrx_word' id='word_1_282' title='bbox 3325 1250 3420 1301; x_wconf 68' lang='grc' dir='ltr'><strong>καὶ</strong></span> <span class='ocrx_word' id='word_1_283' title='bbox 3469 1247 3902 1315; x_wconf 59' lang='lat' dir='ltr'><strong>Mm</strong></span> <span class='ocrx_word' id='word_1_284' title='bbox 3941 1252 4036 1301; x_wconf 71' lang='grc' dir='ltr'><strong>κειὶ</strong></span> 
     </span>
    </p>
   </div>
   <div class='ocr_carea' id='block_1_41' title="bbox 2462 1339 4036 1411">
    <p class='ocr_par' dir='ltr' id='par_1_41' title="bbox 2462 1339 4036 1411">
     <span class='ocr_line' id='line_1_41' title="bbox 2462 1339 4036 1411; baseline -0.003 -17"><span class='ocrx_word' id='word_1_285' title='bbox 2462 1342 2662 1410; x_wconf 80' lang='grc' dir='ltr'>σαθρὸν</span> <span class='ocrx_word' id='word_1_286' title='bbox 2695 1342 2895 1411; x_wconf 75' lang='grc' dir='ltr'>ἀμάχῳ</span> <span class='ocrx_word' id='word_1_287' title='bbox 2951 1341 3095 1410; x_wconf 78' lang='grc' dir='ltr'>λόγῳ</span> <span class='ocrx_word' id='word_1_288' title='bbox 3121 1340 3402 1409; x_wconf 79' lang='grc' dir='ltr'>διήλεγξαι</span> <span class='ocrx_word' id='word_1_289' title='bbox 3420 1357 3436 1370; x_wconf 86' lang='grc'><strong>·</strong></span> <span class='ocrx_word' id='word_1_290' title='bbox 3467 1339 3564 1391; x_wconf 76' lang='grc' dir='ltr'>καὶ</span> <span class='ocrx_word' id='word_1_291' title='bbox 3599 1339 3661 1391; x_wconf 73' lang='grc' dir='ltr'>τὸ</span> <span class='ocrx_word' id='word_1_292' title='bbox 3689 1339 3787 1407; x_wconf 75' lang='grc' dir='ltr'>τῆς</span> <span class='ocrx_word' id='word_1_293' title='bbox 3811 1340 4036 1407; x_wconf 66' lang='grc' dir='ltr'>ἐντολῆς</span> 
     </span>
    </p>
   </div>
   <div class='ocr_carea' id='block_1_42' title="bbox 2460 1431 4036 1502">
    <p class='ocr_par' dir='ltr' id='par_1_42' title="bbox 2460 1431 4036 1502">
     <span class='ocr_line' id='line_1_42' title="bbox 2460 1431 4036 1502; baseline -0.001 -17"><span class='ocrx_word' id='word_1_294' title='bbox 2460 1435 2706 1502; x_wconf 79' lang='grc' dir='ltr'>κρεῖττον</span> <span class='ocrx_word' id='word_1_295' title='bbox 3008 1433 3103 1485; x_wconf 83' lang='grc' dir='ltr'>καὶ</span> <span class='ocrx_word' id='word_1_296' title='bbox 3155 1431 3410 1500; x_wconf 74' lang='grc' dir='ltr'>διαδολῆς</span> <span class='ocrx_word' id='word_1_297' title='bbox 3462 1431 3681 1497; x_wconf 68' lang='grc' dir='ltr'>ἀπάσης</span> <span class='ocrx_word' id='word_1_298' title='bbox 3731 1432 3826 1481; x_wconf 64' lang='grc' dir='ltr'>καὶ</span> <span class='ocrx_word' id='word_1_299' title='bbox 3886 1433 4036 1483; x_wconf 70' lang='grc' dir='ltr'>ἀπε-η</span> 
     </span>
    </p>
   </div>
   <div class='ocr_carea' id='block_1_43' title="bbox 2461 1521 4036 1592">
    <p class='ocr_par' dir='ltr' id='par_1_43' title="bbox 2461 1521 4036 1592">
     <span class='ocr_line' id='line_1_43' title="bbox 2461 1521 4036 1592; baseline -0.002 -18"><span class='ocrx_word' id='word_1_300' title='bbox 2461 1524 3012 1592; x_wconf 78' lang='grc' dir='ltr'>προσεμαρτύρησας.</span> <span class='ocrx_word' id='word_1_301' title='bbox 3069 1523 3212 1592; x_wconf 87' lang='grc' dir='ltr'>Ὅρα</span> <span class='ocrx_word' id='word_1_302' title='bbox 3260 1522 3320 1575; x_wconf 79' lang='grc' dir='ltr'>δὲ</span> <span class='ocrx_word' id='word_1_303' title='bbox 3383 1521 3611 1584; x_wconf 69' lang='grc' dir='ltr'>λοιπὸν,</span> <span class='ocrx_word' id='word_1_304' title='bbox 3661 1521 3808 1582; x_wconf 68' lang='grc' dir='ltr'>ὅπως</span> <span class='ocrx_word' id='word_1_305' title='bbox 3869 1522 4036 1581; x_wconf 51' lang='lat' dir='ltr'><strong>each;</strong></span> 
     </span>
    </p>
   </div>
   <div class='ocr_carea' id='block_1_44' title="bbox 2460 1609 4040 1680">
    <p class='ocr_par' dir='ltr' id='par_1_44' title="bbox 2460 1609 4040 1680">
     <span class='ocr_line' id='line_1_44' title="bbox 2460 1609 4040 1680; baseline -0.001 -18"><span class='ocrx_word' id='word_1_306' title='bbox 2460 1610 2642 1680; x_wconf 80' lang='grc' dir='ltr'>ἑαυτῷ</span> <span class='ocrx_word' id='word_1_307' title='bbox 2677 1611 3010 1680; x_wconf 79' lang='grc' dir='ltr'>ὑποθέμενος</span> <span class='ocrx_word' id='word_1_308' title='bbox 3061 1612 3123 1664; x_wconf 84' lang='grc' dir='ltr'>τὸ</span> <span class='ocrx_word' id='word_1_309' title='bbox 3167 1610 3429 1663; x_wconf 69' lang='grc' dir='ltr'>ἀδύνατον</span> <span class='ocrx_word' id='word_1_310' title='bbox 3479 1609 3605 1662; x_wconf 76' lang='grc' dir='ltr'>καθ’</span> <span class='ocrx_word' id='word_1_311' title='bbox 3638 1612 3827 1679; x_wconf 69' lang='grc' dir='ltr'>ἐτέρου</span> <span class='ocrx_word' id='word_1_312' title='bbox 3885 1610 4040 1662; x_wconf 60' lang='grc' dir='ltr'>δοκεῖ</span> 
     </span>
    </p>
   </div>
   <div class='ocr_carea' id='block_1_45' title="bbox 2463 1702 4036 1771">
    <p class='ocr_par' dir='ltr' id='par_1_45' title="bbox 2463 1702 4036 1771">
     <span class='ocr_line' id='line_1_45' title="bbox 2463 1702 4036 1771; baseline -0.002 -17"><span class='ocrx_word' id='word_1_313' title='bbox 2463 1702 2715 1770; x_wconf 75' lang='grc' dir='ltr'><strong>συνάγειν</strong></span> <span class='ocrx_word' id='word_1_314' title='bbox 2743 1703 2805 1756; x_wconf 77' lang='grc' dir='ltr'>τὸ</span> <span class='ocrx_word' id='word_1_315' title='bbox 2833 1702 3099 1771; x_wconf 78' lang='grc' dir='ltr'>ἑπόμενον</span> <span class='ocrx_word' id='word_1_316' title='bbox 3121 1702 3342 1756; x_wconf 73' lang='grc' dir='ltr'>ἄτοπον.</span> <span class='ocrx_word' id='word_1_317' title='bbox 3393 1702 3584 1768; x_wconf 78' lang='grc' dir='ltr'>Δέγων</span> <span class='ocrx_word' id='word_1_318' title='bbox 3614 1703 3742 1768; x_wconf 62' lang='grc' dir='ltr'>γαρ,</span> <span class='ocrx_word' id='word_1_319' title='bbox 3775 1703 3860 1752; x_wconf 83' lang='grc' dir='ltr'>ὅτι</span> <span class='ocrx_word' id='word_1_320' title='bbox 3909 1702 4036 1753; x_wconf 77' lang='grc' dir='ltr'><strong>Πω-</strong></span> 
     </span>
    </p>
   </div>
   <div class='ocr_carea' id='block_1_46' title="bbox 2459 1793 4039 1862">
    <p class='ocr_par' dir='ltr' id='par_1_46' title="bbox 2459 1793 4039 1862">
     <span class='ocr_line' id='line_1_46' title="bbox 2459 1793 4039 1862; baseline 0.001 -17"><span class='ocrx_word' id='word_1_321' title='bbox 2459 1793 2696 1847; x_wconf 82' lang='grc' dir='ltr'>λούντων</span> <span class='ocrx_word' id='word_1_322' title='bbox 2719 1794 2997 1857; x_wconf 72' lang='grc' dir='ltr'>ἀπάντων,</span> <span class='ocrx_word' id='word_1_323' title='bbox 3039 1793 3122 1855; x_wconf 91' lang='grc' dir='ltr'><strong>τίς</strong></span> <span class='ocrx_word' id='word_1_324' title='bbox 3158 1795 3187 1846; x_wconf 83' lang='grc' dir='ltr'><strong>ὁ</strong></span> <span class='ocrx_word' id='word_1_325' title='bbox 3227 1794 3605 1862; x_wconf 75' lang='grc' dir='ltr'>ὼνησὸμενοςς</span> <span class='ocrx_word' id='word_1_326' title='bbox 3657 1793 3907 1860; x_wconf 49' lang='lat' dir='ltr'><strong>ﬁnitur</strong></span> <span class='ocrx_word' id='word_1_327' title='bbox 3935 1794 4039 1861; x_wconf 69' lang='grc' dir='ltr'>μὲν</span> 
     </span>
    </p>
   </div>
   <div class='ocr_carea' id='block_1_47' title="bbox 2459 1885 4039 1955">
    <p class='ocr_par' dir='ltr' id='par_1_47' title="bbox 2459 1885 4039 1955">
     <span class='ocr_line' id='line_1_47' title="bbox 2459 1885 4039 1955; baseline -0.002 -16"><span class='ocrx_word' id='word_1_328' title='bbox 2459 1888 2621 1950; x_wconf 72' lang='grc' dir='ltr'>αὐτὸς</span> <span class='ocrx_word' id='word_1_329' title='bbox 2647 1888 2797 1941; x_wconf 83' lang='grc' dir='ltr'>θέσει</span> <span class='ocrx_word' id='word_1_330' title='bbox 2822 1888 2923 1955; x_wconf 75' lang='grc' dir='ltr'>τήν</span> <span class='ocrx_word' id='word_1_331' title='bbox 2945 1887 3180 1942; x_wconf 81' lang='grc' dir='ltr'>ἀτοπίαν</span> <span class='ocrx_word' id='word_1_332' title='bbox 3210 1885 3502 1953; x_wconf 66' lang='grc' dir='ltr'>ἐφέλκεται</span> <span class='ocrx_word' id='word_1_333' title='bbox 3520 1903 3535 1916; x_wconf 77' lang='grc' dir='ltr'><strong>ο</strong></span> <span class='ocrx_word' id='word_1_334' title='bbox 3563 1888 3734 1938; x_wconf 61' lang='lat' dir='ltr'><strong>deant</strong></span> <span class='ocrx_word' id='word_1_335' title='bbox 3757 1885 3816 1936; x_wconf 69' lang='grc' dir='ltr'>δὲ</span> <span class='ocrx_word' id='word_1_336' title='bbox 3847 1886 3915 1936; x_wconf 72' lang='grc' dir='ltr'>οὐ</span> <span class='ocrx_word' id='word_1_337' title='bbox 3936 1887 4039 1951; x_wconf 73' lang='grc' dir='ltr'>τῆς</span> 
     </span>
    </p>
   </div>
   <div class='ocr_carea' id='block_1_48' title="bbox 2456 1975 4040 2050">
    <p class='ocr_par' dir='ltr' id='par_1_48' title="bbox 2456 1975 4040 2050">
     <span class='ocr_line' id='line_1_48' title="bbox 2456 1975 4040 2050; baseline -0.003 -17"><span class='ocrx_word' id='word_1_338' title='bbox 2456 1980 2620 2033; x_wconf 77' lang='grc' dir='ltr'>αὐτοῦ</span> <span class='ocrx_word' id='word_1_339' title='bbox 2653 1980 3004 2050; x_wconf 68' lang='grc' dir='ltr'><strong>ῥᾳδιουργίας</strong></span> <span class='ocrx_word' id='word_1_340' title='bbox 3033 1975 3180 2031; x_wconf 77' lang='grc' dir='ltr'>εἶναι</span> <span class='ocrx_word' id='word_1_341' title='bbox 3213 1979 3275 2030; x_wconf 78' lang='grc' dir='ltr'><strong>τὸ</strong></span> <span class='ocrx_word' id='word_1_342' title='bbox 3309 1977 3562 2046; x_wconf 72' lang='grc' dir='ltr'>ἔγκλημα</span> <span class='ocrx_word' id='word_1_343' title='bbox 3606 1976 3706 2045; x_wconf 75' lang='grc' dir='ltr'>τὴν</span> <span class='ocrx_word' id='word_1_344' title='bbox 3732 1977 4040 2044; x_wconf 69' lang='grc' dir='ltr'>ἐπηρεαζο-</span> 
     </span>
    </p>
   </div>
   <div class='ocr_carea' id='block_1_49' title="bbox 2459 2067 4038 2139">
    <p class='ocr_par' dir='ltr' id='par_1_49' title="bbox 2459 2067 4038 2139">
     <span class='ocr_line' id='line_1_49' title="bbox 2459 2067 4038 2139; baseline -0.003 -18"><span class='ocrx_word' id='word_1_345' title='bbox 2459 2070 2628 2138; x_wconf 75' lang='grc' dir='ltr'>μένην</span> <span class='ocrx_word' id='word_1_346' title='bbox 2656 2069 2701 2120; x_wconf 83' lang='grc' dir='ltr'>δ’</span> <span class='ocrx_word' id='word_1_347' title='bbox 2727 2070 2948 2139; x_wconf 72' lang='grc' dir='ltr'>ἐντολὴν</span> <span class='ocrx_word' id='word_1_348' title='bbox 2997 2069 3263 2138; x_wconf 79' lang='grc' dir='ltr'>παρέχειν</span> <span class='ocrx_word' id='word_1_349' title='bbox 3293 2069 3355 2120; x_wconf 73' lang='grc' dir='ltr'><strong>τὸ</strong></span> <span class='ocrx_word' id='word_1_350' title='bbox 3385 2068 3576 2120; x_wconf 72' lang='grc' dir='ltr'>αἴτιον.</span> <span class='ocrx_word' id='word_1_351' title='bbox 3611 2068 3684 2119; x_wconf 80' lang='grc' dir='ltr'><strong>οὐ</strong></span> <span class='ocrx_word' id='word_1_352' title='bbox 3717 2069 3828 2135; x_wconf 76' lang='grc' dir='ltr'><strong>γαρ</strong></span> <span class='ocrx_word' id='word_1_353' title='bbox 3867 2067 4038 2128; x_wconf 57' lang='lat' dir='ltr'><strong>inv,</strong></span> 
     </span>
    </p>
   </div>
   <div class='ocr_carea' id='block_1_50' title="bbox 2456 2159 4038 2228">
    <p class='ocr_par' dir='ltr' id='par_1_50' title="bbox 2456 2159 4038 2228">
     <span class='ocr_line' id='line_1_50' title="bbox 2456 2159 4038 2228; baseline -0.003 -15"><span class='ocrx_word' id='word_1_354' title='bbox 2456 2163 2558 2214; x_wconf 82' lang='grc' dir='ltr'>οὐκ</span> <span class='ocrx_word' id='word_1_355' title='bbox 2585 2162 2733 2214; x_wconf 78' lang='grc' dir='ltr'>ἐστιν</span> <span class='ocrx_word' id='word_1_356' title='bbox 2761 2160 2866 2214; x_wconf 80' lang='grc' dir='ltr'><strong>κάν</strong></span> <span class='ocrx_word' id='word_1_357' title='bbox 2890 2160 3150 2222; x_wconf 75' lang='grc' dir='ltr'>πολλάκις</span> <span class='ocrx_word' id='word_1_358' title='bbox 3179 2160 3339 2212; x_wconf 87' lang='grc' dir='ltr'>τοῦτο</span> <span class='ocrx_word' id='word_1_359' title='bbox 3359 2159 3593 2228; x_wconf 80' lang='grc' dir='ltr'>Χριστὸς</span> <span class='ocrx_word' id='word_1_360' title='bbox 3622 2160 4038 2226; x_wconf 74' lang='grc' dir='ltr'>παραινέσειεν,</span> 
     </span>
    </p>
   </div>
   <div class='ocr_carea' id='block_1_51' title="bbox 2458 2253 4042 2325">
    <p class='ocr_par' dir='ltr' id='par_1_51' title="bbox 2458 2253 4042 2325">
     <span class='ocr_line' id='line_1_51' title="bbox 2458 2253 4042 2325; baseline -0.003 -17"><span class='ocrx_word' id='word_1_361' title='bbox 2458 2255 2564 2308; x_wconf 74' lang='grc' dir='ltr'>κᾶν</span> <span class='ocrx_word' id='word_1_362' title='bbox 2615 2255 2838 2325; x_wconf 82' lang='grc' dir='ltr'>μυρίαις</span> <span class='ocrx_word' id='word_1_363' title='bbox 2884 2255 3134 2316; x_wconf 76' lang='grc' dir='ltr'><strong>ἀπειλαῖς</strong></span> <span class='ocrx_word' id='word_1_364' title='bbox 3169 2254 3548 2324; x_wconf 81' lang='grc' dir='ltr'>καταδήσειεν,</span> <span class='ocrx_word' id='word_1_365' title='bbox 3600 2253 3704 2306; x_wconf 76' lang='grc' dir='ltr'>κᾶν</span> <span class='ocrx_word' id='word_1_366' title='bbox 3746 2254 4042 2320; x_wconf 67' lang='grc' dir='ltr'>ἀστραπὰς</span> 
     </span>
    </p>
   </div>
   <div class='ocr_carea' id='block_1_52' title="bbox 2458 2344 4040 2416">
    <p class='ocr_par' dir='ltr' id='par_1_52' title="bbox 2458 2344 4040 2416">
     <span class='ocr_line' id='line_1_52' title="bbox 2458 2344 4040 2416; baseline -0.004 -16"><span class='ocrx_word' id='word_1_367' title='bbox 2458 2349 2550 2400; x_wconf 75' lang='grc' dir='ltr'>καὶ</span> <span class='ocrx_word' id='word_1_368' title='bbox 2593 2347 2822 2416; x_wconf 64' lang='grc' dir='ltr'>βροντὰς</span> <span class='ocrx_word' id='word_1_369' title='bbox 2865 2348 2961 2399; x_wconf 79' lang='grc' dir='ltr'>καὶ</span> <span class='ocrx_word' id='word_1_370' title='bbox 2991 2345 3296 2416; x_wconf 83' lang='grc' dir='ltr'>κεραυνοὺς</span> <span class='ocrx_word' id='word_1_371' title='bbox 3330 2346 3424 2398; x_wconf 85' lang='grc' dir='ltr'>καὶ</span> <span class='ocrx_word' id='word_1_372' title='bbox 3454 2345 3558 2412; x_wconf 77' lang='grc' dir='ltr'>γῆς</span> <span class='ocrx_word' id='word_1_373' title='bbox 3627 2346 3886 2411; x_wconf 71' lang='grc' dir='ltr'>χάσματα</span> <span class='ocrx_word' id='word_1_374' title='bbox 3921 2344 4040 2403; x_wconf 85' lang='grc' dir='ltr'>τοῖς</span> 
     </span>
    </p>
   </div>
   <div class='ocr_carea' id='block_1_53' title="bbox 2457 2434 4040 2508">
    <p class='ocr_par' dir='ltr' id='par_1_53' title="bbox 2457 2434 4040 2508">
     <span class='ocr_line' id='line_1_53' title="bbox 2457 2434 4040 2508; baseline -0.004 -18"><span class='ocrx_word' id='word_1_375' title='bbox 2457 2439 2636 2508; x_wconf 78' lang='grc' dir='ltr'><strong>λόγοις</strong></span> <span class='ocrx_word' id='word_1_376' title='bbox 2672 2437 3144 2506; x_wconf 71' lang='grc' dir='ltr'>συνεπαφήσειενο</span> <span class='ocrx_word' id='word_1_377' title='bbox 3198 2436 3303 2488; x_wconf 87' lang='grc' dir='ltr'>οὐκ</span> <span class='ocrx_word' id='word_1_378' title='bbox 3344 2435 3461 2488; x_wconf 73' lang='grc' dir='ltr'>ἐστι</span> <span class='ocrx_word' id='word_1_379' title='bbox 3511 2434 3736 2486; x_wconf 71' lang='grc' dir='ltr'>δυνατὸν</span> <span class='ocrx_word' id='word_1_380' title='bbox 3785 2434 4040 2494; x_wconf 72' lang='grc' dir='ltr'>ἅπαντας</span> 
     </span>
    </p>
   </div>
   <div class='ocr_carea' id='block_1_54' title="bbox 2462 2523 4043 2598">
    <p class='ocr_par' dir='ltr' id='par_1_54' title="bbox 2462 2523 4043 2598">
     <span class='ocr_line' id='line_1_54' title="bbox 2462 2523 4043 2598; baseline -0.004 -18"><span class='ocrx_word' id='word_1_381' title='bbox 2462 2528 2562 2598; x_wconf 80' lang='grc' dir='ltr'>μὲν</span> <span class='ocrx_word' id='word_1_382' title='bbox 2593 2527 2684 2595; x_wconf 72' lang='grc' dir='ltr'><strong>ὑφ’</strong></span> <span class='ocrx_word' id='word_1_383' title='bbox 2713 2528 2810 2579; x_wconf 82' lang='grc' dir='ltr'>’ἐνα</span> <span class='ocrx_word' id='word_1_384' title='bbox 2837 2525 3035 2597; x_wconf 78' lang='grc' dir='ltr'>καιρὸν</span> <span class='ocrx_word' id='word_1_385' title='bbox 3062 2525 3283 2579; x_wconf 75' lang='grc' dir='ltr'>ἑλέσθαι</span> <span class='ocrx_word' id='word_1_386' title='bbox 3310 2525 3535 2586; x_wconf 77' lang='grc' dir='ltr'>πωλεῖν,</span> <span class='ocrx_word' id='word_1_387' title='bbox 3563 2523 3755 2576; x_wconf 71' lang='grc' dir='ltr'>οὐδένα</span> <span class='ocrx_word' id='word_1_388' title='bbox 3800 2523 3860 2575; x_wconf 66' lang='grc' dir='ltr'>δὲ</span> <span class='ocrx_word' id='word_1_389' title='bbox 3904 2524 4043 2574; x_wconf 75' lang='grc' dir='ltr'>ὑπο-</span> 
     </span>
    </p>
   </div>
   <div class='ocr_carea' id='block_1_55' title="bbox 2458 2615 4038 2690">
    <p class='ocr_par' dir='ltr' id='par_1_55' title="bbox 2458 2615 4038 2690">
     <span class='ocr_line' id='line_1_55' title="bbox 2458 2615 4038 2690; baseline -0.003 -19"><span class='ocrx_word' id='word_1_390' title='bbox 2458 2620 2739 2687; x_wconf 68' lang='grc' dir='ltr'>λελεῖφθαι</span> <span class='ocrx_word' id='word_1_391' title='bbox 2763 2620 2856 2674; x_wconf 73' lang='grc' dir='ltr'><strong>τὸν</strong></span> <span class='ocrx_word' id='word_1_392' title='bbox 2881 2619 3176 2690; x_wconf 76' lang='grc' dir='ltr'><strong>φιλοκερδῆ</strong></span> <span class='ocrx_word' id='word_1_393' title='bbox 3208 2618 3302 2670; x_wconf 78' lang='grc' dir='ltr'>καὶ</span> <span class='ocrx_word' id='word_1_394' title='bbox 3318 2618 3672 2686; x_wconf 73' lang='grc' dir='ltr'>φιλόπλουτον</span> <span class='ocrx_word' id='word_1_395' title='bbox 3692 2631 3708 2644; x_wconf 76' lang='grc' dir='ltr'><strong>ο</strong></span> <span class='ocrx_word' id='word_1_396' title='bbox 3741 2615 3852 2666; x_wconf 75' lang='grc' dir='ltr'>εἰσὶ</span> <span class='ocrx_word' id='word_1_397' title='bbox 3902 2616 4038 2683; x_wconf 77' lang='grc' dir='ltr'>γαρ,</span> 
     </span>
    </p>
   </div>
   <div class='ocr_carea' id='block_1_56' title="bbox 2459 2703 4045 2780">
    <p class='ocr_par' dir='ltr' id='par_1_56' title="bbox 2459 2703 4045 2780">
     <span class='ocr_line' id='line_1_56' title="bbox 2459 2703 4045 2780; baseline -0.006 -15"><span class='ocrx_word' id='word_1_398' title='bbox 2459 2713 2564 2765; x_wconf 86' lang='grc' dir='ltr'>είσὶ</span> <span class='ocrx_word' id='word_1_399' title='bbox 2592 2712 2734 2764; x_wconf 82' lang='grc' dir='ltr'><strong>κατά</strong></span> <span class='ocrx_word' id='word_1_400' title='bbox 2759 2712 2940 2766; x_wconf 77' lang='grc' dir='ltr'>πάντα</span> <span class='ocrx_word' id='word_1_401' title='bbox 2984 2710 3174 2780; x_wconf 71' lang='grc' dir='ltr'>καιρὸν</span> <span class='ocrx_word' id='word_1_402' title='bbox 3206 2703 3355 2763; x_wconf 71' lang='grc' dir='ltr'>οὗτοί</span> <span class='ocrx_word' id='word_1_403' title='bbox 3380 2725 3441 2761; x_wconf 80' lang='grc' dir='ltr'><strong>τε</strong></span> <span class='ocrx_word' id='word_1_404' title='bbox 3495 2709 3737 2760; x_wconf 71' lang='grc' dir='ltr'>κάκεῖνοι</span> <span class='ocrx_word' id='word_1_405' title='bbox 3758 2723 3773 2734; x_wconf 87' lang='grc'><strong>·</strong></span> <span class='ocrx_word' id='word_1_406' title='bbox 3803 2706 4045 2774; x_wconf 78' lang='grc' dir='ltr'>βάσιμος</span> 
     </span>
    </p>
   </div>
   <div class='ocr_carea' id='block_1_57' title="bbox 2459 2793 4044 2868">
    <p class='ocr_par' dir='ltr' id='par_1_57' title="bbox 2459 2793 4044 2868">
     <span class='ocr_line' id='line_1_57' title="bbox 2459 2793 4044 2868; baseline -0.007 -15"><span class='ocrx_word' id='word_1_407' title='bbox 2459 2801 2516 2854; x_wconf 74' lang='grc' dir='ltr'>δὲ</span> <span class='ocrx_word' id='word_1_408' title='bbox 2543 2801 2800 2853; x_wconf 78' lang='grc' dir='ltr'>οὐδέποτε</span> <span class='ocrx_word' id='word_1_409' title='bbox 2836 2801 3008 2853; x_wconf 77' lang='grc' dir='ltr'>πᾶσιν</span> <span class='ocrx_word' id='word_1_410' title='bbox 3040 2798 3155 2868; x_wconf 70' lang='grc' dir='ltr'>ἅμα</span> <span class='ocrx_word' id='word_1_411' title='bbox 3179 2799 3214 2868; x_wconf 76' lang='grc' dir='ltr'><strong>ἡ</strong></span> <span class='ocrx_word' id='word_1_412' title='bbox 3238 2797 3409 2867; x_wconf 78' lang='grc' dir='ltr'>ἀρετὴ</span> <span class='ocrx_word' id='word_1_413' title='bbox 3439 2795 3746 2863; x_wconf 77' lang='grc' dir='ltr'>ἀγαπητὸν,</span> <span class='ocrx_word' id='word_1_414' title='bbox 3796 2794 3892 2845; x_wconf 72' lang='grc' dir='ltr'><strong>δι⁸</strong></span> <span class='ocrx_word' id='word_1_415' title='bbox 3932 2793 4044 2846; x_wconf 67' lang='grc' dir='ltr'>κᾶν</span> 
     </span>
    </p>
   </div>
   <div class='ocr_carea' id='block_1_58' title="bbox 2459 2887 4039 2959">
    <p class='ocr_par' dir='ltr' id='par_1_58' title="bbox 2459 2887 4039 2959">
     <span class='ocr_line' id='line_1_58' title="bbox 2459 2887 4039 2959; baseline -0.005 -14"><span class='ocrx_word' id='word_1_416' title='bbox 2459 2894 2509 2946; x_wconf 89' lang='grc' dir='ltr'><strong>οί</strong></span> <span class='ocrx_word' id='word_1_417' title='bbox 2555 2893 2774 2956; x_wconf 77' lang='grc' dir='ltr'>πλείους</span> <span class='ocrx_word' id='word_1_418' title='bbox 2819 2894 2915 2944; x_wconf 80' lang='grc' dir='ltr'>καὶ</span> <span class='ocrx_word' id='word_1_419' title='bbox 2957 2891 3062 2944; x_wconf 81' lang='grc' dir='ltr'><strong>ἀνὰ</strong></span> <span class='ocrx_word' id='word_1_420' title='bbox 3104 2890 3301 2959; x_wconf 78' lang='grc' dir='ltr'>μέροςο</span> <span class='ocrx_word' id='word_1_421' title='bbox 3343 2888 3460 2942; x_wconf 78' lang='grc' dir='ltr'>ἀλλ’</span> <span class='ocrx_word' id='word_1_422' title='bbox 3491 2888 3612 2940; x_wconf 68' lang='grc' dir='ltr'>οὐδὲ</span> <span class='ocrx_word' id='word_1_423' title='bbox 3663 2887 3822 2939; x_wconf 76' lang='grc' dir='ltr'>τοῦτο</span> <span class='ocrx_word' id='word_1_424' title='bbox 3879 2887 4039 2955; x_wconf 70' lang='grc' dir='ltr'>ῥᾷον,</span> 
     </span>
    </p>
   </div>
   <div class='ocr_carea' id='block_1_59' title="bbox 2459 2979 4044 3050">
    <p class='ocr_par' dir='ltr' id='par_1_59' title="bbox 2459 2979 4044 3050">
     <span class='ocr_line' id='line_1_59' title="bbox 2459 2979 4044 3050; baseline -0.005 -12"><span class='ocrx_word' id='word_1_425' title='bbox 2459 2986 2569 3038; x_wconf 80' lang='grc' dir='ltr'>οὐδ’</span> <span class='ocrx_word' id='word_1_426' title='bbox 2602 2986 2694 3036; x_wconf 82' lang='grc' dir='ltr'>ὲπί</span> <span class='ocrx_word' id='word_1_427' title='bbox 2720 3003 2866 3048; x_wconf 85' lang='grc' dir='ltr'>τινος</span> <span class='ocrx_word' id='word_1_428' title='bbox 2897 2984 3046 3036; x_wconf 72' lang='grc' dir='ltr'>εστιν</span> <span class='ocrx_word' id='word_1_429' title='bbox 3077 2984 3204 3036; x_wconf 84' lang='grc' dir='ltr'>ίδεῖν</span> <span class='ocrx_word' id='word_1_430' title='bbox 3233 2981 3435 3050; x_wconf 80' lang='grc' dir='ltr'>ἀρετῆς</span> <span class='ocrx_word' id='word_1_431' title='bbox 3468 2998 3482 3011; x_wconf 93' lang='grc'><strong>·</strong></span> <span class='ocrx_word' id='word_1_432' title='bbox 3509 2981 3765 3042; x_wconf 65' lang='grc' dir='ltr'>ἐλάττους</span> <span class='ocrx_word' id='word_1_433' title='bbox 3799 2979 3911 3048; x_wconf 76' lang='grc' dir='ltr'>γὰρ</span> <span class='ocrx_word' id='word_1_434' title='bbox 3949 2980 4044 3030; x_wconf 78' lang='grc' dir='ltr'>ἀεὶ</span> 
     </span>
    </p>
   </div>
   <div class='ocr_carea' id='block_1_60' title="bbox 2459 3068 4044 3144">
    <p class='ocr_par' dir='ltr' id='par_1_60' title="bbox 2459 3068 4044 3144">
     <span class='ocr_line' id='line_1_60' title="bbox 2459 3068 4044 3144; baseline -0.005 -16"><span class='ocrx_word' id='word_1_435' title='bbox 2459 3077 2663 3144; x_wconf 81' lang='grc' dir='ltr'>ταύτης</span> <span class='ocrx_word' id='word_1_436' title='bbox 2695 3075 2724 3144; x_wconf 72' lang='grc' dir='ltr'>ἢ</span> <span class='ocrx_word' id='word_1_437' title='bbox 2755 3077 2804 3127; x_wconf 87' lang='grc' dir='ltr'><strong>οί</strong></span> <span class='ocrx_word' id='word_1_438' title='bbox 2842 3075 2941 3144; x_wconf 78' lang='grc' dir='ltr'>τῆς</span> <span class='ocrx_word' id='word_1_439' title='bbox 2982 3072 3178 3134; x_wconf 87' lang='grc' dir='ltr'>κακίας</span> <span class='ocrx_word' id='word_1_440' title='bbox 3207 3072 3455 3141; x_wconf 73' lang='grc' dir='ltr'>ἐρασταί.</span> <span class='ocrx_word' id='word_1_441' title='bbox 3484 3069 3563 3124; x_wconf 78' lang='grc' dir='ltr'><strong>Οῦ</strong></span> <span class='ocrx_word' id='word_1_442' title='bbox 3601 3071 3708 3139; x_wconf 71' lang='grc' dir='ltr'>μὴν</span> <span class='ocrx_word' id='word_1_443' title='bbox 3753 3069 3843 3122; x_wconf 67' lang='grc' dir='ltr'>διὰ</span> <span class='ocrx_word' id='word_1_444' title='bbox 3881 3068 4044 3121; x_wconf 80' lang='grc' dir='ltr'>τοῦτο</span> 
     </span>
    </p>
   </div>
   <div class='ocr_carea' id='block_1_61' title="bbox 783 3153 2359 3234">
    <p class='ocr_par' dir='ltr' id='par_1_61' title="bbox 783 3153 2359 3222">
     <span class='ocr_line' id='line_1_61' title="bbox 783 3153 2359 3222; baseline 0.006 -15"><span class='ocrx_word' id='word_1_445' title='bbox 783 3153 1114 3222; x_wconf 89' lang='lat' dir='ltr'><strong>suscipiens,</strong></span> <span class='ocrx_word' id='word_1_446' title='bbox 1146 3154 1434 3209; x_wconf 88' lang='lat' dir='ltr'><strong>consilium</strong></span> <span class='ocrx_word' id='word_1_447' title='bbox 1459 3157 1712 3210; x_wconf 89' lang='lat' dir='ltr'><strong>omittere</strong></span> <span class='ocrx_word' id='word_1_448' title='bbox 1733 3157 1967 3211; x_wconf 85' lang='lat' dir='ltr'><strong>dandum</strong></span> <span class='ocrx_word' id='word_1_449' title='bbox 1990 3171 2084 3213; x_wconf 91' lang='lat' dir='ltr'><strong>aut</strong></span> <span class='ocrx_word' id='word_1_450' title='bbox 2113 3160 2359 3218; x_wconf 65' lang='lat' dir='ltr'><strong>informa.</strong></span> 
     </span>
    </p>
   </div>
   <div class='ocr_carea' id='block_1_62' title="bbox 2461 3153 4043 3234">
    <p class='ocr_par' dir='ltr' id='par_1_62' title="bbox 2476 3160 4043 3234">
     <span class='ocr_line' id='line_1_62' title="bbox 2476 3160 4043 3234; baseline -0.003 -18"><span class='ocrx_word' id='word_1_451' title='bbox 2476 3167 2743 3234; x_wconf 75' lang='grc' dir='ltr'>προσήκει</span> <span class='ocrx_word' id='word_1_452' title='bbox 2783 3163 2879 3216; x_wconf 89' lang='grc' dir='ltr'><strong>τοῦ</strong></span> <span class='ocrx_word' id='word_1_453' title='bbox 2927 3163 3268 3231; x_wconf 79' lang='grc' dir='ltr'><strong>ἀνθρωπίνου</strong></span> <span class='ocrx_word' id='word_1_454' title='bbox 3311 3163 3502 3230; x_wconf 73' lang='grc' dir='ltr'>γένους</span> <span class='ocrx_word' id='word_1_455' title='bbox 3551 3160 3872 3229; x_wconf 68' lang='grc' dir='ltr'>προνοητῇδ</span> <span class='ocrx_word' id='word_1_456' title='bbox 3911 3161 4043 3222; x_wconf 71' lang='grc' dir='ltr'>τοὶς</span> 
     </span>
    </p>
   </div>
   <div class='ocr_carea' id='block_1_63' title="bbox 786 3245 2354 3322">
    <p class='ocr_par' dir='ltr' id='par_1_63' title="bbox 786 3245 2354 3322">
     <span class='ocr_line' id='line_1_63' title="bbox 786 3245 2354 3322; baseline 0.006 -22"><span class='ocrx_word' id='word_1_457' title='bbox 786 3245 926 3300; x_wconf 88' lang='lat' dir='ltr'><strong>tioni</strong></span> <span class='ocrx_word' id='word_1_458' title='bbox 961 3247 1338 3314; x_wconf 87' lang='lat' dir='ltr'><strong>supersedere,</strong></span> <span class='ocrx_word' id='word_1_459' title='bbox 1396 3247 1542 3314; x_wconf 85' lang='lat' dir='ltr'><strong>quod</strong></span> <span class='ocrx_word' id='word_1_460' title='bbox 1584 3263 1690 3302; x_wconf 91' lang='lat' dir='ltr'><strong>non</strong></span> <span class='ocrx_word' id='word_1_461' title='bbox 1718 3263 1910 3304; x_wconf 88' lang='lat' dir='ltr'><strong>omnes</strong></span> <span class='ocrx_word' id='word_1_462' title='bbox 1936 3251 2354 3322; x_wconf 83' lang='lat' dir='ltr'><strong>obtemperant:</strong></span> 
     </span>
    </p>
   </div>
   <div class='ocr_carea' id='block_1_64' title="bbox 786 3334 2358 3414">
    <p class='ocr_par' dir='ltr' id='par_1_64' title="bbox 786 3334 2358 3414">
     <span class='ocr_line' id='line_1_64' title="bbox 786 3334 2358 3414; baseline 0.008 -27"><span class='ocrx_word' id='word_1_463' title='bbox 786 3335 896 3389; x_wconf 80' lang='lat' dir='ltr'><strong>Sed</strong></span> <span class='ocrx_word' id='word_1_464' title='bbox 927 3334 1075 3403; x_wconf 90' lang='lat' dir='ltr'><strong>quod</strong></span> <span class='ocrx_word' id='word_1_465' title='bbox 1103 3336 1256 3389; x_wconf 85' lang='lat' dir='ltr'><strong>multi</strong></span> <span class='ocrx_word' id='word_1_466' title='bbox 1285 3337 1356 3390; x_wconf 92' lang='lat' dir='ltr'><strong>ab</strong></span> <span class='ocrx_word' id='word_1_467' title='bbox 1398 3337 1502 3390; x_wconf 88' lang='lat' dir='ltr'><strong>hoc</strong></span> <span class='ocrx_word' id='word_1_468' title='bbox 1533 3348 1653 3393; x_wconf 92' lang='lat' dir='ltr'><strong>ortu</strong></span> <span class='ocrx_word' id='word_1_469' title='bbox 1687 3339 1937 3408; x_wconf 81' lang='lat' dir='ltr'><strong>profecti,</strong></span> <span class='ocrx_word' id='word_1_470' title='bbox 1973 3343 2182 3396; x_wconf 90' lang='lat' dir='ltr'><strong>malum</strong></span> <span class='ocrx_word' id='word_1_471' title='bbox 2210 3347 2358 3414; x_wconf 89' lang='lat' dir='ltr'><strong>quod</strong></span> 
     </span>
    </p>
   </div>
   <div class='ocr_carea' id='block_1_65' title="bbox 782 3425 2359 3500">
    <p class='ocr_par' dir='ltr' id='par_1_65' title="bbox 782 3425 2359 3500">
     <span class='ocr_line' id='line_1_65' title="bbox 782 3425 2359 3500; baseline 0.007 -20"><span class='ocrx_word' id='word_1_472' title='bbox 782 3435 869 3481; x_wconf 86' lang='lat' dir='ltr'><strong>est</strong></span> <span class='ocrx_word' id='word_1_473' title='bbox 895 3425 1129 3496; x_wconf 78' lang='lat' dir='ltr'><strong>fugiunt,</strong></span> <span class='ocrx_word' id='word_1_474' title='bbox 1181 3427 1380 3480; x_wconf 91' lang='lat' dir='ltr'><strong>bonum</strong></span> <span class='ocrx_word' id='word_1_475' title='bbox 1419 3428 1643 3498; x_wconf 75' lang='lat' dir='ltr'><strong>eligant,</strong></span> <span class='ocrx_word' id='word_1_476' title='bbox 1684 3431 1887 3486; x_wconf 89' lang='lat' dir='ltr'><strong>idcirco</strong></span> <span class='ocrx_word' id='word_1_477' title='bbox 1915 3435 2212 3500; x_wconf 88' lang='lat' dir='ltr'><strong>generatim</strong></span> <span class='ocrx_word' id='word_1_478' title='bbox 2263 3438 2359 3490; x_wconf 82' lang='lat' dir='ltr'><strong>ad-</strong></span> 
     </span>
    </p>
   </div>
   <div class='ocr_carea' id='block_1_66' title="bbox 784 3515 2361 3580">
    <p class='ocr_par' dir='ltr' id='par_1_66' title="bbox 784 3515 2361 3580">
     <span class='ocr_line' id='line_1_66' title="bbox 784 3515 2361 3580; baseline 0.006 -10"><span class='ocrx_word' id='word_1_479' title='bbox 784 3515 1042 3571; x_wconf 83' lang='lat' dir='ltr'><strong>monendi</strong></span> <span class='ocrx_word' id='word_1_480' title='bbox 1084 3525 1213 3570; x_wconf 90' lang='lat' dir='ltr'><strong>sunt</strong></span> <span class='ocrx_word' id='word_1_481' title='bbox 1243 3532 1437 3573; x_wconf 87' lang='lat' dir='ltr'><strong>omnes</strong></span> <span class='ocrx_word' id='word_1_482' title='bbox 1488 3529 1549 3572; x_wconf 94' lang='lat' dir='ltr'><strong>ut</strong></span> <span class='ocrx_word' id='word_1_483' title='bbox 1597 3520 1850 3576; x_wconf 83' lang='lat' dir='ltr'><strong>virtutem</strong></span> <span class='ocrx_word' id='word_1_484' title='bbox 1905 3523 2108 3578; x_wconf 89' lang='lat' dir='ltr'><strong>colant.</strong></span> <span class='ocrx_word' id='word_1_485' title='bbox 2151 3527 2258 3580; x_wconf 86' lang='lat' dir='ltr'><strong>Sed</strong></span> <span class='ocrx_word' id='word_1_486' title='bbox 2306 3535 2361 3580; x_wconf 87' lang='lat' dir='ltr'><strong>et</strong></span> 
     </span>
    </p>
   </div>
   <div class='ocr_carea' id='block_1_67' title="bbox 785 3607 2362 3681">
    <p class='ocr_par' dir='ltr' id='par_1_67' title="bbox 785 3607 2362 3681">
     <span class='ocr_line' id='line_1_67' title="bbox 785 3607 2362 3681; baseline 0.006 -20"><span class='ocrx_word' id='word_1_487' title='bbox 785 3607 922 3662; x_wconf 91' lang='lat' dir='ltr'><strong>illud</strong></span> <span class='ocrx_word' id='word_1_488' title='bbox 952 3608 1150 3660; x_wconf 85' lang='lat' dir='ltr'><strong>intueri</strong></span> <span class='ocrx_word' id='word_1_489' title='bbox 1175 3607 1337 3660; x_wconf 90' lang='lat' dir='ltr'><strong>etiam</strong></span> <span class='ocrx_word' id='word_1_490' title='bbox 1365 3610 1512 3672; x_wconf 90' lang='lat' dir='ltr'><strong>licet,</strong></span> <span class='ocrx_word' id='word_1_491' title='bbox 1544 3611 1688 3681; x_wconf 89' lang='lat' dir='ltr'><strong>quod</strong></span> <span class='ocrx_word' id='word_1_492' title='bbox 1726 3612 1967 3680; x_wconf 84' lang='lat' dir='ltr'><strong>prudens</strong></span> <span class='ocrx_word' id='word_1_493' title='bbox 2001 3616 2104 3669; x_wconf 85' lang='lat' dir='ltr'><strong>iste</strong></span> <span class='ocrx_word' id='word_1_494' title='bbox 2139 3625 2192 3671; x_wconf 86' lang='lat' dir='ltr'><strong>et</strong></span> <span class='ocrx_word' id='word_1_495' title='bbox 2230 3633 2362 3671; x_wconf 79' lang='lat' dir='ltr'><strong>acu-</strong></span> 
     </span>
    </p>
   </div>
   <div class='ocr_carea' id='block_1_68' title="bbox 786 3697 2360 3774">
    <p class='ocr_par' dir='ltr' id='par_1_68' title="bbox 786 3697 2360 3774">
     <span class='ocr_line' id='line_1_68' title="bbox 786 3697 2360 3774; baseline 0.008 -22"><span class='ocrx_word' id='word_1_496' title='bbox 786 3707 877 3754; x_wconf 87' lang='lat' dir='ltr'><strong>tus</strong></span> <span class='ocrx_word' id='word_1_497' title='bbox 902 3699 952 3752; x_wconf 91' lang='lat' dir='ltr'><strong>in</strong></span> <span class='ocrx_word' id='word_1_498' title='bbox 1003 3697 1368 3754; x_wconf 79' lang='lat' dir='ltr'><strong>discernenda</strong></span> <span class='ocrx_word' id='word_1_499' title='bbox 1411 3701 1549 3755; x_wconf 86' lang='lat' dir='ltr'><strong>nihil</strong></span> <span class='ocrx_word' id='word_1_500' title='bbox 1603 3703 1842 3768; x_wconf 81' lang='lat' dir='ltr'><strong>videbat,</strong></span> <span class='ocrx_word' id='word_1_501' title='bbox 1904 3721 2029 3759; x_wconf 92' lang='lat' dir='ltr'><strong>cum</strong></span> <span class='ocrx_word' id='word_1_502' title='bbox 2086 3707 2360 3774; x_wconf 76' lang='lat' dir='ltr'><strong>proferret</strong></span> 
     </span>
    </p>
   </div>
   <div class='ocr_carea' id='block_1_69' title="bbox 784 3790 2358 3856">
    <p class='ocr_par' dir='ltr' id='par_1_69' title="bbox 784 3790 2358 3856">
     <span class='ocr_line' id='line_1_69' title="bbox 784 3790 2358 3856; baseline 0.005 -10"><span class='ocrx_word' id='word_1_503' title='bbox 784 3791 919 3846; x_wconf 90' lang='lat' dir='ltr'><strong>illud</strong></span> <span class='ocrx_word' id='word_1_504' title='bbox 939 3791 1187 3846; x_wconf 90' lang='lat' dir='ltr'><strong>dictum:</strong></span> <span class='ocrx_word' id='word_1_505' title='bbox 1221 3790 1506 3856; x_wconf 85' lang='lat' dir='ltr'><strong>Quomodo</strong></span> <span class='ocrx_word' id='word_1_506' title='bbox 1527 3808 1717 3849; x_wconf 85' lang='lat' dir='ltr'><strong>omnes</strong></span> <span class='ocrx_word' id='word_1_507' title='bbox 1746 3797 2025 3850; x_wconf 78' lang='lat' dir='ltr'><strong>vendent?</strong></span> <span class='ocrx_word' id='word_1_508' title='bbox 2051 3798 2134 3851; x_wconf 83' lang='lat' dir='ltr'><strong>An</strong></span> <span class='ocrx_word' id='word_1_509' title='bbox 2164 3813 2358 3855; x_wconf 87' lang='lat' dir='ltr'><strong>omnes</strong></span> 
     </span>
    </p>
   </div>
   <div class='ocr_carea' id='block_1_70' title="bbox 785 3881 2358 3957">
    <p class='ocr_par' dir='ltr' id='par_1_70' title="bbox 785 3881 2358 3957">
     <span class='ocr_line' id='line_1_70' title="bbox 785 3881 2358 3957; baseline 0.007 -23"><span class='ocrx_word' id='word_1_510' title='bbox 785 3881 1008 3948; x_wconf 81' lang='lat' dir='ltr'><strong>divites,</strong></span> <span class='ocrx_word' id='word_1_511' title='bbox 1040 3896 1138 3936; x_wconf 91' lang='lat' dir='ltr'><strong>nec</strong></span> <span class='ocrx_word' id='word_1_512' title='bbox 1162 3883 1453 3951; x_wconf 82' lang='lat' dir='ltr'><strong>quisquam</strong></span> <span class='ocrx_word' id='word_1_513' title='bbox 1482 3898 1713 3954; x_wconf 89' lang='lat' dir='ltr'><strong>pauper,</strong></span> <span class='ocrx_word' id='word_1_514' title='bbox 1742 3885 1924 3941; x_wconf 86' lang='lat' dir='ltr'><strong>nullus</strong></span> <span class='ocrx_word' id='word_1_515' title='bbox 1965 3889 2057 3957; x_wconf 91' lang='lat' dir='ltr'><strong>qui</strong></span> <span class='ocrx_word' id='word_1_516' title='bbox 2087 3891 2204 3944; x_wconf 87' lang='lat' dir='ltr'><strong>suis</strong></span> <span class='ocrx_word' id='word_1_517' title='bbox 2225 3905 2358 3945; x_wconf 80' lang='lat' dir='ltr'><strong>con-</strong></span> 
     </span>
    </p>
   </div>
   <div class='ocr_carea' id='block_1_71' title="bbox 784 3975 2358 4047">
    <p class='ocr_par' dir='ltr' id='par_1_71' title="bbox 784 3975 2358 4047">
     <span class='ocr_line' id='line_1_71' title="bbox 784 3975 2358 4047; baseline 0.006 -19"><span class='ocrx_word' id='word_1_518' title='bbox 784 3983 970 4030; x_wconf 90' lang='lat' dir='ltr'><strong>tentus</strong></span> <span class='ocrx_word' id='word_1_519' title='bbox 1035 3975 1202 4028; x_wconf 80' lang='lat' dir='ltr'><strong>vivit?</strong></span> <span class='ocrx_word' id='word_1_520' title='bbox 1247 3989 1372 4030; x_wconf 90' lang='lat' dir='ltr'><strong>cum</strong></span> <span class='ocrx_word' id='word_1_521' title='bbox 1416 3975 1602 4031; x_wconf 88' lang='lat' dir='ltr'><strong>videas</strong></span> <span class='ocrx_word' id='word_1_522' title='bbox 1671 3976 1969 4047; x_wconf 84' lang='lat' dir='ltr'><strong>plerosque</strong></span> <span class='ocrx_word' id='word_1_523' title='bbox 2034 3980 2090 4035; x_wconf 90' lang='lat' dir='ltr'><strong>in</strong></span> <span class='ocrx_word' id='word_1_524' title='bbox 2152 3983 2358 4038; x_wconf 86' lang='lat' dir='ltr'><strong>talibus</strong></span> 
     </span>
    </p>
   </div>
   <div class='ocr_carea' id='block_1_72' title="bbox 784 4081 989 4123">
    <p class='ocr_par' dir='ltr' id='par_1_72' title="bbox 784 4081 989 4123">
     <span class='ocr_line' id='line_1_72' title="bbox 784 4081 989 4123; baseline 0 -3"><span class='ocrx_word' id='word_1_525' title='bbox 784 4081 989 4123; x_wconf 79' lang='lat' dir='ltr'><strong>vivere.</strong></span> 
     </span>
    </p>
   </div>
   <div class='ocr_carea' id='block_1_73' title="bbox 855 4243 2358 4321">
    <p class='ocr_par' dir='ltr' id='par_1_73' title="bbox 855 4243 2358 4321">
     <span class='ocr_line' id='line_1_73' title="bbox 855 4243 2358 4321; baseline 0.008 -25"><span class='ocrx_word' id='word_1_526' title='bbox 855 4243 1061 4298; x_wconf 88' lang='lat' dir='ltr'><strong>Divites</strong></span> <span class='ocrx_word' id='word_1_527' title='bbox 1109 4243 1281 4298; x_wconf 89' lang='lat' dir='ltr'><strong>multo</strong></span> <span class='ocrx_word' id='word_1_528' title='bbox 1324 4244 1613 4314; x_wconf 85' lang='lat' dir='ltr'><strong>pauciores</strong></span> <span class='ocrx_word' id='word_1_529' title='bbox 1655 4255 1786 4303; x_wconf 92' lang='lat' dir='ltr'><strong>sunt</strong></span> <span class='ocrx_word' id='word_1_530' title='bbox 1817 4266 1832 4304; x_wconf 89' lang='lat'><strong>:</strong></span> <span class='ocrx_word' id='word_1_531' title='bbox 1865 4249 1955 4304; x_wconf 90' lang='lat' dir='ltr'><strong>ubi</strong></span> <span class='ocrx_word' id='word_1_532' title='bbox 1995 4265 2126 4321; x_wconf 88' lang='lat' dir='ltr'><strong>ergo</strong></span> <span class='ocrx_word' id='word_1_533' title='bbox 2168 4265 2358 4308; x_wconf 75' lang='lat' dir='ltr'><strong>omnes</strong></span> 
     </span>
    </p>
   </div>
   <div class='ocr_carea' id='block_1_74' title="bbox 787 4334 2356 4410">
    <p class='ocr_par' dir='ltr' id='par_1_74' title="bbox 787 4334 2356 4410">
     <span class='ocr_line' id='line_1_74' title="bbox 787 4334 2356 4410; baseline 0.006 -23"><span class='ocrx_word' id='word_1_534' title='bbox 787 4334 1089 4404; x_wconf 86' lang='lat' dir='ltr'><strong>locupletes</strong></span> <span class='ocrx_word' id='word_1_535' title='bbox 1116 4335 1381 4399; x_wconf 85' lang='lat' dir='ltr'><strong>invenies,</strong></span> <span class='ocrx_word' id='word_1_536' title='bbox 1418 4336 1564 4392; x_wconf 91' lang='lat' dir='ltr'><strong>unde</strong></span> <span class='ocrx_word' id='word_1_537' title='bbox 1604 4339 1699 4392; x_wconf 86' lang='lat' dir='ltr'><strong>tibi</strong></span> <span class='ocrx_word' id='word_1_538' title='bbox 1727 4347 1836 4392; x_wconf 91' lang='lat' dir='ltr'><strong>tam</strong></span> <span class='ocrx_word' id='word_1_539' title='bbox 1873 4340 2259 4410; x_wconf 82' lang='lat' dir='ltr'><strong>obsequentes.</strong></span> <span class='ocrx_word' id='word_1_540' title='bbox 2296 4354 2356 4396; x_wconf 89' lang='lat' dir='ltr'><strong>ut</strong></span> 
     </span>
    </p>
   </div>
   <div class='ocr_carea' id='block_1_75' title="bbox 786 4426 2360 4487">
    <p class='ocr_par' dir='ltr' id='par_1_75' title="bbox 786 4426 2360 4487">
     <span class='ocr_line' id='line_1_75' title="bbox 786 4426 2360 4487; baseline 0.004 -7"><span class='ocrx_word' id='word_1_541' title='bbox 786 4441 879 4482; x_wconf 94' lang='lat' dir='ltr'><strong>res</strong></span> <span class='ocrx_word' id='word_1_542' title='bbox 924 4441 1056 4480; x_wconf 87' lang='lat' dir='ltr'><strong>suas</strong></span> <span class='ocrx_word' id='word_1_543' title='bbox 1083 4426 1358 4480; x_wconf 75' lang='lat' dir='ltr'><strong>vendant?</strong></span> <span class='ocrx_word' id='word_1_544' title='bbox 1399 4426 1507 4483; x_wconf 89' lang='lat' dir='ltr'><strong>Sed</strong></span> <span class='ocrx_word' id='word_1_545' title='bbox 1539 4429 1741 4484; x_wconf 87' lang='lat' dir='ltr'><strong>videris</strong></span> <span class='ocrx_word' id='word_1_546' title='bbox 1773 4430 1876 4484; x_wconf 88' lang='lat' dir='ltr'><strong>ista</strong></span> <span class='ocrx_word' id='word_1_547' title='bbox 1911 4446 1943 4486; x_wconf 90' lang='lat' dir='ltr'><strong>e</strong></span> <span class='ocrx_word' id='word_1_548' title='bbox 1983 4430 2222 4487; x_wconf 84' lang='lat' dir='ltr'><strong>Platonis</strong></span> <span class='ocrx_word' id='word_1_549' title='bbox 2255 4433 2360 4487; x_wconf 72' lang='lat' dir='ltr'><strong>lte—</strong></span> 
     </span>
    </p>
   </div>
   <div class='ocr_carea' id='block_1_76' title="bbox 2467 3248 4042 3322">
    <p class='ocr_par' dir='ltr' id='par_1_76' title="bbox 2467 3248 4042 3322">
     <span class='ocr_line' id='line_1_76' title="bbox 2467 3248 4042 3322; baseline -0.006 -16"><span class='ocrx_word' id='word_1_550' title='bbox 2467 3253 2847 3322; x_wconf 84' lang='grc' dir='ltr'>νουθετηρίους</span> <span class='ocrx_word' id='word_1_551' title='bbox 2879 3252 3073 3318; x_wconf 81' lang='grc' dir='ltr'>λόγους</span> <span class='ocrx_word' id='word_1_552' title='bbox 3104 3253 3357 3318; x_wconf 73' lang='grc' dir='ltr'>ἀφαιρεῖν</span> <span class='ocrx_word' id='word_1_553' title='bbox 3404 3250 3500 3301; x_wconf 78' lang='grc' dir='ltr'>καὶ</span> <span class='ocrx_word' id='word_1_554' title='bbox 3541 3249 3639 3318; x_wconf 79' lang='grc' dir='ltr'>τὴν</span> <span class='ocrx_word' id='word_1_555' title='bbox 3684 3248 4042 3302; x_wconf 67' lang='grc' dir='ltr'>διδασκαλίαν</span> 
     </span>
    </p>
   </div>
   <div class='ocr_carea' id='block_1_77' title="bbox 2466 3338 4040 3414">
    <p class='ocr_par' dir='ltr' id='par_1_77' title="bbox 2466 3338 4040 3414">
     <span class='ocr_line' id='line_1_77' title="bbox 2466 3338 4040 3414; baseline -0.005 -18"><span class='ocrx_word' id='word_1_556' title='bbox 2466 3345 2781 3414; x_wconf 73' lang='grc' dir='ltr'>προελεῖνε,</span> <span class='ocrx_word' id='word_1_557' title='bbox 2821 3343 2956 3395; x_wconf 83' lang='grc' dir='ltr'>διότι</span> <span class='ocrx_word' id='word_1_558' title='bbox 2998 3342 3073 3411; x_wconf 77' lang='grc' dir='ltr'>μὴ</span> <span class='ocrx_word' id='word_1_559' title='bbox 3111 3341 3320 3402; x_wconf 77' lang='grc' dir='ltr'>πάντας</span> <span class='ocrx_word' id='word_1_560' title='bbox 3351 3339 3706 3409; x_wconf 79' lang='grc' dir='ltr'>πειθομένους</span> <span class='ocrx_word' id='word_1_561' title='bbox 3729 3339 3842 3407; x_wconf 70' lang='grc' dir='ltr'>ἔχοι</span> <span class='ocrx_word' id='word_1_562' title='bbox 3869 3353 3884 3366; x_wconf 92' lang='grc'><strong>·</strong></span> <span class='ocrx_word' id='word_1_563' title='bbox 3923 3338 4040 3389; x_wconf 78' lang='grc' dir='ltr'>ἀλλ’</span> 
     </span>
    </p>
   </div>
   <div class='ocr_carea' id='block_1_78' title="bbox 2465 3429 4046 3500">
    <p class='ocr_par' dir='ltr' id='par_1_78' title="bbox 2465 3429 4046 3500">
     <span class='ocr_line' id='line_1_78' title="bbox 2465 3429 4046 3500; baseline -0.006 -11"><span class='ocrx_word' id='word_1_564' title='bbox 2465 3437 2546 3489; x_wconf 79' lang='grc' dir='ltr'>ὅτι</span> <span class='ocrx_word' id='word_1_565' title='bbox 2579 3435 2793 3495; x_wconf 78' lang='grc' dir='ltr'>πολλοῖς</span> <span class='ocrx_word' id='word_1_566' title='bbox 2837 3433 3110 3500; x_wconf 69' lang='grc' dir='ltr'>ἐγγίνεται</span> <span class='ocrx_word' id='word_1_567' title='bbox 3141 3432 3208 3483; x_wconf 80' lang='grc' dir='ltr'><strong>δι’</strong></span> <span class='ocrx_word' id='word_1_568' title='bbox 3242 3431 3451 3492; x_wconf 78' lang='grc' dir='ltr'>αὐτῶν,</span> <span class='ocrx_word' id='word_1_569' title='bbox 3486 3431 3632 3497; x_wconf 76' lang='grc' dir='ltr'>φυγὴ</span> <span class='ocrx_word' id='word_1_570' title='bbox 3667 3431 3766 3498; x_wconf 71' lang='grc' dir='ltr'>μὲν</span> <span class='ocrx_word' id='word_1_571' title='bbox 3791 3429 3886 3480; x_wconf 86' lang='grc' dir='ltr'><strong>τοῦ</strong></span> <span class='ocrx_word' id='word_1_572' title='bbox 3928 3429 4046 3497; x_wconf 81' lang='grc' dir='ltr'>χεί-</span> 
     </span>
    </p>
   </div>
   <div class='ocr_carea' id='block_1_79' title="bbox 2471 3520 4044 3597">
    <p class='ocr_par' dir='ltr' id='par_1_79' title="bbox 2471 3520 4044 3597">
     <span class='ocr_line' id='line_1_79' title="bbox 2471 3520 4044 3597; baseline -0.004 -18"><span class='ocrx_word' id='word_1_573' title='bbox 2471 3544 2644 3597; x_wconf 84' lang='grc' dir='ltr'>ρονος,</span> <span class='ocrx_word' id='word_1_574' title='bbox 2677 3526 2888 3596; x_wconf 80' lang='grc' dir='ltr'>αἵρεσις</span> <span class='ocrx_word' id='word_1_575' title='bbox 2915 3523 2974 3576; x_wconf 65' lang='grc' dir='ltr'>δὲ</span> <span class='ocrx_word' id='word_1_576' title='bbox 3002 3521 3095 3575; x_wconf 86' lang='grc' dir='ltr'><strong>τοῦ</strong></span> <span class='ocrx_word' id='word_1_577' title='bbox 3125 3520 3416 3590; x_wconf 81' lang='grc' dir='ltr'>βελτίονος,</span> <span class='ocrx_word' id='word_1_578' title='bbox 3444 3521 3534 3573; x_wconf 71' lang='grc' dir='ltr'>διὰ</span> <span class='ocrx_word' id='word_1_579' title='bbox 3574 3521 3732 3572; x_wconf 68' lang='grc' dir='ltr'>ττῖτο</span> <span class='ocrx_word' id='word_1_580' title='bbox 3778 3522 3860 3572; x_wconf 79' lang='grc' dir='ltr'><strong>δεῖ</strong></span> <span class='ocrx_word' id='word_1_581' title='bbox 3906 3523 4044 3574; x_wconf 71' lang='grc' dir='ltr'>πάνυ</span> 
     </span>
    </p>
   </div>
   <div class='ocr_carea' id='block_1_80' title="bbox 2467 3610 4043 3684">
    <p class='ocr_par' dir='ltr' id='par_1_80' title="bbox 2467 3610 4043 3684">
     <span class='ocr_line' id='line_1_80' title="bbox 2467 3610 4043 3684; baseline -0.008 -15"><span class='ocrx_word' id='word_1_582' title='bbox 2467 3633 2567 3679; x_wconf 86' lang='grc' dir='ltr'><strong>τας</strong></span> <span class='ocrx_word' id='word_1_583' title='bbox 2610 3616 2700 3669; x_wconf 74' lang='grc' dir='ltr'><strong>ἐπ’</strong></span> <span class='ocrx_word' id='word_1_584' title='bbox 2746 3614 2947 3684; x_wconf 77' lang='grc' dir='ltr'>ἀρετὴν</span> <span class='ocrx_word' id='word_1_585' title='bbox 3005 3610 3367 3681; x_wconf 73' lang='grc' dir='ltr'>παρακαλεῖν.</span> <span class='ocrx_word' id='word_1_586' title='bbox 3421 3612 3656 3663; x_wconf 80' lang='grc' dir='ltr'>Κάκεῖνο</span> <span class='ocrx_word' id='word_1_587' title='bbox 3713 3610 3770 3662; x_wconf 83' lang='grc' dir='ltr'>δὲ</span> <span class='ocrx_word' id='word_1_588' title='bbox 3817 3612 4043 3662; x_wconf 77' lang='grc' dir='ltr'>σκοπεῖν</span> 
     </span>
    </p>
   </div>
   <div class='ocr_carea' id='block_1_81' title="bbox 2468 3691 4042 3770">
    <p class='ocr_par' dir='ltr' id='par_1_81' title="bbox 2468 3691 4042 3770">
     <span class='ocr_line' id='line_1_81' title="bbox 2468 3691 4042 3770; baseline -0.004 -13"><span class='ocrx_word' id='word_1_589' title='bbox 2468 3705 2698 3768; x_wconf 78' lang='grc' dir='ltr'>ἔξεστιν,</span> <span class='ocrx_word' id='word_1_590' title='bbox 2729 3705 2875 3764; x_wconf 75' lang='grc' dir='ltr'>ὅπως</span> <span class='ocrx_word' id='word_1_591' title='bbox 2908 3700 3075 3770; x_wconf 82' lang='grc' dir='ltr'>μηδὲν</span> <span class='ocrx_word' id='word_1_592' title='bbox 3120 3697 3501 3769; x_wconf 79' lang='grc' dir='ltr'>προορώμενος</span> <span class='ocrx_word' id='word_1_593' title='bbox 3539 3701 3568 3751; x_wconf 83' lang='grc' dir='ltr'><strong>ὁ</strong></span> <span class='ocrx_word' id='word_1_594' title='bbox 3613 3699 3834 3760; x_wconf 67' lang='grc' dir='ltr'>συνετὸς</span> <span class='ocrx_word' id='word_1_595' title='bbox 3886 3691 4042 3759; x_wconf 69' lang='grc' dir='ltr'>οὗτος</span> 
     </span>
    </p>
   </div>
   <div class='ocr_carea' id='block_1_82' title="bbox 2469 3787 4041 3862">
    <p class='ocr_par' dir='ltr' id='par_1_82' title="bbox 2469 3787 4041 3862">
     <span class='ocr_line' id='line_1_82' title="bbox 2469 3787 4041 3862; baseline -0.007 -15"><span class='ocrx_word' id='word_1_596' title='bbox 2469 3796 2564 3848; x_wconf 72' lang='grc' dir='ltr'>καὶ</span> <span class='ocrx_word' id='word_1_597' title='bbox 2589 3793 2759 3862; x_wconf 77' lang='grc' dir='ltr'>ταχὺς</span> <span class='ocrx_word' id='word_1_598' title='bbox 2788 3793 2845 3845; x_wconf 71' lang='lat' dir='ltr'><strong>tv</strong></span> <span class='ocrx_word' id='word_1_599' title='bbox 2872 3790 3094 3861; x_wconf 78' lang='grc' dir='ltr'>θεωρίᾳ,</span> <span class='ocrx_word' id='word_1_600' title='bbox 3123 3790 3186 3842; x_wconf 84' lang='grc' dir='ltr'>τὸ</span> <span class='ocrx_word' id='word_1_601' title='bbox 3212 3789 3366 3840; x_wconf 75' lang='grc' dir='ltr'>ἐπιὸν</span> <span class='ocrx_word' id='word_1_602' title='bbox 3393 3788 3568 3855; x_wconf 78' lang='grc' dir='ltr'>λέγοι·</span> <span class='ocrx_word' id='word_1_603' title='bbox 3611 3787 3736 3849; x_wconf 85' lang='grc' dir='ltr'>Πῶς</span> <span class='ocrx_word' id='word_1_604' title='bbox 3765 3787 3876 3858; x_wconf 83' lang='grc' dir='ltr'><strong>γὰρ</strong></span> <span class='ocrx_word' id='word_1_605' title='bbox 3900 3787 4041 3841; x_wconf 73' lang='grc' dir='ltr'>πάν-</span> 
     </span>
    </p>
   </div>
   <div class='ocr_carea' id='block_1_83' title="bbox 2468 3877 4042 3954">
    <p class='ocr_par' dir='ltr' id='par_1_83' title="bbox 2468 3877 4042 3954">
     <span class='ocr_line' id='line_1_83' title="bbox 2468 3877 4042 3954; baseline -0.006 -16"><span class='ocrx_word' id='word_1_606' title='bbox 2468 3902 2558 3948; x_wconf 85' lang='grc' dir='ltr'><strong>τες</strong></span> <span class='ocrx_word' id='word_1_607' title='bbox 2595 3885 2958 3954; x_wconf 72' lang='grc' dir='ltr'>πωλήσωσινς</span> <span class='ocrx_word' id='word_1_608' title='bbox 2985 3877 3134 3951; x_wconf 72' lang='grc' dir='ltr'>Ἆρα</span> <span class='ocrx_word' id='word_1_609' title='bbox 3186 3881 3386 3941; x_wconf 83' lang='grc' dir='ltr'>πάντες</span> <span class='ocrx_word' id='word_1_610' title='bbox 3426 3878 3693 3941; x_wconf 77' lang='grc' dir='ltr'>πλούσιοι,</span> <span class='ocrx_word' id='word_1_611' title='bbox 3728 3880 3821 3931; x_wconf 76' lang='grc' dir='ltr'>καὶ</span> <span class='ocrx_word' id='word_1_612' title='bbox 3871 3880 4042 3946; x_wconf 74' lang='grc' dir='ltr'>πένης</span> 
     </span>
    </p>
   </div>
   <div class='ocr_carea' id='block_1_84' title="bbox 2469 3969 4045 4041">
    <p class='ocr_par' dir='ltr' id='par_1_84' title="bbox 2469 3969 4045 4041">
     <span class='ocr_line' id='line_1_84' title="bbox 2469 3969 4045 4041; baseline -0.007 -11"><span class='ocrx_word' id='word_1_613' title='bbox 2469 3977 2676 4041; x_wconf 80' lang='grc' dir='ltr'>οὐδείς;</span> <span class='ocrx_word' id='word_1_614' title='bbox 2706 3975 2886 4037; x_wconf 80' lang='grc' dir='ltr'>οὐδεὶς</span> <span class='ocrx_word' id='word_1_615' title='bbox 2913 3974 2972 4027; x_wconf 70' lang='grc' dir='ltr'>δὲ</span> <span class='ocrx_word' id='word_1_616' title='bbox 3001 3972 3123 4026; x_wconf 71' lang='grc' dir='ltr'>οὐδὶ</span> <span class='ocrx_word' id='word_1_617' title='bbox 3153 3971 3265 4024; x_wconf 83' lang='grc' dir='ltr'><strong>τῶν</strong></span> <span class='ocrx_word' id='word_1_618' title='bbox 3287 3973 3344 4024; x_wconf 73' lang='grc' dir='ltr'>ἑν</span> <span class='ocrx_word' id='word_1_619' title='bbox 3371 3970 3672 4039; x_wconf 75' lang='grc' dir='ltr'>αὐταρκείᾳ</span> <span class='ocrx_word' id='word_1_620' title='bbox 3699 3971 3839 4041; x_wconf 74' lang='grc' dir='ltr'>μόνῃ</span> <span class='ocrx_word' id='word_1_621' title='bbox 3869 3969 4045 4038; x_wconf 84' lang='grc' dir='ltr'>βιούν-</span> 
     </span>
    </p>
   </div>
   <div class='ocr_carea' id='block_1_85' title="bbox 2468 4059 4041 4132">
    <p class='ocr_par' dir='ltr' id='par_1_85' title="bbox 2468 4059 4041 4132">
     <span class='ocr_line' id='line_1_85' title="bbox 2468 4059 4041 4132; baseline -0.004 -13"><span class='ocrx_word' id='word_1_622' title='bbox 2468 4083 2610 4128; x_wconf 80' lang='grc' dir='ltr'>τωνς</span> <span class='ocrx_word' id='word_1_623' title='bbox 2648 4064 2839 4118; x_wconf 82' lang='grc' dir='ltr'>Καίτοι</span> <span class='ocrx_word' id='word_1_624' title='bbox 2866 4064 2926 4117; x_wconf 82' lang='grc' dir='ltr'><strong>τὸ</strong></span> <span class='ocrx_word' id='word_1_625' title='bbox 2953 4062 3213 4115; x_wconf 85' lang='grc' dir='ltr'>πλεῖστον</span> <span class='ocrx_word' id='word_1_626' title='bbox 3250 4059 3360 4115; x_wconf 84' lang='grc' dir='ltr'><strong>τῶν</strong></span> <span class='ocrx_word' id='word_1_627' title='bbox 3389 4059 3698 4132; x_wconf 84' lang='grc' dir='ltr'>ἀνθρώπων</span> <span class='ocrx_word' id='word_1_628' title='bbox 3756 4062 3815 4112; x_wconf 78' lang='grc' dir='ltr'>ὲν</span> <span class='ocrx_word' id='word_1_629' title='bbox 3859 4060 4041 4113; x_wconf 80' lang='grc' dir='ltr'>τοιού-</span> 
     </span>
    </p>
   </div>
   <div class='ocr_carea' id='block_1_86' title="bbox 2467 4155 3269 4227">
    <p class='ocr_par' dir='ltr' id='par_1_86' title="bbox 2467 4155 3269 4227">
     <span class='ocr_line' id='line_1_86' title="bbox 2467 4155 3269 4227; baseline -0.006 -14"><span class='ocrx_word' id='word_1_630' title='bbox 2467 4177 2580 4221; x_wconf 86' lang='grc' dir='ltr'>τοις</span> <span class='ocrx_word' id='word_1_631' title='bbox 2611 4156 2829 4227; x_wconf 79' lang='grc' dir='ltr'>ὁρῶμεν</span> <span class='ocrx_word' id='word_1_632' title='bbox 2858 4155 3269 4224; x_wconf 74' lang='grc' dir='ltr'>ἐξεταζόμενον.</span> 
     </span>
    </p>
   </div>
   <div class='ocr_carea' id='block_1_87' title="bbox 2541 4242 4044 4317">
    <p class='ocr_par' dir='ltr' id='par_1_87' title="bbox 2541 4242 4044 4317">
     <span class='ocr_line' id='line_1_87' title="bbox 2541 4242 4044 4317; baseline -0.007 -13"><span class='ocrx_word' id='word_1_633' title='bbox 2541 4249 2793 4304; x_wconf 83' lang='grc' dir='ltr'>Πλούσιοι</span> <span class='ocrx_word' id='word_1_634' title='bbox 2813 4249 2871 4302; x_wconf 66' lang='grc' dir='ltr'>δὲ</span> <span class='ocrx_word' id='word_1_635' title='bbox 2901 4247 3051 4317; x_wconf 86' lang='grc' dir='ltr'><strong>παρά</strong></span> <span class='ocrx_word' id='word_1_636' title='bbox 3075 4246 3208 4298; x_wconf 80' lang='grc' dir='ltr'>πολὺ</span> <span class='ocrx_word' id='word_1_637' title='bbox 3229 4243 3337 4297; x_wconf 86' lang='grc' dir='ltr'><strong>τῶν</strong></span> <span class='ocrx_word' id='word_1_638' title='bbox 3358 4243 3534 4297; x_wconf 83' lang='grc' dir='ltr'>ἀλλων</span> <span class='ocrx_word' id='word_1_639' title='bbox 3553 4242 3831 4305; x_wconf 70' lang='grc' dir='ltr'>ελάττους.</span> <span class='ocrx_word' id='word_1_640' title='bbox 3871 4243 4044 4295; x_wconf 77' lang='grc' dir='ltr'>Πόθεν</span> 
     </span>
    </p>
   </div>
   <div class='ocr_carea' id='block_1_88' title="bbox 2468 4330 4045 4412">
    <p class='ocr_par' dir='ltr' id='par_1_88' title="bbox 2468 4330 4045 4412">
     <span class='ocr_line' id='line_1_88' title="bbox 2468 4330 4045 4412; baseline -0.009 -12"><span class='ocrx_word' id='word_1_641' title='bbox 2468 4342 2560 4400; x_wconf 78' lang='grc' dir='ltr'>οὖν</span> <span class='ocrx_word' id='word_1_642' title='bbox 2593 4345 2802 4406; x_wconf 77' lang='grc' dir='ltr'>πάντας</span> <span class='ocrx_word' id='word_1_643' title='bbox 2825 4341 3144 4412; x_wconf 79' lang='grc' dir='ltr'>ἀνθρώπους</span> <span class='ocrx_word' id='word_1_644' title='bbox 3173 4337 3461 4400; x_wconf 85' lang='grc' dir='ltr'>πλουσίους</span> <span class='ocrx_word' id='word_1_645' title='bbox 3494 4330 3674 4406; x_wconf 76' lang='grc' dir='ltr'>εὗρες,</span> <span class='ocrx_word' id='word_1_646' title='bbox 3705 4337 3803 4389; x_wconf 80' lang='grc' dir='ltr'>καὶ</span> <span class='ocrx_word' id='word_1_647' title='bbox 3841 4337 4045 4388; x_wconf 77' lang='grc' dir='ltr'>πωλεῖν</span> 
     </span>
    </p>
   </div>
   <div class='ocr_carea' id='block_1_89' title="bbox 2470 4427 4046 4501">
    <p class='ocr_par' dir='ltr' id='par_1_89' title="bbox 2470 4427 4046 4501">
     <span class='ocr_line' id='line_1_89' title="bbox 2470 4427 4046 4501; baseline 0.006 -12"><span class='ocrx_word' id='word_1_648' title='bbox 2470 4437 2667 4497; x_wconf 70' lang='grc' dir='ltr'>αὐτοὺς</span> <span class='ocrx_word' id='word_1_649' title='bbox 2709 4434 2782 4486; x_wconf 83' lang='grc' dir='ltr'>τὰ</span> <span class='ocrx_word' id='word_1_650' title='bbox 2819 4433 3132 4501; x_wconf 75' lang='grc' dir='ltr'>ὑπάρχοντα</span> <span class='ocrx_word' id='word_1_651' title='bbox 3175 4427 3490 4500; x_wconf 82' lang='grc' dir='ltr'>πειθηνίους</span> <span class='ocrx_word' id='word_1_652' title='bbox 3535 4427 3693 4496; x_wconf 67' lang='grc' dir='ltr'>ἔσχες</span> <span class='ocrx_word' id='word_1_653' title='bbox 3716 4446 3731 4493; x_wconf 88' lang='grc'>;</span> <span class='ocrx_word' id='word_1_654' title='bbox 3776 4427 3940 4492; x_wconf 73' lang='grc' dir='ltr'><strong>Ἀλλό</strong></span> <span class='ocrx_word' id='word_1_655' title='bbox 3970 4429 4046 4490; x_wconf 67' lang='grc' dir='ltr'><strong>ὡς</strong></span> 
     </span>
    </p>
   </div>
   <div class='ocr_carea' id='block_1_90' title="bbox 787 4516 2359 4600">
    <p class='ocr_par' dir='ltr' id='par_1_90' title="bbox 787 4516 2357 4589">
     <span class='ocr_line' id='line_1_90' title="bbox 787 4516 2357 4589; baseline 0.004 -17"><span class='ocrx_word' id='word_1_656' title='bbox 787 4516 1006 4588; x_wconf 85' lang='lat' dir='ltr'><strong>publica</strong></span> <span class='ocrx_word' id='word_1_657' title='bbox 1065 4517 1394 4586; x_wconf 82' lang='lat' dir='ltr'><strong>collegisse,</strong></span> <span class='ocrx_word' id='word_1_658' title='bbox 1451 4534 1646 4589; x_wconf 84' lang='lat' dir='ltr'><strong>nempe</strong></span> <span class='ocrx_word' id='word_1_659' title='bbox 1708 4521 1900 4575; x_wconf 90' lang='lat' dir='ltr'><strong>nullibi</strong></span> <span class='ocrx_word' id='word_1_660' title='bbox 1958 4522 2357 4587; x_wconf 72' lang='lat' dir='ltr'><strong>invenienilos,</strong></span> 
     </span>
    </p>
   </div>
   <div class='ocr_carea' id='block_1_91' title="bbox 2461 4516 4046 4600">
    <p class='ocr_par' dir='ltr' id='par_1_91' title="bbox 2464 4523 4046 4600">
     <span class='ocr_line' id='line_1_91' title="bbox 2464 4523 4046 4600; baseline -0.008 -14"><span class='ocrx_word' id='word_1_661' title='bbox 2464 4532 2660 4597; x_wconf 73' lang='grc' dir='ltr'>ἔοικεν,</span> <span class='ocrx_word' id='word_1_662' title='bbox 2685 4532 2748 4584; x_wconf 75' lang='grc' dir='ltr'>ἐκ</span> <span class='ocrx_word' id='word_1_663' title='bbox 2763 4529 2860 4600; x_wconf 84' lang='grc' dir='ltr'><strong>τῆς</strong></span> <span class='ocrx_word' id='word_1_664' title='bbox 2883 4528 3167 4590; x_wconf 81' lang='grc' dir='ltr'>Πλάτωνος</span> <span class='ocrx_word' id='word_1_665' title='bbox 3191 4525 3416 4588; x_wconf 85' lang='grc' dir='ltr'>τούτους</span> <span class='ocrx_word' id='word_1_666' title='bbox 3448 4523 3714 4588; x_wconf 79' lang='grc' dir='ltr'>συνελέξω</span> <span class='ocrx_word' id='word_1_667' title='bbox 3741 4524 4046 4589; x_wconf 79' lang='grc' dir='ltr'>πολιτείας,</span> 
     </span>
    </p>
   </div>
   <div class='ocr_carea' id='block_1_92' title="bbox 787 4607 2359 4681">
    <p class='ocr_par' dir='ltr' id='par_1_92' title="bbox 787 4607 2359 4681">
     <span class='ocr_line' id='line_1_92' title="bbox 787 4607 2359 4681; baseline 0.003 -19"><span class='ocrx_word' id='word_1_668' title='bbox 787 4622 1055 4678; x_wconf 81' lang='lat' dir='ltr'><strong>nusquam</strong></span> <span class='ocrx_word' id='word_1_669' title='bbox 1078 4607 1376 4662; x_wconf 79' lang='lat' dir='ltr'><strong>exsistente</strong></span> <span class='ocrx_word' id='word_1_670' title='bbox 1403 4608 1496 4662; x_wconf 93' lang='lat' dir='ltr'><strong>tali</strong></span> <span class='ocrx_word' id='word_1_671' title='bbox 1526 4609 1822 4680; x_wconf 89' lang='lat' dir='ltr'><strong>republica.</strong></span> <span class='ocrx_word' id='word_1_672' title='bbox 1847 4609 1904 4664; x_wconf 92' lang='lat' dir='ltr'><strong>Si</strong></span> <span class='ocrx_word' id='word_1_673' title='bbox 1931 4611 2055 4680; x_wconf 89' lang='lat' dir='ltr'><strong>quis</strong></span> <span class='ocrx_word' id='word_1_674' title='bbox 2081 4613 2359 4681; x_wconf 90' lang='lat' dir='ltr'><strong>egregium</strong></span> 
     </span>
    </p>
   </div>
   <div class='ocr_carea' id='block_1_93' title="bbox 789 4697 2361 4773">
    <p class='ocr_par' dir='ltr' id='par_1_93' title="bbox 789 4697 2361 4773">
     <span class='ocr_line' id='line_1_93' title="bbox 789 4697 2361 4773; baseline 0.005 -23"><span class='ocrx_word' id='word_1_675' title='bbox 789 4709 946 4752; x_wconf 90' lang='lat' dir='ltr'><strong>tuum</strong></span> <span class='ocrx_word' id='word_1_676' title='bbox 1006 4697 1110 4753; x_wconf 92' lang='lat' dir='ltr'><strong>boc</strong></span> <span class='ocrx_word' id='word_1_677' title='bbox 1161 4706 1215 4752; x_wconf 91' lang='lat' dir='ltr'><strong>et</strong></span> <span class='ocrx_word' id='word_1_678' title='bbox 1263 4699 1544 4754; x_wconf 85' lang='lat' dir='ltr'><strong>curiosum</strong></span> <span class='ocrx_word' id='word_1_679' title='bbox 1602 4715 1869 4766; x_wconf 82' lang='lat' dir='ltr'><strong>examen,</strong></span> <span class='ocrx_word' id='word_1_680' title='bbox 1922 4711 1977 4755; x_wconf 92' lang='lat' dir='ltr'><strong>et</strong></span> <span class='ocrx_word' id='word_1_681' title='bbox 2032 4703 2361 4773; x_wconf 81' lang='lat' dir='ltr'><strong>exquisitam</strong></span> 
     </span>
    </p>
   </div>
   <div class='ocr_carea' id='block_1_94' title="bbox 788 4791 2366 4863">
    <p class='ocr_par' dir='ltr' id='par_1_94' title="bbox 788 4791 2366 4863">
     <span class='ocr_line' id='line_1_94' title="bbox 788 4791 2366 4863; baseline 0.006 -19"><span class='ocrx_word' id='word_1_682' title='bbox 788 4791 1114 4861; x_wconf 74' lang='lat' dir='ltr'><strong>ignorantia:</strong></span> <span class='ocrx_word' id='word_1_683' title='bbox 1154 4791 1326 4861; x_wconf 89' lang='lat' dir='ltr'><strong>legem</strong></span> <span class='ocrx_word' id='word_1_684' title='bbox 1360 4793 1414 4846; x_wconf 91' lang='lat' dir='ltr'><strong>in</strong></span> <span class='ocrx_word' id='word_1_685' title='bbox 1443 4795 1559 4863; x_wconf 85' lang='lat' dir='ltr'><strong>ipsa</strong></span> <span class='ocrx_word' id='word_1_686' title='bbox 1586 4795 1794 4849; x_wconf 87' lang='lat' dir='ltr'><strong>sancita</strong></span> <span class='ocrx_word' id='word_1_687' title='bbox 1818 4795 1946 4849; x_wconf 88' lang='lat' dir='ltr'><strong>velit</strong></span> <span class='ocrx_word' id='word_1_688' title='bbox 1975 4798 2274 4862; x_wconf 88' lang='lat' dir='ltr'><strong>remittere,</strong></span> <span class='ocrx_word' id='word_1_689' title='bbox 2310 4807 2366 4853; x_wconf 89' lang='lat' dir='ltr'><strong>et</strong></span> 
     </span>
    </p>
   </div>
   <div class='ocr_carea' id='block_1_95' title="bbox 790 4882 2363 4960">
    <p class='ocr_par' dir='ltr' id='par_1_95' title="bbox 790 4882 2363 4960">
     <span class='ocr_line' id='line_1_95' title="bbox 790 4882 2363 4960; baseline 0.006 -23"><span class='ocrx_word' id='word_1_690' title='bbox 790 4882 1132 4937; x_wconf 88' lang='lat' dir='ltr'><strong>admirabilia</strong></span> <span class='ocrx_word' id='word_1_691' title='bbox 1169 4884 1460 4942; x_wconf 88' lang='lat' dir='ltr'><strong>doctorum</strong></span> <span class='ocrx_word' id='word_1_692' title='bbox 1490 4893 1547 4939; x_wconf 90' lang='lat' dir='ltr'><strong>et</strong></span> <span class='ocrx_word' id='word_1_693' title='bbox 1575 4885 1844 4956; x_wconf 85' lang='lat' dir='ltr'><strong>majorum</strong></span> <span class='ocrx_word' id='word_1_694' title='bbox 1879 4888 2363 4960; x_wconf 87' lang='lat' dir='ltr'><strong>apophthegmata,</strong></span> 
     </span>
    </p>
   </div>
   <div class='ocr_carea' id='block_1_96' title="bbox 790 4975 2362 5051">
    <p class='ocr_par' dir='ltr' id='par_1_96' title="bbox 790 4975 2362 5051">
     <span class='ocr_line' id='line_1_96' title="bbox 790 4975 2362 5051; baseline 0.005 -22"><span class='ocrx_word' id='word_1_695' title='bbox 790 4977 938 5032; x_wconf 87' lang='lat' dir='ltr'><strong>risus</strong></span> <span class='ocrx_word' id='word_1_696' title='bbox 975 4985 1028 5031; x_wconf 83' lang='lat' dir='ltr'><strong>et</strong></span> <span class='ocrx_word' id='word_1_697' title='bbox 1057 4975 1280 5030; x_wconf 88' lang='lat' dir='ltr'><strong>ludibrii</strong></span> <span class='ocrx_word' id='word_1_698' title='bbox 1316 4985 1701 5046; x_wconf 85' lang='lat' dir='ltr'><strong>argumentum</strong></span> <span class='ocrx_word' id='word_1_699' title='bbox 1730 4978 1945 5034; x_wconf 90' lang='lat' dir='ltr'><strong>abunde</strong></span> <span class='ocrx_word' id='word_1_700' title='bbox 1977 4981 2362 5051; x_wconf 86' lang='lat' dir='ltr'><strong>suppeditare-</strong></span> 
     </span>
    </p>
   </div>
   <div class='ocr_carea' id='block_1_97' title="bbox 791 5069 2365 5139">
    <p class='ocr_par' dir='ltr' id='par_1_97' title="bbox 791 5069 2365 5139">
     <span class='ocr_line' id='line_1_97' title="bbox 791 5069 2365 5139; baseline 0.004 -16"><span class='ocrx_word' id='word_1_701' title='bbox 791 5080 1180 5129; x_wconf 78' lang='lat' dir='ltr'><strong>tur;examen</strong></span> <span class='ocrx_word' id='word_1_702' title='bbox 1224 5069 1354 5123; x_wconf 86' lang='lat' dir='ltr'><strong>illud</strong></span> <span class='ocrx_word' id='word_1_703' title='bbox 1409 5079 1564 5125; x_wconf 91' lang='lat' dir='ltr'><strong>tuum</strong></span> <span class='ocrx_word' id='word_1_704' title='bbox 1616 5070 1673 5125; x_wconf 92' lang='lat' dir='ltr'><strong>in</strong></span> <span class='ocrx_word' id='word_1_705' title='bbox 1719 5085 1823 5126; x_wconf 87' lang='lat' dir='ltr'><strong>nos</strong></span> <span class='ocrx_word' id='word_1_706' title='bbox 1873 5073 2170 5139; x_wconf 86' lang='lat' dir='ltr'><strong>collatum,</strong></span> <span class='ocrx_word' id='word_1_707' title='bbox 2229 5075 2365 5129; x_wconf 88' lang='lat' dir='ltr'><strong>nihil</strong></span> 
     </span>
    </p>
   </div>
   <div class='ocr_carea' id='block_1_98' title="bbox 789 5158 2360 5232">
    <p class='ocr_par' dir='ltr' id='par_1_98' title="bbox 789 5158 2360 5232">
     <span class='ocr_line' id='line_1_98' title="bbox 789 5158 2360 5232; baseline 0.004 -19"><span class='ocrx_word' id='word_1_708' title='bbox 789 5166 986 5229; x_wconf 68' lang='lat' dir='ltr'><strong>preter</strong></span> <span class='ocrx_word' id='word_1_709' title='bbox 1011 5158 1263 5215; x_wconf 88' lang='lat' dir='ltr'><strong>hostilem</strong></span> <span class='ocrx_word' id='word_1_710' title='bbox 1289 5159 1644 5227; x_wconf 87' lang='lat' dir='ltr'><strong>calumniam,</strong></span> <span class='ocrx_word' id='word_1_711' title='bbox 1669 5161 2019 5218; x_wconf 89' lang='lat' dir='ltr'><strong>ambitionem</strong></span> <span class='ocrx_word' id='word_1_712' title='bbox 2051 5165 2360 5232; x_wconf 83' lang='lat' dir='ltr'><strong>gloriosuli,</strong></span> 
     </span>
    </p>
   </div>
   <div class='ocr_carea' id='block_1_99' title="bbox 791 5251 2358 5325">
    <p class='ocr_par' dir='ltr' id='par_1_99' title="bbox 791 5251 2358 5325">
     <span class='ocr_line' id='line_1_99' title="bbox 791 5251 2358 5325; baseline 0.004 -21"><span class='ocrx_word' id='word_1_713' title='bbox 791 5251 928 5306; x_wconf 89' lang='lat' dir='ltr'><strong>nihil</strong></span> <span class='ocrx_word' id='word_1_714' title='bbox 952 5251 1074 5306; x_wconf 91' lang='lat' dir='ltr'><strong>sani</strong></span> <span class='ocrx_word' id='word_1_715' title='bbox 1100 5261 1353 5322; x_wconf 88' lang='lat' dir='ltr'><strong>suggeret</strong></span> <span class='ocrx_word' id='word_1_716' title='bbox 1384 5253 1570 5322; x_wconf 88' lang='lat' dir='ltr'><strong>:quod</strong></span> <span class='ocrx_word' id='word_1_717' title='bbox 1603 5252 1652 5308; x_wconf 88' lang='lat' dir='ltr'><strong>si</strong></span> <span class='ocrx_word' id='word_1_718' title='bbox 1685 5253 1739 5308; x_wconf 93' lang='lat' dir='ltr'><strong>in</strong></span> <span class='ocrx_word' id='word_1_719' title='bbox 1765 5262 2022 5310; x_wconf 83' lang='lat' dir='ltr'><strong>auctores</strong></span> <span class='ocrx_word' id='word_1_720' title='bbox 2055 5266 2358 5325; x_wconf 86' lang='lat' dir='ltr'><strong>regeratur,</strong></span> 
     </span>
    </p>
   </div>
   <div class='ocr_carea' id='block_1_100' title="bbox 790 5343 2363 5416">
    <p class='ocr_par' dir='ltr' id='par_1_100' title="bbox 790 5343 2363 5416">
     <span class='ocr_line' id='line_1_100' title="bbox 790 5343 2363 5416; baseline 0.003 -18"><span class='ocrx_word' id='word_1_721' title='bbox 790 5344 876 5398; x_wconf 82' lang='lat' dir='ltr'><strong>lex</strong></span> <span class='ocrx_word' id='word_1_722' title='bbox 907 5343 1014 5398; x_wconf 91' lang='lat' dir='ltr'><strong>erit</strong></span> <span class='ocrx_word' id='word_1_723' title='bbox 1040 5345 1273 5400; x_wconf 85' lang='lat' dir='ltr'><strong>amantis</strong></span> <span class='ocrx_word' id='word_1_724' title='bbox 1305 5343 1429 5411; x_wconf 90' lang='lat' dir='ltr'><strong>viri,</strong></span> <span class='ocrx_word' id='word_1_725' title='bbox 1456 5344 1725 5416; x_wconf 87' lang='lat' dir='ltr'><strong>judicium</strong></span> <span class='ocrx_word' id='word_1_726' title='bbox 1763 5344 2068 5402; x_wconf 82' lang='lat' dir='ltr'><strong>inimicitiis</strong></span> <span class='ocrx_word' id='word_1_727' title='bbox 2099 5362 2363 5414; x_wconf 89' lang='lat' dir='ltr'><strong>vacuum,</strong></span> 
     </span>
    </p>
   </div>
   <div class='ocr_carea' id='block_1_101' title="bbox 789 5432 2364 5508">
    <p class='ocr_par' dir='ltr' id='par_1_101' title="bbox 789 5432 2364 5508">
     <span class='ocr_line' id='line_1_101' title="bbox 789 5432 2364 5508; baseline 0.004 -21"><span class='ocrx_word' id='word_1_728' title='bbox 789 5432 1104 5504; x_wconf 80' lang='lat' dir='ltr'><strong>redargutio</strong></span> <span class='ocrx_word' id='word_1_729' title='bbox 1144 5449 1293 5500; x_wconf 89' lang='lat' dir='ltr'><strong>vera,</strong></span> <span class='ocrx_word' id='word_1_730' title='bbox 1329 5451 1433 5491; x_wconf 89' lang='lat' dir='ltr'><strong>nec</strong></span> <span class='ocrx_word' id='word_1_731' title='bbox 1459 5437 1684 5506; x_wconf 86' lang='lat' dir='ltr'><strong>injuria.</strong></span> <span class='ocrx_word' id='word_1_732' title='bbox 1723 5434 1840 5491; x_wconf 85' lang='lat' dir='ltr'><strong>Tua</strong></span> <span class='ocrx_word' id='word_1_733' title='bbox 1873 5437 2011 5493; x_wconf 88' lang='lat' dir='ltr'><strong>scita</strong></span> <span class='ocrx_word' id='word_1_734' title='bbox 2044 5438 2234 5508; x_wconf 88' lang='lat' dir='ltr'><strong>igitur,</strong></span> <span class='ocrx_word' id='word_1_735' title='bbox 2269 5455 2364 5508; x_wconf 87' lang='lat' dir='ltr'><strong>per</strong></span> 
     </span>
    </p>
   </div>
   <div class='ocr_carea' id='block_1_102' title="bbox 790 5525 2364 5596">
    <p class='ocr_par' dir='ltr' id='par_1_102' title="bbox 790 5525 2364 5596">
     <span class='ocr_line' id='line_1_102' title="bbox 790 5525 2364 5596; baseline 0.004 -16"><span class='ocrx_word' id='word_1_736' title='bbox 790 5533 884 5581; x_wconf 86' lang='lat' dir='ltr'><strong>tua</strong></span> <span class='ocrx_word' id='word_1_737' title='bbox 911 5525 1050 5583; x_wconf 82' lang='lat' dir='ltr'><strong>scita</strong></span> <span class='ocrx_word' id='word_1_738' title='bbox 1094 5536 1437 5596; x_wconf 85' lang='lat' dir='ltr'><strong>evertuntur,</strong></span> <span class='ocrx_word' id='word_1_739' title='bbox 1486 5538 1544 5584; x_wconf 87' lang='lat' dir='ltr'><strong>et</strong></span> <span class='ocrx_word' id='word_1_740' title='bbox 1569 5527 1956 5585; x_wconf 85' lang='lat' dir='ltr'><strong>dill‘unduntur</strong></span> <span class='ocrx_word' id='word_1_741' title='bbox 2003 5531 2204 5596; x_wconf 87' lang='lat' dir='ltr'><strong>irrisa;</strong></span> <span class='ocrx_word' id='word_1_742' title='bbox 2238 5545 2364 5586; x_wconf 88' lang='lat' dir='ltr'><strong>cum</strong></span> 
     </span>
    </p>
   </div>
   <div class='ocr_carea' id='block_1_103' title="bbox 2459 4616 4028 4693">
    <p class='ocr_par' dir='ltr' id='par_1_103' title="bbox 2459 4616 4028 4693">
     <span class='ocr_line' id='line_1_103' title="bbox 2459 4616 4028 4693; baseline -0.007 -15"><span class='ocrx_word' id='word_1_743' title='bbox 2459 4628 2523 4678; x_wconf 73' lang='grc' dir='ltr'>ἐκ</span> <span class='ocrx_word' id='word_1_744' title='bbox 2550 4624 2650 4692; x_wconf 80' lang='grc' dir='ltr'>τῆς</span> <span class='ocrx_word' id='word_1_745' title='bbox 2678 4620 2902 4693; x_wconf 85' lang='grc' dir='ltr'>μηδαμῆ</span> <span class='ocrx_word' id='word_1_746' title='bbox 2949 4617 3212 4690; x_wconf 82' lang='grc' dir='ltr'>μηδαμῶς</span> <span class='ocrx_word' id='word_1_747' title='bbox 3251 4616 3590 4687; x_wconf 78' lang='grc' dir='ltr'>ὑφεστώσης,</span> <span class='ocrx_word' id='word_1_748' title='bbox 3621 4617 3747 4678; x_wconf 83' lang='grc' dir='ltr'>τοὺς</span> <span class='ocrx_word' id='word_1_749' title='bbox 3783 4616 4028 4684; x_wconf 83' lang='grc' dir='ltr'>οὐδαμοῦ</span> 
     </span>
    </p>
   </div>
   <div class='ocr_carea' id='block_1_104' title="bbox 2462 4705 4048 4785">
    <p class='ocr_par' dir='ltr' id='par_1_104' title="bbox 2462 4705 4048 4785">
     <span class='ocr_line' id='line_1_104' title="bbox 2462 4705 4048 4785; baseline -0.008 -17"><span class='ocrx_word' id='word_1_750' title='bbox 2462 4713 2905 4785; x_wconf 67' lang='grc' dir='ltr'>εὑρισκομένους.</span> <span class='ocrx_word' id='word_1_751' title='bbox 2938 4709 3001 4764; x_wconf 85' lang='lat' dir='ltr'><strong>El</strong></span> <span class='ocrx_word' id='word_1_752' title='bbox 3035 4708 3096 4761; x_wconf 78' lang='grc' dir='ltr'>δέ</span> <span class='ocrx_word' id='word_1_753' title='bbox 3129 4724 3212 4770; x_wconf 89' lang='grc' dir='ltr'><strong>τις</strong></span> <span class='ocrx_word' id='word_1_754' title='bbox 3242 4707 3342 4776; x_wconf 75' lang='grc' dir='ltr'>τὴν</span> <span class='ocrx_word' id='word_1_755' title='bbox 3367 4707 3543 4775; x_wconf 79' lang='grc' dir='ltr'>καλήν</span> <span class='ocrx_word' id='word_1_756' title='bbox 3577 4721 3672 4758; x_wconf 72' lang='grc' dir='ltr'><strong>σου</strong></span> <span class='ocrx_word' id='word_1_757' title='bbox 3711 4705 3916 4772; x_wconf 81' lang='grc' dir='ltr'>ταύτην</span> <span class='ocrx_word' id='word_1_758' title='bbox 3950 4705 4048 4757; x_wconf 83' lang='grc' dir='ltr'>καὶ</span> 
     </span>
    </p>
   </div>
   <div class='ocr_carea' id='block_1_105' title="bbox 2463 4795 4046 4875">
    <p class='ocr_par' dir='ltr' id='par_1_105' title="bbox 2463 4795 4046 4875">
     <span class='ocr_line' id='line_1_105' title="bbox 2463 4795 4046 4875; baseline -0.008 -17"><span class='ocrx_word' id='word_1_759' title='bbox 2463 4806 2752 4875; x_wconf 86' lang='grc' dir='ltr'>περίεργον</span> <span class='ocrx_word' id='word_1_760' title='bbox 2782 4802 3011 4873; x_wconf 81' lang='grc' dir='ltr'>βάσανον</span> <span class='ocrx_word' id='word_1_761' title='bbox 3034 4798 3131 4852; x_wconf 77' lang='grc' dir='ltr'>καὶ</span> <span class='ocrx_word' id='word_1_762' title='bbox 3159 4797 3252 4850; x_wconf 84' lang='grc' dir='ltr'><strong>τδν</strong></span> <span class='ocrx_word' id='word_1_763' title='bbox 3281 4795 3484 4868; x_wconf 76' lang='grc' dir='ltr'>ἀκριϐῆ</span> <span class='ocrx_word' id='word_1_764' title='bbox 3524 4796 3623 4864; x_wconf 79' lang='grc' dir='ltr'>τῆς</span> <span class='ocrx_word' id='word_1_765' title='bbox 3649 4795 3837 4858; x_wconf 81' lang='grc' dir='ltr'>ἀνοίας</span> <span class='ocrx_word' id='word_1_766' title='bbox 3857 4795 4046 4862; x_wconf 68' lang='grc' dir='ltr'>νὸμον,</span> 
     </span>
    </p>
   </div>
   <div class='ocr_carea' id='block_1_106' title="bbox 2465 4884 4050 4960">
    <p class='ocr_par' dir='ltr' id='par_1_106' title="bbox 2465 4884 4050 4960">
     <span class='ocr_line' id='line_1_106' title="bbox 2465 4884 4050 4960; baseline -0.007 -12"><span class='ocrx_word' id='word_1_767' title='bbox 2465 4897 2558 4949; x_wconf 75' lang='grc' dir='ltr'><strong>ἐπὶ</strong></span> <span class='ocrx_word' id='word_1_768' title='bbox 2587 4895 2683 4956; x_wconf 83' lang='grc' dir='ltr'><strong>τὰς</strong></span> <span class='ocrx_word' id='word_1_769' title='bbox 2713 4891 2814 4955; x_wconf 86' lang='grc' dir='ltr'><strong>σάς</strong></span> <span class='ocrx_word' id='word_1_770' title='bbox 2849 4890 3122 4960; x_wconf 75' lang='grc' dir='ltr'>ὲπαφήσει</span> <span class='ocrx_word' id='word_1_771' title='bbox 3157 4886 3500 4956; x_wconf 86' lang='grc' dir='ltr'>νομοθεσίας,</span> <span class='ocrx_word' id='word_1_772' title='bbox 3527 4886 3623 4939; x_wconf 82' lang='grc' dir='ltr'>καὶ</span> <span class='ocrx_word' id='word_1_773' title='bbox 3668 4885 3737 4938; x_wconf 86' lang='grc' dir='ltr'><strong>τά</strong></span> <span class='ocrx_word' id='word_1_774' title='bbox 3768 4884 4050 4955; x_wconf 67' lang='grc' dir='ltr'>θαυμαζό-</span> 
     </span>
    </p>
   </div>
   <div class='ocr_carea' id='block_1_107' title="bbox 2472 4976 4046 5057">
    <p class='ocr_par' dir='ltr' id='par_1_107' title="bbox 2472 4976 4046 5057">
     <span class='ocr_line' id='line_1_107' title="bbox 2472 4976 4046 5057; baseline -0.008 -17"><span class='ocrx_word' id='word_1_775' title='bbox 2472 4987 2608 5057; x_wconf 87' lang='grc' dir='ltr'><strong>μενά</strong></span> <span class='ocrx_word' id='word_1_776' title='bbox 2631 5002 2714 5038; x_wconf 86' lang='grc' dir='ltr'><strong>σοι</strong></span> <span class='ocrx_word' id='word_1_777' title='bbox 2739 4984 2847 5038; x_wconf 84' lang='grc' dir='ltr'><strong>τῶν</strong></span> <span class='ocrx_word' id='word_1_778' title='bbox 2871 4980 3206 5038; x_wconf 77' lang='grc' dir='ltr'>διδασκάλων</span> <span class='ocrx_word' id='word_1_779' title='bbox 3227 4979 3322 5032; x_wconf 81' lang='grc' dir='ltr'>καὶ</span> <span class='ocrx_word' id='word_1_780' title='bbox 3340 4977 3596 5048; x_wconf 70' lang='grc' dir='ltr'>πατέρων</span> <span class='ocrx_word' id='word_1_781' title='bbox 3615 4976 4046 5047; x_wconf 73' lang='grc' dir='ltr'>ἀποφθέγματα,</span> 
     </span>
    </p>
   </div>
   <div class='ocr_carea' id='block_1_108' title="bbox 2466 5068 4046 5146">
    <p class='ocr_par' dir='ltr' id='par_1_108' title="bbox 2466 5068 4046 5146">
     <span class='ocr_line' id='line_1_108' title="bbox 2466 5068 4046 5146; baseline -0.007 -16"><span class='ocrx_word' id='word_1_782' title='bbox 2466 5073 2556 5146; x_wconf 79' lang='grc' dir='ltr'><strong>ἄρ’</strong></span> <span class='ocrx_word' id='word_1_783' title='bbox 2585 5075 2735 5128; x_wconf 71' lang='grc' dir='ltr'>ἐστιν</span> <span class='ocrx_word' id='word_1_784' title='bbox 2763 5073 2792 5128; x_wconf 83' lang='grc' dir='ltr'><strong>δ</strong></span> <span class='ocrx_word' id='word_1_785' title='bbox 2828 5073 2904 5145; x_wconf 74' lang='grc' dir='ltr'>μὴ</span> <span class='ocrx_word' id='word_1_786' title='bbox 2936 5071 3173 5140; x_wconf 68' lang='grc' dir='ltr'>γέλωτος</span> <span class='ocrx_word' id='word_1_787' title='bbox 3221 5070 3316 5123; x_wconf 79' lang='grc' dir='ltr'>καὶ</span> <span class='ocrx_word' id='word_1_788' title='bbox 3343 5069 3544 5140; x_wconf 80' lang='grc' dir='ltr'>χλεύης</span> <span class='ocrx_word' id='word_1_789' title='bbox 3585 5068 3843 5131; x_wconf 77' lang='grc' dir='ltr'>ὑπόθεσις</span> <span class='ocrx_word' id='word_1_790' title='bbox 3881 5069 4046 5136; x_wconf 80' lang='grc' dir='ltr'>εὕρε-</span> 
     </span>
    </p>
   </div>
   <div class='ocr_carea' id='block_1_109' title="bbox 2465 5155 4047 5236">
    <p class='ocr_par' dir='ltr' id='par_1_109' title="bbox 2465 5155 4047 5236">
     <span class='ocr_line' id='line_1_109' title="bbox 2465 5155 4047 5236; baseline -0.008 -18"><span class='ocrx_word' id='word_1_791' title='bbox 2465 5166 2621 5236; x_wconf 76' lang='grc' dir='ltr'>θείης</span> <span class='ocrx_word' id='word_1_792' title='bbox 2655 5162 2832 5216; x_wconf 83' lang='grc' dir='ltr'>καίτοι</span> <span class='ocrx_word' id='word_1_793' title='bbox 2877 5159 3000 5215; x_wconf 80' lang='grc' dir='ltr'>καθ’</span> <span class='ocrx_word' id='word_1_794' title='bbox 3034 5159 3192 5230; x_wconf 78' lang='grc' dir='ltr'>ἡμῶν</span> <span class='ocrx_word' id='word_1_795' title='bbox 3225 5155 3637 5229; x_wconf 69' lang='grc' dir='ltr'>προϐαλλομένη</span> <span class='ocrx_word' id='word_1_796' title='bbox 3669 5172 3765 5209; x_wconf 80' lang='grc' dir='ltr'><strong>σου</strong></span> <span class='ocrx_word' id='word_1_797' title='bbox 3801 5158 3833 5225; x_wconf 69' lang='grc' dir='ltr'>ἡ</span> <span class='ocrx_word' id='word_1_798' title='bbox 3866 5155 4047 5225; x_wconf 70' lang='grc' dir='ltr'><strong>βάσα-</strong></span> 
     </span>
    </p>
   </div>
   <div class='ocr_carea' id='block_1_110' title="bbox 2464 5245 4046 5326">
    <p class='ocr_par' dir='ltr' id='par_1_110' title="bbox 2464 5245 4046 5326">
     <span class='ocr_line' id='line_1_110' title="bbox 2464 5245 4046 5326; baseline -0.008 -16"><span class='ocrx_word' id='word_1_799' title='bbox 2464 5274 2576 5321; x_wconf 86' lang='grc' dir='ltr'>νος,</span> <span class='ocrx_word' id='word_1_800' title='bbox 2611 5253 2806 5326; x_wconf 76' lang='grc' dir='ltr'>ἐχθροῦ</span> <span class='ocrx_word' id='word_1_801' title='bbox 2833 5250 3086 5323; x_wconf 74' lang='grc' dir='ltr'>διαϐολὴν</span> <span class='ocrx_word' id='word_1_802' title='bbox 3113 5250 3207 5304; x_wconf 70' lang='grc' dir='ltr'>καὶ</span> <span class='ocrx_word' id='word_1_803' title='bbox 3227 5248 3498 5318; x_wconf 80' lang='grc' dir='ltr'>φιλαιτίου</span> <span class='ocrx_word' id='word_1_804' title='bbox 3525 5245 3684 5312; x_wconf 72' lang='grc' dir='ltr'>δόξαν</span> <span class='ocrx_word' id='word_1_805' title='bbox 3709 5245 3926 5314; x_wconf 71' lang='grc' dir='ltr'>ἀνδρὸς,</span> <span class='ocrx_word' id='word_1_806' title='bbox 3952 5246 4046 5299; x_wconf 78' lang='grc' dir='ltr'>καὶ</span> 
     </span>
    </p>
   </div>
   <div class='ocr_carea' id='block_1_111' title="bbox 2462 5336 4044 5426">
    <p class='ocr_par' dir='ltr' id='par_1_111' title="bbox 2462 5336 4044 5426">
     <span class='ocr_line' id='line_1_111' title="bbox 2462 5336 4044 5426; baseline -0.009 -24"><span class='ocrx_word' id='word_1_807' title='bbox 2462 5353 2649 5420; x_wconf 71' lang='grc' dir='ltr'>ἓτερον</span> <span class='ocrx_word' id='word_1_808' title='bbox 2687 5347 2837 5426; x_wconf 67' lang='grc' dir='ltr'>ὑγιὲς</span> <span class='ocrx_word' id='word_1_809' title='bbox 2869 5346 3026 5400; x_wconf 70' lang='grc' dir='ltr'>οὐδὲν</span> <span class='ocrx_word' id='word_1_810' title='bbox 3062 5342 3260 5415; x_wconf 82' lang='grc' dir='ltr'>μηνύει</span> <span class='ocrx_word' id='word_1_811' title='bbox 3282 5355 3298 5370; x_wconf 90' lang='grc'><strong>·</strong></span> <span class='ocrx_word' id='word_1_812' title='bbox 3325 5338 3482 5426; x_wconf 36' lang='grc' dir='ltr'>,κατά</span> <span class='ocrx_word' id='word_1_813' title='bbox 3515 5337 3576 5394; x_wconf 70' lang='grc' dir='ltr'><strong>δλ</strong></span> <span class='ocrx_word' id='word_1_814' title='bbox 3616 5336 3728 5391; x_wconf 82' lang='grc' dir='ltr'><strong>τῶν</strong></span> <span class='ocrx_word' id='word_1_815' title='bbox 3756 5336 3906 5390; x_wconf 71' lang='grc' dir='ltr'>ἰδίων</span> <span class='ocrx_word' id='word_1_816' title='bbox 3948 5339 4044 5390; x_wconf 73' lang='grc' dir='ltr'>επ-</span> 
     </span>
    </p>
   </div>
   <div class='ocr_carea' id='block_1_112' title="bbox 2468 5427 4045 5510">
    <p class='ocr_par' dir='ltr' id='par_1_112' title="bbox 2468 5427 4045 5510">
     <span class='ocr_line' id='line_1_112' title="bbox 2468 5427 4045 5510; baseline -0.009 -17"><span class='ocrx_word' id='word_1_817' title='bbox 2468 5441 2760 5510; x_wconf 77' lang='grc' dir='ltr'>αφιεμένη,</span> <span class='ocrx_word' id='word_1_818' title='bbox 2792 5436 3069 5507; x_wconf 81' lang='grc' dir='ltr'>φιλοῦντος</span> <span class='ocrx_word' id='word_1_819' title='bbox 3097 5434 3280 5504; x_wconf 85' lang='grc' dir='ltr'>νόμος,</span> <span class='ocrx_word' id='word_1_820' title='bbox 3306 5432 3402 5486; x_wconf 83' lang='grc' dir='ltr'>καὶ</span> <span class='ocrx_word' id='word_1_821' title='bbox 3431 5428 3613 5502; x_wconf 80' lang='grc' dir='ltr'>κρίσις</span> <span class='ocrx_word' id='word_1_822' title='bbox 3640 5427 3838 5499; x_wconf 74' lang='grc' dir='ltr'>ιχθρας</span> <span class='ocrx_word' id='word_1_823' title='bbox 3865 5445 4045 5500; x_wconf 75' lang='grc' dir='ltr'>κεχω-</span> 
     </span>
    </p>
   </div>
   <div class='ocr_carea' id='block_1_113' title="bbox 2472 5519 4042 5604">
    <p class='ocr_par' dir='ltr' id='par_1_113' title="bbox 2472 5519 4042 5604">
     <span class='ocr_line' id='line_1_113' title="bbox 2472 5519 4042 5604; baseline -0.01 -16"><span class='ocrx_word' id='word_1_824' title='bbox 2472 5533 2728 5604; x_wconf 74' lang='grc' dir='ltr'>ρισμένη,</span> <span class='ocrx_word' id='word_1_825' title='bbox 2756 5531 2852 5587; x_wconf 75' lang='grc' dir='ltr'>καὶ</span> <span class='ocrx_word' id='word_1_826' title='bbox 2883 5528 3090 5602; x_wconf 76' lang='grc' dir='ltr'>ἀληθὴς</span> <span class='ocrx_word' id='word_1_827' title='bbox 3129 5527 3370 5597; x_wconf 80' lang='grc' dir='ltr'>ιλιγχος,</span> <span class='ocrx_word' id='word_1_828' title='bbox 3399 5522 3498 5578; x_wconf 70' lang='grc' dir='ltr'>καὶ</span> <span class='ocrx_word' id='word_1_829' title='bbox 3526 5519 3672 5592; x_wconf 76' lang='grc' dir='ltr'>μάλα</span> <span class='ocrx_word' id='word_1_830' title='bbox 3708 5519 3938 5584; x_wconf 82' lang='grc' dir='ltr'>δικαίως</span> <span class='ocrx_word' id='word_1_831' title='bbox 3979 5520 4042 5574; x_wconf 74' lang='grc' dir='ltr'>ἄν</span> 
     </span>
    </p>
   </div>
   <div class='ocr_carea' id='block_1_114' title="bbox 2053 5708 2730 5772">
    <p class='ocr_par' dir='ltr' id='par_1_114' title="bbox 2053 5708 2730 5772">
     <span class='ocr_line' id='line_1_114' title="bbox 2053 5708 2730 5772; baseline -0.003 -5"><span class='ocrx_word' id='word_1_832' title='bbox 2053 5712 2290 5770; x_wconf 69' lang='grc' dir='ltr'>νΑιιιιΕ</span> <span class='ocrx_word' id='word_1_833' title='bbox 2325 5708 2730 5772; x_wconf 77' lang='lat' dir='ltr'><strong>LECTIONES.</strong></span> 
     </span>
    </p>
   </div>
   <div class='ocr_carea' id='block_1_115' title="bbox 896 5871 1550 5945">
    <p class='ocr_par' dir='ltr' id='par_1_115' title="bbox 896 5871 1550 5945">
     <span class='ocr_line' id='line_1_115' title="bbox 896 5871 1550 5945; baseline 0 -15"><span class='ocrx_word' id='word_1_834' title='bbox 896 5885 930 5918; x_wconf 77' lang='grc' dir='ltr'>ι</span> <span class='ocrx_word' id='word_1_835' title='bbox 953 5871 1017 5930; x_wconf 75' lang='grc' dir='ltr'>α.</span> <span class='ocrx_word' id='word_1_836' title='bbox 1051 5871 1124 5934; x_wconf 70' lang='grc' dir='ltr'><strong>Ι.</strong></span> <span class='ocrx_word' id='word_1_837' title='bbox 1155 5873 1444 5945; x_wconf 76' lang='grc' dir='ltr'>ἀγαπητον</span> <span class='ocrx_word' id='word_1_838' title='bbox 1469 5871 1550 5930; x_wconf 69' lang='grc' dir='ltr'><strong>δέ.</strong></span> 
     </span>
    </p>
   </div>
   <div class='ocr_carea' id='block_1_116' title="bbox 1664 5873 2553 5947">
    <p class='ocr_par' dir='ltr' id='par_1_116' title="bbox 1664 5873 2553 5947">
     <span class='ocr_line' id='line_1_116' title="bbox 1664 5873 2553 5947; baseline -0.007 -13"><span class='ocrx_word' id='word_1_839' title='bbox 1664 5873 1691 5915; x_wconf 64' lang='grc'><strong>⁵</strong></span> <span class='ocrx_word' id='word_1_840' title='bbox 1724 5873 1785 5934; x_wconf 82' lang='lat' dir='ltr'><strong>C.</strong></span> <span class='ocrx_word' id='word_1_841' title='bbox 1823 5873 1872 5932; x_wconf 64' lang='lat' dir='ltr'><strong>ll</strong></span> <span class='ocrx_word' id='word_1_842' title='bbox 1927 5874 2119 5943; x_wconf 76' lang='grc' dir='ltr'>γένους</span> <span class='ocrx_word' id='word_1_843' title='bbox 2145 5874 2223 5946; x_wconf 72' lang='grc' dir='ltr'>τῷ</span> <span class='ocrx_word' id='word_1_844' title='bbox 2258 5879 2553 5947; x_wconf 73' lang='grc' dir='ltr'>προνοητῇ.</span> 
     </span>
    </p>
   </div>
   <div class='ocr_carea' id='block_1_117' title="bbox 2667 5867 3225 5942">
    <p class='ocr_par' dir='ltr' id='par_1_117' title="bbox 2667 5867 3225 5942">
     <span class='ocr_line' id='line_1_117' title="bbox 2667 5867 3225 5942; baseline -0.013 -13"><span class='ocrx_word' id='word_1_845' title='bbox 2667 5888 2688 5914; x_wconf 76' lang='grc' dir='ltr'><strong>ε</strong></span> <span class='ocrx_word' id='word_1_846' title='bbox 2719 5873 2780 5932; x_wconf 78' lang='lat' dir='ltr'><strong>C.</strong></span> <span class='ocrx_word' id='word_1_847' title='bbox 2824 5870 2897 5930; x_wconf 73' lang='grc' dir='ltr'><strong>Μ.</strong></span> <span class='ocrx_word' id='word_1_848' title='bbox 2929 5867 3225 5942; x_wconf 77' lang='grc' dir='ltr'>περιελεῖν.</span> 
     </span>
    </p>
   </div>
  </div>
