4200 6444
204 420 316 488 6E

1278 427 1377 486 AD
1396 427 1988 493 AMPHILOCHIUM
2009 434 2351 505 QUIESTIO
2388 437 2483 498 CI.

206 532 508 604 νομισθείη.
545 532 708 583 Ὥστε
736 530 806 583 τά
838 529 938 599 μὲν
966 529 1055 593 σὰ,
1088 529 1179 583 διὰ
1206 531 1315 585 τῶν
1347 533 1457 587 σῶν
1485 535 1785 607 ἀνατέτρα-
1812 540 1858 599 Α

1784 568 1785 573 η
1812 540 1858 599 Δ
1890 550 2076 597 nostra
2112 543 2260 599 nullo
2289 545 2483 601 horum
2509 545 2871 616 impetantur;
2902 546 2997 602 sed
3028 545 3443 616 impudentiam,

202 642 333 679 πται
360 626 455 679 καὶ
470 623 882 677 διαπέπαικται·
909 620 1018 675 τῶν
1041 622 1087 676 δ’
1109 623 1391 696 ἡμετέρων
1422 626 1485 680 οὐ
1508 628 1668 697 μόνον
1690 629 1781 683 οὐ.

202 717 353 778 sive;
379 714 735 777 καθάπτεται,
759 712 893 767 ἀλλά
915 713 1010 767 καὶ
1033 714 1215 778 ἀνοίας
1242 716 1342 768 καὶ
1360 715 1595 787 θράσους
1619 719 1687 772 δι’
1704 715 1779 773 ὧν

202 808 405 876 ἔφθασε
435 806 807 871 συκοφαντεῖν,
838 803 1057 873 ἔλεγχον
1076 805 1289 875 ὑπέχει.
1330 806 1469 859 mw
1498 809 1548 861 εί
1578 809 1780 874 πάντες

201 897 533 966 πιιιλήσειαν,
564 896 714 957 ποίος
754 891 901 958 οἶκος
962 897 1179 965 ἔντιμος
1230 892 1370 948 εἶναι
1424 896 1672 964 δύναται;
1707 896 1777 952 Ὦ

197 989 545 1059 διαλεκτικῆς
583 986 870 1057 ἀκριϐείας
914 988 1009 1039 καὶ
1041 987 1379 1056 δεινότητοςί
1425 989 1622 1059 βασαίί
1678 992 1776 1059 τῆς

200 1082 229 1149 ρ
256 1079 497 1149 ,τορικῆς
553 1095 645 1132 σου
675 1076 1031 1147 πιθανότητος
1057 1078 1149 1131 καὶ
1177 1077 1533 1148 δριμύτητοςί
1561 1082 1590 1132 ό
1611 1079 1776 1144 πολὺς

199 1172 354 1240 όρᾷν,
390 1171 486 1222 καὶ
515 1168 823 1240 πόρρωθεν,
843 1167 905 1220 τὸ
930 1168 1220 1237 ἑπόμενονῐ
1250 1170 1280 1221 ό
1306 1173 1419 1231 τοίς
1442 1172 1651 1240 ῥήμασι
1685 1188 1776 1224 σο-

199 1260 390 1329 δαρὸς,
438 1260 534 1312 καὶ
573 1261 696 1320 ταῖς
733 1258 1068 1327 ἀνατροπαῖς
1106 1259 1503 1321 ἀνυτεόστατοςι
1548 1261 1576 1312 ὁ
1607 1260 1676 1313 τὰ
1712 1263 1777 1315 ὲκ

200 1336 413 1421 τριόδου
457 1349 837 1414 κατονειδίζων
884 1350 1049 1418 ήμῖνί
1079 1346 1227 1419 Ἀρι
1269 1349 1445 1419 γραῦς
1494 1352 1553 1405 ιν
1584 1352 1778 1421 τριόδῳ

199 1441 265 1494 ὲκ
304 1439 643 1508 παννυχίδων
673 1439 881 1509 ἥκουσα
913 1438 1021 1490 τῶν
1054 1437 1163 1491 σῶν
1193 1436 1351 1501 θεῶν,
1381 1437 1476 1491 καὶ
1499 1438 1628 1508 οίνῳ
1656 1438 1777 1493 διά-

200 1532 418 1602 βροχος,
448 1532 568 1599 οὐχὶ
604 1528 807 1582 τούτων
841 1528 1235 1599 ὲντρεχέστερά
1254 1545 1312 1582 τε
1346 1530 1443 1582 καὶ
1461 1530 1779 1600 ἀστειότερα

200 1623 531 1690 φθέγξαιτος
564 1621 720 1682 Ποῖος
740 1616 883 1682 οἵκος
906 1619 1121 1689 ἔντιμος
1148 1614 1287 1672 εἶναι
1311 1619 1567 1687 δύναται;
1598 1621 1708 1675 Καὶ
1725 1622 1777 1674 τί

200 1715 300 1784 τῆς
333 1714 595 1782 ἰσότητος,
624 1711 745 1765 είπέ
778 1728 887 1781 μοι,
918 1714 1031 1774 τοῖς
1065 1710 1310 1782 ἰσότιμον
1333 1711 1558 1781 λαχοῦσι
1592 1712 1773 1781 φύσιν,

200 1804 556 1873 τιμιιὶιτερονς
587 1803 639 1856 τί
660 1803 704 1855 δ’
725 1805 806 1865 είς
835 1804 1047 1872 αἵρεσιν
1077 1803 1321 1872 ἄμεινον,
1365 1797 1447 1866 οἷς
1475 1803 1575 1873 τὴν
1605 1802 1775 1874 αὐτὴν

200 1896 359 1949 πόλιν
386 1896 606 1963 γέγονεν
634 1896 824 1959 οίκεῐν,
852 1894 992 1964 ὑπὲρ
1021 1893 1115 1948 τοῦ
1147 1894 1331 1964 κοινῆς
1361 1895 1652 1948 ἀπολαύειν
1681 1896 1777 1949 καὶ
1803 1874 1849 1933 Β

198 1988 395 2057 ὁμοίας
451 1987 763 2052 πολιτείαςς
805 1986 944 2039 Ἀλλ’
979 1989 1012 2056 ἡ
1046 1986 1328 2051 πλεονεξία
1354 1986 1403 2049 δ,
1454 1989 1488 2057 ἡ
1522 1988 1776 2059 τυραννίς

197 2096 286 2132 σοι
315 2080 385 2132 τὰ
406 2078 620 2146 ἔντιμα,
648 2078 680 2149 ἢ
715 2079 764 2131 οί
786 2078 926 2132 δόλοι
955 2079 1050 2132 καὶ
1078 2079 1151 2133 τὰ
1182 2078 1293 2132 τῶν
1344 2078 1774 2151 παλιγκαπήλων

197 2171 297 2224 καὶ
330 2169 669 2239 μεταϐολέων
710 2171 962 2241 ὲπᾶρατα
987 2169 1127 2222 κατά
1159 2169 1269 2222 τῶν
1326 2170 1551 2240 πλησίον
1599 2188 1779 2241 μηχα-

198 2262 421 2329 νήματα
450 2260 542 2313 καὶ
568 2262 917 2329 τεχνάσματα
942 2278 955 2291 ·
998 2263 1105 2323 πᾶς
1130 2260 1239 2331 γάρ
1276 2260 1353 2325 ὡς
1381 2262 1583 2315 ἐπίπαν
1613 2262 1773 2316 πλοῦ·

196 2368 289 2414 τος
314 2350 346 2421 ἦ
382 2352 725 2421 προσφάτους
756 2352 787 2422 ἢ
816 2352 1143 2422 παλαιτέρας
1170 2354 1373 2418 ταύτας
1404 2354 1515 2425 ἔχει
1541 2357 1637 2419 τὰς
1672 2375 1775 2427 πη-

197 2441 306 2509 γάς
341 2445 442 2512 τῆς
479 2441 768 2509 γενέσεως,
792 2442 861 2494 δι’
885 2436 959 2496 ὦν
979 2443 1008 2495 ὁ
1037 2442 1362 2513 παραϐάτης
1379 2445 1773 2513 ἀποσεμνύνειν

196 2532 344 2599 ἔγνω
361 2534 421 2586 τὸ
455 2532 690 2601 ἔντιμον.
726 2532 864 2585 Ἀλλ’
896 2532 1030 2595 ὅλως
1054 2534 1344 2603 ἠγνόηκεν,
1376 2534 1566 2605 ὥσπερ
1596 2534 1772 2588 ἀπαν-

196 2640 287 2689 τα,
317 2623 371 2676 τί
406 2624 503 2692 μὲν
530 2623 592 2675 τὸ
611 2624 843 2693 ἀληθῶς,
878 2626 970 2677 καὶ
1000 2624 1153 2693 παρὰ
1183 2624 1303 2695 Θεῷ
1332 2625 1527 2695 τίμιον,
1553 2627 1605 2679 τί
1634 2625 1691 2679 δὲ
1712 2627 1772 2680 τὸ

201 2713 282 2786 μὴ
307 2714 480 2777 οὕτως
509 2714 649 2784 ῑχον.
684 2716 995 2785 Ἄνθρωποι
1029 2716 1129 2785 μὲν
1153 2716 1280 2785 γὰρ,
1324 2716 1417 2770 καὶ
1443 2717 1505 2770 τό
1541 2734 1601 2769 τε
1632 2719 1681 2771 οί
1714 2720 1772 2785 ἐξ

195 2805 423 2875 ἀγέλης
476 2806 537 2858 οὐ
585 2805 692 2873 γάρ
728 2804 794 2858 ἂν
839 2805 895 2858 οἴ
934 2823 998 2874 γε
1039 2806 1357 2875 φιλοσοφίας
1401 2806 1639 2878 καθαρὸν
1681 2808 1774 2861 τὸν

197 2898 383 2965 ἔρωτα
417 2898 869 2968 συντηρήσαντες,
904 2898 1039 2967 πρὸς
1080 2898 1139 2951 ἓν
1196 2899 1354 2966 μόνον
1400 2899 1490 2952 τὸν
1522 2900 1769 2965 πλοῦτον,

198 2991 298 3043 καὶ
330 2989 427 3059 τὴν
460 2989 519 3053 ἐξ
560 2989 724 3042 αὑτοῦ
765 2989 978 3060 τρυφὴν
1012 2990 1104 3042 καὶ
1141 2989 1299 3055 δόξαν
1329 2990 1637 3060 κεχηνότες,
1669 2991 1771 3045 κᾶν

203 3081 426 3151 μυρίοις
456 3082 484 3131 ὁ
510 3079 844 3148 κεκτημένος
876 3079 1013 3149 βρύῃ
1044 3081 1255 3142 κακοῖς,
1283 3079 1460 3149 τίμιον
1486 3081 1649 3133 αὑτὸν
1678 3083 1774 3135 καὶ⁵

1885 632 2190 697 audaciam,
2217 635 2544 689 calumniam
2576 636 2917 690 accusatoris
2944 636 3299 690 convincunt.
3335 634 3443 689 Sed

1884 724 1931 780 si
1961 738 2151 778 omnes
2188 724 2514 791 venderent,
2562 741 2684 796 quae
2712 726 2909 780 domus
2959 734 3056 779 aut
3104 726 3281 794 pretio
3303 766 3317 788 ,
3352 724 3446 779 aut

1881 814 2064 870 valore
2113 829 2223 869 suo
2257 826 2508 870 constare
2552 816 2771 885 posset?
2817 814 2951 869 Hem
3010 823 3158 867 tuam
3207 829 3447 868 exaccn-

1882 911 2056 956 ratam
2094 904 2465 959 dialecticam!
2514 904 2583 958 oh
2638 904 2989 972 gravitatem!
3032 902 3221 969 Papae!
3269 901 3444 968 Quam

1880 993 2150 1049 rhetorica
2194 995 2497 1061 persuasio,
2548 1011 2711 1063 quam
2765 994 3032 1049 severitas
3068 993 3185 1047 haec
3230 994 3442 1062 pungit,

1880 1094 1937 1140 et
1984 1100 2146 1154 saepe,
2180 1097 2233 1141 et
2256 1086 2413 1154 longe
2446 1103 2475 1139 a
2526 1086 2916 1153 consequentia
2958 1086 3233 1138 intuetur!
3278 1100 3444 1153 quam

1880 1174 2177 1228 verborum
2209 1190 2463 1244 pompam
2498 1176 2551 1228 in
2582 1173 2871 1228 refutando
2913 1188 3023 1242 prae
3061 1189 3119 1228 se
3155 1174 3291 1227 fert!
3324 1188 3445 1240 qtne

1880 1263 2123 1319 convicia
2165 1264 2234 1318 de
2266 1264 2425 1317 trivio
2468 1276 2680 1330 arrepta
2724 1264 2777 1316 in
2816 1276 2915 1316 nos
2958 1263 3246 1332 congerit!
3288 1263 3445 1317 Certe

1882 1354 2194 1409 triobolaris
2238 1369 2379 1408 auus
2422 1354 2489 1409 de
2540 1354 2742 1423 vigiliis
2790 1354 3017 1407 deorum
3071 1363 3289 1408 tuorum
3349 1368 3445 1421 per

1880 1447 2115 1514 compita
2145 1460 2453 1513 permeans,
2480 1446 2609 1497 vino
2657 1444 2991 1505 madefacta,
3030 1460 3098 1497 an
3134 1458 3239 1497 non
3271 1444 3443 1513 magis

1881 1535 2127 1604 apposite
2185 1543 2239 1588 et
2269 1542 2459 1587 exacte
2506 1533 2901 1602 responderet?
2926 1533 3058 1597 Qua:
3089 1533 3283 1586 domus
3314 1548 3441 1601 pre-

1882 1624 1958 1678 tio
1998 1631 2251 1678 constare
2296 1622 2533 1691 poterit?
2579 1630 2635 1677 et
2672 1622 2932 1691 quidnam
2988 1621 3160 1693 magis
3212 1622 3445 1675 honora-

1881 1725 2019 1781 tum,
2053 1730 2217 1783 quam
2252 1715 2537 1783 aequalitas
2579 1716 2718 1767 inter
2756 1728 2851 1766 eos
2882 1714 3081 1781 quibus
3122 1723 3206 1768 est
3248 1724 3441 1766 natura

1876 1805 2138 1875 aequalis!
2164 1804 2293 1875 quid
2319 1806 2492 1874 magis
2518 1803 2773 1871 optabile,
2800 1818 2962 1873 quam
2988 1814 3047 1858 ut
3075 1804 3168 1871 qui
3197 1803 3441 1858 eamdem

1878 1898 2158 1952 civitatem
2192 1898 2402 1961 colunt,
2446 1895 2640 1967 arquali
2683 1906 2826 1951 statu
2873 1904 2927 1949 et
2969 1894 3281 1949 conditione
3319 1910 3441 1964 per-

1876 1988 2166 2044 fruantur?
2199 1988 2302 2043 Sed
2336 1988 2705 2058 inaequalitas,
2735 1988 2830 2042 sed
2866 1987 3111 2053 tyrannis
3133 1987 3271 2055 apud
3305 1996 3355 2040 te
3384 1986 3439 2040 in

1878 2082 2077 2152 pretio,
2113 2080 2198 2135 vel
2226 2080 2358 2143 doli,
2416 2079 2508 2135 sed
2545 2078 2969 2146 cauponantintn
3017 2086 3072 2130 et
3109 2077 3440 2132 licitatorum

1876 2176 1933 2229 in
1962 2174 2180 2248 ,vicinos
2215 2172 2483 2227 machina:
2530 2180 2584 2226 et
2627 2169 2939 2225 artiﬁciosa:
2966 2170 3203 2224 fraudes.
3237 2168 3439 2224 Omnes

1874 2270 2018 2323 enim
2052 2281 2206 2336 opes,
2247 2266 2332 2319 vel
2372 2279 2566 2329 novos,
2600 2265 2683 2317 vel
2732 2263 2984 2332 antiquos
3014 2261 3186 2315 fontes
3219 2262 3437 2315 eosdem

1875 2360 2098 2421 habent,
2134 2372 2227 2423 per
2252 2371 2391 2425 quos
2416 2361 2663 2425 apostata
2697 2370 2857 2408 suum
2884 2353 3195 2407 houorabile
3226 2352 3437 2422 magni-

1876 2451 2038 2504 ﬁcare
2068 2449 2202 2501 vult.
2231 2446 2335 2513 Qui
2358 2448 2537 2515 plane,
2574 2454 2631 2499 ut
2660 2454 2713 2499 et
2745 2453 2938 2498 caetera
2971 2444 3275 2513 ignorabat,
3306 2444 3436 2513 quid

1874 2541 2017 2612 apud
2069 2539 2238 2595 Deum
2291 2538 2649 2594 honoriﬁcum
2697 2546 2841 2592 esset
2897 2538 3142 2599 veritate,
3192 2550 3254 2590 ac
3308 2536 3437 2603 quid

1875 2649 2005 2688 non.
2050 2630 2309 2685 Homines
2339 2631 2506 2696 enim,
2535 2628 2663 2682 licet
2694 2642 2798 2681 non
2845 2626 3099 2695 gregarii,
3147 2627 3239 2679 sed
3268 2626 3437 2694 philo-

1874 2724 2051 2793 s0phi,
2101 2723 2193 2793 qui
2238 2722 2502 2776 illibatum
2546 2727 2873 2775 conservant
2928 2731 3192 2775 amorem,
3238 2716 3430 2771 unicus

1873 2827 2081 2870 tantum
2133 2814 2351 2869 divitias
2407 2826 2702 2880 earumque
2753 2809 2993 2864 lautitias
3050 2818 3101 2862 et
3144 2809 3427 2877 gloriolam

1875 2908 2105 2969 inhiant,
2132 2915 2185 2959 et
2219 2916 2493 2972 utcunque
2525 2902 2616 2972 qui
2654 2916 2747 2955 eas
2778 2900 3054 2969 possident
3086 2914 3215 2968 opes
3244 2900 3427 2953 multis

1873 2997 2027 3050 malis
2062 3006 2323 3058 scateant,
2372 2992 2750 3046 honorandum
2788 3000 2967 3044 tamen
3016 2998 3071 3043 et
3098 2991 3308 3042 beatum
3346 2989 3436 3056 ju—

1873 3083 2080 3138 dicant.
2113 3084 2251 3137 Deus
2292 3082 2495 3150 pietate
2523 3081 2780 3150 praeditos
2812 3080 3068 3143 honorat,
3112 3088 3163 3132 et
3208 3079 3433 3146 gloriam

205 3170 478 3240 μακάριον
510 3166 788 3238 ἡγοῦνται.
816 3166 945 3229 Θεὸς
989 3167 1047 3219 δὲ
1096 3166 1186 3219 τὸν
1234 3168 1432 3239 εὐσεϋῆ
1476 3170 1632 3239 τιμᾷ,
1677 3172 1771 3223 καὶ
1800 3200 1844 3260 c

1765 3192 1844 3260 με
1877 3176 1968 3230 dat
1996 3176 2248 3229 virtutem
2300 3172 2671 3241 diligentibus,
2707 3171 2832 3225 licet
2875 3186 3036 3241 opum
3088 3172 3209 3226 illos
3257 3180 3424 3224 tumm

200 3263 321 3323 τοῖς
348 3259 655 3328 φιλαρέτοις
680 3258 739 3310 τὸ
763 3257 983 3320 εὐκλεὲς
1012 3258 1295 3325 ἀπονέμει,
1322 3259 1424 3312 κᾶν
1452 3263 1479 3313 ὁ
1503 3260 1611 3313 τῶν
1636 3278 1772 3331 χρη-

205 3352 396 3421 μάτων
429 3349 625 3410 αὐτοὺς
668 3347 833 3415 ὂγκος
883 3347 944 3400 ού
983 3348 1327 3418 φλεγμαίνει,
1365 3349 1473 3402 οὐδ’
1506 3351 1535 3403 ό
1566 3352 1776 3404 ίκεῐθεν

200 3442 375 3511 τῦφος
422 3442 516 3493 καὶ
562 3442 593 3510 ὴ
622 3440 802 3510 τρυφὴ
836 3439 1231 3509 περιϐλέπτους
1261 3442 1425 3495 ποιεί.
1478 3442 1693 3495 Μᾶλλον
1720 3443 1776 3495 δὲ

201 3527 289 3594 οἷς
326 3533 359 3601 ἡ
386 3531 511 3595 δόξα
553 3530 641 3583 διὰ
670 3529 891 3591 τούτων,
916 3530 1023 3582 οὐδ’
1055 3531 1084 3582 ὁ
1107 3531 1207 3599 τῆς
1234 3530 1434 3602 ἀρετῆς
1463 3530 1639 3585 ἐθέλει
1682 3533 1776 3586 πό-

204 3622 326 3685 θος,
355 3621 461 3673 οὐδ’
489 3623 518 3673 δ
544 3621 643 3691 τῆς
674 3620 951 3683 εὐσεϐείας
986 3620 1143 3690 ζῆλος
1175 3624 1467 3691 περιεῖναι.
1503 3623 1649 3675 Ἔδει
1670 3641 1776 3676 τοι-

202 3712 439 3784 γαροῦν,
476 3712 603 3774 ἔδει,
644 3712 774 3764 Θεὸν
821 3712 947 3765 ὄντα
983 3712 1072 3766 τὸν
1114 3712 1317 3782 Κύριον
1361 3712 1518 3784 ήμῶν
1574 3713 1779 3783 Ἰησοῦν

202 3803 467 3873 Χριστὸν,
482 3803 573 3855 τὸν
597 3802 689 3855 επὶ
709 3802 954 3873 σωτηρία
978 3801 1072 3854 τοῦ
1104 3803 1291 3869 γένους
1320 3802 1632 3856 κενώσαντα
1652 3804 1778 3857 tau-

204 3898 304 3949 τὸν
327 3896 424 3947 καὶ
454 3894 848 3965 παραπλησίως
877 3896 1008 3963 ἡμῖν
1036 3895 1236 3964 σαρκὸς
1271 3895 1363 3948 καὶ
1392 3895 1623 3964 αίματος
1667 3912 1779 3949 κοι-

203 3990 548 4055 νωνήσαντα,
577 3986 651 4056 μὴ
678 3985 814 4053 πρὸς
836 3984 895 4037 τὸ
920 3986 1017 4055 ἡδὺ
1047 3985 1134 4037 καὶ
1161 3987 1550 4056 κεχαρισμένον
1575 3991 1687 4050 τοῖς
1713 3987 1781 4040 τὰ

204 4080 432 4147 ὶπίγεια
469 4076 756 4147 φρονοῦσιν
794 4076 939 4137 ἰδεῖν,
974 4076 1095 4146 μηδ’
1125 4077 1229 4130 ὅσα
1278 4078 1475 4131 κακίαν
1506 4079 1630 4147 φύει
1661 4080 1780 4132 τού-

201 4189 321 4226 των
359 4174 439 4233 είς
481 4170 635 4240 ῥίζας
680 4170 961 4239 περιορᾷν,
992 4170 1086 4222 καὶ
1124 4170 1336 4240 καρπὸν
1378 4170 1447 4223 τὰ
1493 4173 1780 4241 σ’τέρματα

200 4260 537 4316 διαδίδοσθαι
556 4276 571 4291 ⁸
599 4262 784 4313 ἐκεῖνα
807 4260 864 4312 δὲ
888 4260 1050 4328 νόμον
1076 4260 1170 4312 καὶ
1197 4260 1561 4333 παράγγελμα
1586 4264 1778 4324 ποιεῖν,

200 4355 275 4407 δι’
309 4346 382 4405 ὧν
413 4352 682 4423 πρόῤῥ.ζα
724 4352 820 4421 μὲν
864 4351 1120 4419 τέμνεται
1162 4351 1231 4403 τά
1286 4350 1455 4421 πάθη,
1495 4353 1695 4421 ἀρετῆς
1724 4353 1781 4405 δὲ

202 4447 395 4510 πάσης
433 4445 528 4497 καὶ
557 4442 790 4512 θεωρίας
816 4442 1140 4511 εἰλικρινοῦς
1176 4442 1542 4513 κατορθοῦτας
1570 4453 1595 4482 θ
1635 4445 1669 4513 ἡ
1693 4460 1779 4495 τε·

1878 3285 1983 3323 non
2017 3266 2183 3331 inflet,
2211 3282 2311 3320 nec
2332 3266 2528 3337 typhus
2548 3274 2645 3320 aut
2675 3265 2837 3319 luxus
2866 3264 3218 3318 observabilis
3250 3263 3433 3317 fuerit.

1875 3358 2009 3414 Nam
2034 3360 2128 3429 qui
2163 3358 2389 3427 gloriam
2425 3356 2550 3412 inde
2573 3366 2935 3423 aucupantur,
2969 3370 3068 3409 nec
3099 3356 3315 3409 virtutis
3350 3355 3436 3409 dc-

1877 3452 2115 3512 sidcrio.
2190 3464 2290 3504 nec
2367 3449 2585 3519 pietatis
2641 3448 2823 3515 aliquo
2898 3456 3196 3517 tanguntur
3275 3446 3431 3506 zelo;

1877 3557 2093 3611 :equum
2116 3549 2235 3596 erat
2263 3556 2412 3611 ergo,
2445 3551 2503 3595 ut
2525 3538 2786 3593 Dominus
2810 3548 2865 3593 et
2893 3537 3036 3592 Deus
3065 3548 3248 3591 noster
3277 3535 3436 3591 Jesus

1877 3635 2151 3692 Christus.
2181 3632 2275 3701 qui
2308 3633 2377 3686 ob
2405 3632 2621 3701 generis
2650 3630 2822 3684 nostri
2854 3630 3082 3683 salutem
3123 3643 3182 3683 se
3208 3643 3437 3681 evacua-

1880 3737 2030 3781 verat
2054 3735 2109 3779 et
2133 3726 2316 3779 carnis
2344 3733 2542 3778 nostra
2573 3733 2734 3791 atque
2760 3720 3040 3791 sanguinis
3078 3719 3239 3773 ﬁebat
3266 3719 3435 3785 parti-

1878 3833 2027 3885 ceps,
2070 3831 2178 3870 non
2225 3815 2277 3868 id
2312 3814 2453 3883 quod
2496 3827 2663 3868 suave
2700 3822 2753 3866 et
2794 3819 3072 3879 acceptum
3121 3819 3203 3863 est
3249 3809 3314 3863 iis
3343 3824 3434 3877 qui

1880 3916 2093 3961 terrena
2135 3908 2373 3974 sapiunt,
2404 3914 2498 3957 aut
2540 3917 2662 3971 quae
2686 3901 2979 3971 nequitiam
3006 3900 3433 3969 progerminant.

1879 4013 2067 4053 eorum
2136 3996 2345 4051 radices
2410 3995 2814 4056 consideraret,
2870 4001 2923 4047 et
2974 3990 3181 4044 semina
3233 4002 3436 4043 sereret

1881 4088 2145 4157 ejusmodi
2193 4090 2431 4141 fructum
2482 4084 2868 4155 producentia;
2919 4080 3033 4143 sed,
3084 4088 3142 4132 ut
3196 4079 3340 4149 leges
3385 4092 3439 4132 et

1881 4176 2055 4229 edicta
2108 4174 2198 4227 illa
2253 4174 2464 4229 sancire
2518 4188 2612 4242 per
2667 4187 2789 4241 que
2849 4169 3108 4224 radicitus
3158 4170 3439 4236 passiones

1881 4270 2207 4328 evelluntur,
2240 4265 2458 4320 virtutis
2506 4272 2561 4318 et
2587 4260 3059 4330 contemplationis
3092 4275 3240 4329 purae
3264 4260 3434 4328 perfe-

1880 4362 1988 4415 ctio
2038 4366 2448 4414 consummatur
2502 4354 2706 4409 :nullo
2757 4354 2974 4407 illorum
3022 4352 3260 4421 indiget,
3330 4351 3441 4404 imo

1883 4451 2251 4520 multipliciter
2303 4464 2366 4503 ea
2424 4446 2671 4501 continet
2728 4459 2966 4513 presens
3026 4442 3325 4497 admonitio
3387 4452 3441 4494 et

200 4538 425 4598 λείωσις
447 4552 463 4568 ο
497 4530 570 4588 ὧν
600 4534 857 4601 οὐδεμιᾶς
892 4532 1053 4597 ἐνδεῖ,
1088 4532 1290 4601 μᾶλλον
1318 4533 1377 4585 δὲ
1405 4533 1688 4596 πλειόνων,
1719 4533 1779 4599 ιξ
1812 4527 1854 4581 D

1812 4527 1854 4581 ί)
1883 4540 2194 4596 consilium.
2237 4539 2340 4591 Sed
2372 4534 2625 4589 fortassis
2670 4533 2806 4587 nihil
2848 4543 2932 4587 est
2974 4533 3027 4585 in
3071 4532 3175 4586 huc
3207 4531 3440 4586 consilio

198 4622 283 4683 ὧν
327 4628 562 4695 εἴρηται,
613 4624 674 4676 τδ
722 4624 919 4691 κράτος
971 4624 1155 4693 ἐπέχει
1206 4624 1300 4676 καὶ
1349 4624 1382 4693 ἡ
1438 4625 1776 4695 προκειμένη

201 4719 547 4787 παραίνεσις.
594 4714 731 4768 Ἀλλ’
762 4714 869 4783 ἀρα
900 4715 1110 4784 μήποτε
1143 4714 1375 4783 ῥηθῆναι
1404 4714 1503 4783 μὲν
1530 4717 1562 4785 η
1591 4715 1776 4786 ἐντολὴ

200 4810 360 4865 ἅπαν
397 4807 676 4873 διαφεύγει
703 4806 1034 4875 παράλογον,
1063 4808 1280 4874 καὶτῆς
1306 4809 1369 4859 ὲκ
1398 4806 1569 4873 λόγων
1605 4808 1775 4877 λαδῆς

199 4902 439 4967 ἕστηκεν
467 4897 795 4967 ὑψηλοτέρα·
820 4897 1165 4966 παραχρῆναι
1190 4898 1246 4950 δὲ
1273 4897 1370 4966 οὐχ
1396 4897 1587 4965 ὁμοίαν
1617 4898 1774 4967 ἔλαχε

200 4990 374 5059 φύσιν
396 5006 410 5020 ο
440 4990 577 5041 ὲνδεί
594 4989 649 5040 δὲ
683 4989 783 5055 τῆς
812 4990 868 5041 έν
891 4989 1127 5058 ῥήμασιν
1155 4988 1491 5051 ἀκολουθίας,
1515 4991 1546 5059 ἡ
1576 4992 1634 5043 ἐν
1656 4992 1774 5052 ταῖς

200 5078 474 5149 πράξεσιν
504 5078 756 5149 ῦπαρξις,
792 5080 885 5131 καί
915 5096 998 5141 τις
1019 5078 1191 5142 οὕτως
1216 5080 1340 5149 ἔσχε
1374 5081 1440 5134 δι’
1463 5080 1641 5134 αὐτῶν
1667 5082 1774 5133 τῶν

197 5171 387 5239 ἔργων
420 5168 819 5236 ἐναργεστάτην
857 5170 1158 5237 παρασχεῖν
1191 5170 1290 5239 τὴν
1322 5169 1639 5233 ὑπόστασιν,
1679 5170 1773 5221 καὶ

195 5261 261 5311 τὸ
292 5259 354 5309 ἐν
381 5256 557 5323 λόγοις
586 5256 876 5309 ἀκόλουθον
898 5257 1155 5327 ὁμόλογον
1176 5260 1241 5326 τῇ
1275 5263 1548 5329 πρακτικῇ
1581 5258 1773 5311 οὺσιώ-

196 5365 288 5401 σει
325 5346 715 5410 ἐπιδείξασθαι.
765 5349 917 5401 Ἐπεὶ
944 5348 1050 5418 γάρ
1090 5352 1121 5418 ή
1159 5352 1427 5420 σωτήριος
1460 5351 1595 5420 αὑτὴ
1635 5367 1776 5421 παρ-

196 5440 415 5500 αίνεσις
459 5438 544 5492 διὰ
585 5440 693 5492 τῶν
742 5441 1083 5493 Δεσποτικῶν
1123 5442 1217 5494 καί⁵
1240 5442 1521 5511 ἀχράντων
1555 5443 1774 5513 χειλέων

196 5528 595 5601 προελήλυθεν,
626 5531 685 5597 ἐξ
719 5532 926 5584 ἐκείνου
957 5531 1118 5601 μέχρι
1163 5532 1258 5585 νῦν
1288 5535 1387 5586 οὐκ
1426 5533 1540 5586 ἔστι
1584 5535 1773 5605 χρόνον

195 5621 409 5693 εὗρείν,
444 5623 502 5674 ἐν
536 5613 580 5689 ᾦ
607 5621 707 5674 οὐκ
734 5621 849 5673 ἔστι
874 5622 1075 5691 ταύτην
1110 5624 1236 5675 ilicis
1288 5623 1347 5674 ἐν
1382 5626 1500 5687 ταῖς
1544 5626 1651 5678 τῶν
1686 5626 1775 5678 ἀνι

1883 4633 2148 4686 ahsonum
2212 4636 2305 4679 aut
2348 4625 2663 4686 absurdum,
2691 4637 2791 4676 nec
2818 4635 3005 4675 ansam
3036 4621 3177 4689 quod
3206 4621 3440 4690 praelicat

1880 4721 2023 4790 juste
2060 4716 2334 4786 carpendi.
2374 4716 2477 4769 Sed
2516 4729 2624 4768 non
2658 4722 2766 4767 tam
2801 4711 2955 4765 facile
2999 4724 3191 4763 natura
3224 4710 3347 4773 fert,
3384 4718 3440 4762 .tt

1886 4814 1996 4875 fiat,
2025 4819 2079 4864 et
2118 4808 2329 4863 actione
2362 4806 2701 4875 compleatur
2727 4802 2903 4859 deﬁcit
2935 4810 3112 4866 actus,
3160 4816 3259 4855 nec
3291 4801 3435 4870 aspi-

1882 4914 1965 4957 rat
1994 4901 2060 4955 ad
2094 4899 2362 4953 orationis
2410 4898 2708 4966 sequelam,
2746 4910 2845 4949 nec
2884 4898 3007 4962 quis
3046 4906 3208 4961 opere
3258 4893 3438 4945 subsi-

1879 5004 2108 5049 stentem
2156 4990 2423 5043 actionem
2475 4993 2747 5055 suggeret,
2799 4992 2892 5037 aut
2929 4981 3265 5037 conformem
3324 4995 3437 5034 scr-

1881 5084 2048 5140 nioui.
2094 5080 2393 5137 Consilium
2450 5080 2553 5132 hoc
2603 5075 2947 5132 salutiferum
2992 5088 3085 5142 per
3143 5073 3435 5141 purissima

1880 5175 2091 5231 Domini
2114 5173 2256 5226 labia
2286 5172 2577 5241 prolatum,
2604 5169 2672 5223 ab
2698 5168 2845 5221 omni
2872 5165 3140 5234 praeterita
3173 5165 3436 5217 memoria

1879 5266 1943 5319 ad
1975 5265 2119 5317 hunc
2165 5276 2335 5329 usque
2379 5259 2521 5313 diem
2567 5272 2782 5326 semper
2812 5255 3072 5309 anintitus
3123 5253 3435 5307 hominibus

1879 5354 2198 5417 radicatam,
2253 5358 2309 5405 et
2364 5348 2651 5419 profunde,
2701 5348 2825 5410 late,
2876 5344 3035 5415 longe
3078 5355 3426 5412 augmentum

1876 5445 2115 5513 capiens,
2150 5442 2380 5497 virtutes
2433 5449 2655 5495 caeteras
2686 5438 2955 5508 perfccms
2990 5438 3431 5495 consummavit:

1874 5544 1955 5588 ter
1984 5532 2130 5586 mille
2172 5530 2462 5601 quinquies
2497 5528 2643 5582 mille
2682 5528 2832 5591 olim,
2869 5535 2924 5580 et
2958 5534 3145 5593 postea
3187 5524 3437 5577 innume-

1875 5624 2062 5680 rabilis
2113 5623 2393 5678 hominum
2428 5620 2737 5685 multitudo,
2794 5620 2847 5674 iu
2892 5631 3184 5674 commune
3230 5630 3430 5671 convc-

1401 5738 1630 5795 VARIAS
1685 5738 2085 5796 LECTIONES.

312 5823 341 5864 ἀ
373 5826 458 5879 Io".
493 5826 545 5898 ἡ.
666 5836 686 5863 ε
721 5827 783 5883 C.
808 5826 880 5887 Μ,
921 5827 1310 5898 κατορθοῦσαν.
