4200 6444
768 411 870 478 531

1919 407 2184 469 ΡΗΟΤΙΙ
2217 403 2724 466 ΡΑΤΒΙΑΠΟΗΕ
2756 401 2869 462 CP.

3915 403 4042 467 εει

771 527 1025 587 nientcs,
1071 530 1126 576 et
1188 520 1256 576 de
1308 519 1546 590 propriis
1601 516 1964 581 deredcntes,
2032 513 2345 571 communia

2471 511 2688 580 ιρώπων
2720 510 2923 579 ψυχαῖς
2954 508 3430 582 διαρῤιζουμενην,
3471 513 3569 565 καὶ
3595 513 4033 582 ἐμϐαθύνουσαν,

771 615 1064 667 voluerunt
1115 627 1238 667 esse
1284 626 1408 681 quae
1449 609 1847 679 possidebant,
1904 622 2006 662 nec
2061 608 2203 660 inter
2253 621 2347 660 eos

771 705 1045 774 quispiam
1088 717 1294 772 pauper
1338 711 1456 755 erat
1485 703 1626 768 (erat
1659 700 1775 754 haec
1812 698 2078 751 mirabilis
2120 694 2346 766 aequali-

773 806 879 858 tas,
921 808 1022 849 nec
1058 796 1327 863 speranda
1373 793 1477 847 nisi
1511 806 1637 844 cum
1676 789 2072 857 adhiberetur),
2112 789 2206 842 sed
2249 802 2350 842 nec

773 885 948 938 dises.
979 902 997 935 ι
1030 883 1355 951 Quicunque
1396 882 1565 946 enim,
1597 899 1616 932 ι
1657 882 1732 935 ait
1767 878 2073 947 Scriptura,
2109 898 2128 931 ι
2158 879 2350 934 domos

775 975 857 1026 vel
890 987 1051 1043 agros
1094 972 1468 1041 possidebant.
1511 970 1842 1034 vendebant,
1881 978 1938 1023 et
1974 969 2204 1038 pretium
2250 967 2351 1022 ad-

775 1065 1001 1118 ductum
1026 1063 1089 1116 ad
1114 1063 1280 1131 pedes
1302 1061 1675 1131 apostolorum
1696 1059 2066 1128 deponebant,
2086 1069 2139 1113 et
2162 1059 2350 1112 distri-

777 1153 1044 1207 buebatur
1099 1152 1300 1219 cuique
1343 1159 1502 1218 prout
1551 1151 1827 1220 indigebat
1845 1151 1913 1202 ".
1950 1167 1968 1200 ι
2022 1148 2217 1212 Audis,
2247 1147 2353 1202 Ju-

779 1243 923 1297 liane
966 1261 981 1298 :
1024 1242 1128 1310 Qui
1179 1257 1528 1312 possessores
1575 1250 1753 1308 erant,
1794 1240 2120 1296 vendebant.
2157 1240 2354 1294 Nonne

778 1335 1011 1389 omnes?
1064 1334 1159 1388 sed
1211 1342 1326 1386 tum
1383 1334 1453 1387 ab
1504 1333 1661 1387 initio
1706 1334 2020 1387 mandatum
2084 1333 2214 1386 illud
2281 1333 2353 1384 ita

785 1423 1075 1493 splendide
1107 1423 1401 1485 ferebatur,
1439 1434 1498 1478 ut
1529 1439 1689 1494 opere
1721 1424 1939 1480 ﬂoreret
1973 1443 1988 1478 :
2020 1425 2102 1477 Ab
2123 1438 2191 1477 eo
2220 1433 2356 1477 tem-

782 1529 912 1582 pore
967 1514 1033 1567 ad
1103 1514 1248 1567 hunc
1314 1527 1488 1582 usque
1541 1512 1706 1576 diem,
1780 1528 1889 1567 non
1946 1513 2110 1566 modo
2164 1511 2354 1568 ﬂorem

783 1621 996 1659 summe
1060 1603 1571 1657 immarcescihilem
1620 1612 2006 1660 conservatum
2065 1605 2353 1670 ridemus,

785 1695 928 1747 unde
965 1693 1163 1746 anima!
1215 1693 1501 1747 hominum
1536 1693 1874 1749 circumfuso
1915 1693 2081 1748 odore
2125 1693 2359 1764 perfusa:

784 1786 851 1839 ad
884 1787 1143 1839 virtutum
1169 1786 1418 1840 omnium
1445 1785 1784 1840 salutiferam
1837 1796 1891 1841 et
1934 1786 2205 1841 vivificam
2243 1786 2357 1840 fra-

786 1881 1053 1950 grantiam
1100 1881 1402 1932 trahuntur
1451 1894 1480 1932 a
1539 1886 1797 1948 corrupta
1858 1878 2178 1948 passionum
2223 1877 2358 1932 at'fe-
2391 1859 2434 1915 Β

786 1973 1012 2035 ctione,
1072 1986 1196 2041 quae
1253 1971 1488 2038 plurima
1536 1971 1881 2025 maleolentia
1948 1972 2169 2027 exhalat
2216 1975 2360 2026 :scd

788 2078 982 2117 omnes
1039 2073 1306 2118 terrarum
1367 2062 1530 2118 orbes
1580 2073 1699 2116 acta
1744 2063 1940 2118 diffusa
1989 2065 2358 2134 pertransivit,

789 2169 897 2206 non
947 2162 1159 2206 tantum
1199 2152 1427 2217 viritim,
1478 2154 1572 2208 sed
1622 2153 1944 2224 populatim,
1984 2164 2038 2208 et
2089 2154 2357 2208 infinitam

788 2245 947 2313 plane
1001 2244 1404 2298 multitudinem
1460 2245 1744 2298 hominum
1803 2246 2184 2309 monasticam,
2253 2246 2360 2300 hoc

787 2347 870 2390 est
909 2335 1188 2390 caelestem
1242 2335 1410 2388 vitam
1447 2334 1893 2404 amplcctcntium
1933 2351 2098 2405 super
2136 2345 2361 2398 terram.

789 2426 882 2494 qui
916 2440 1078 2495 opera
1119 2441 1219 2480 sua
1249 2426 1637 2488 extenderunt,
1668 2435 1722 2479 et
1763 2426 2078 2495 praescripto
2122 2427 2364 2481 mandati

789 2531 914 2570 eum
970 2531 1184 2570 summa
1237 2517 1484 2570 omnium
1535 2516 1696 2571 laude
1731 2525 1782 2570 et
1826 2517 2257 2585 praedicatione:
2291 2518 2366 2572 ita

792 2606 1007 2659 Domini
1050 2605 1222 2660 nostri
1263 2606 1424 2660 verba
1473 2605 1714 2662 ellicacia
1762 2617 1817 2662 et
1863 2618 2085 2662 actuosa
2140 2624 2368 2679 magno-

790 2713 920 2766 pere
970 2705 1118 2760 sunt,
1170 2697 1240 2750 ob
1282 2698 1387 2751 hoc
1430 2698 1630 2767 ipsum,
1677 2699 2072 2766 admirationis,
2130 2702 2366 2765 animas,

794 2789 1079 2840 hominum
1116 2788 1439 2842 meritorum
1487 2790 1554 2843 ad
1603 2805 1664 2844 se
1706 2792 2103 2856 convcrtentia,
2135 2801 2192 2846 et
2217 2794 2368 2848 verbi

793 2894 984 2932 semen
1036 2879 1406 2948 inspergentia
1455 2881 1592 2935 satis
1642 2881 1907 2950 profunde
1949 2881 2176 2949 faciunt,
2226 2897 2286 2939 ut
2339 2902 2369 2940 a

793 2967 1067 3021 fructibus
1109 2969 1274 3022 arbor
1319 2977 1730 3036 cognoscatur:
1771 2980 1827 3025 et
1876 2986 1970 3039 per
2009 2972 2244 3026 fructum
2292 2985 2372 3028 at-

793 3073 901 3125 que
931 3058 1185 3112 arborem
1221 3059 1494 3112 hortulaui
1529 3062 1772 3127 potentia
1807 3070 1862 3115 et
1887 3064 2152 3130 sapientia
2181 3065 2370 3119 laude-

2448 603 2542 656 καὶ
2570 604 2649 663 εἰς
2676 602 2878 664 πλάτος
2919 603 3016 654 καὶ
3060 602 3233 670 μῆκος
3273 603 3632 666 αὑξάνουσαν.
3659 609 4034 673 συναύξουσὰν

2447 711 2504 748 τε
2545 694 2642 756 τὰς
2683 693 2851 756 ἄλλας
2886 694 3090 763 ἀρετὰς
3137 696 3234 747 καὶ
3269 697 3817 766 συναπαρτίζονααν·
3862 703 3926 754 τό
3975 720 4036 755 τε

2453 786 2553 854 μὲν
2573 787 2683 854 γὰρ
2707 786 2995 855 τρισχίλιοι
3024 789 3114 839 καί
3150 789 3598 858 πεντακισχίλιοι,
3626 786 3744 842 εἶτα
3767 792 3863 844 καὶ
3893 794 4038 862 σελῆ-

2451 875 2542 939 θος
2575 875 2842 944 ἑκφεῦγον
2876 876 2977 944 τὴν
3009 877 3410 947 ἀπαρίθμησιν,
3449 881 3724 944 συνιόντες
3753 882 4035 951 ἀλλήλοις,

2453 969 2547 1020 καὶ
2583 967 2696 1020 τῶν
2735 967 2880 1021 ἰδίων
2909 969 3272 1039 ἐξιστάμενοι,
3301 971 3457 1023 κοινὰ
3488 972 3558 1024 τὰ
3584 972 3714 1026 ὅντα
3741 975 4042 1046 προύτίθε-

2454 1076 2573 1120 σαν,
2604 1062 2700 1112 καὶ
2726 1061 2898 1129 πένης
2923 1056 2991 1132 ἧν
3014 1061 3189 1124 οὐδεὶς
3211 1064 3270 1114 ιν
3296 1063 3481 1126 αὐτοῖς
3505 1064 3572 1132 (ῶ
3594 1064 3907 1134 θαυμασίας
3933 1069 4044 1120 ἰσο-

2458 1149 2674 1218 μοιρίας
2699 1151 2788 1202 καὶ
2814 1152 2944 1220 πρὶν
2971 1151 3287 1220 πραχθῆναι
3315 1155 3438 1222 μηδ’
3465 1154 3881 1226 ἐλπιζομένης),
3909 1159 4042 1209 οὐδὲ

2457 1238 2730 1302 πλούσιος.
2767 1258 2786 1291 ι
2837 1239 3000 1292 Ὅσοι
3031 1243 3163 1310 γὰρ,
3209 1243 3364 1310 φησι,
3427 1248 3688 1313 κτήτορες
3737 1247 3960 1316 χωρίων
4005 1246 4041 1314 ἢ

2456 1331 2641 1383 οἰκιῶν
2690 1329 2958 1400 ὑπῆρχον,
3006 1331 3314 1394 πωλοῦντες
3344 1332 3541 1401 ἔφερον
3581 1333 3682 1397 τὰς
3722 1336 3892 1403 τιμὰς
3925 1335 4044 1388 τῶν

2458 1423 2946 1492 πιπρασκομένων,
2995 1423 3091 1475 καὶ
3139 1422 3351 1476 ἐτίθουν
3383 1424 3536 1494 παρὰ
3568 1427 3694 1488 τοὺς
3726 1425 3897 1493 πέδας
3926 1426 4046 1479 τῶν

2459 1511 2794 1574 ἀποστόλων.
2842 1511 3095 1566 διεδίδοτο
3126 1513 3183 1565 δὶ
3222 1514 3459 1584 ἑκάστῳ,
3506 1514 3630 1569 καθ’
3661 1517 3690 1570 ὅ
3725 1534 3809 1580 τις
3846 1518 4047 1586 Χρείαν

2461 1598 2624 1672 εἶχεν.
2659 1621 2679 1655 ι
2731 1603 2996 1668 ⁹Δκούεις,
3055 1605 3327 1666 Ἰουλιανὶ,
3387 1607 3502 1659 ὅσοι
3550 1609 3836 1678 κτήτορες,
3889 1603 4047 1664 οὗτοι

2459 1695 2725 1749 ἐπώλουν.
2777 1696 2915 1764 Οὑχὶ
2955 1697 3227 1764 ἇπαντεςς
3282 1697 3418 1751 ἀλλὰ
3463 1699 3585 1752 τότε
3639 1703 3738 1771 μὲν
3775 1703 3836 1768 ιε
3867 1703 4047 1770 αὑτῆς

2460 1786 2638 1857 ἀρχῆς
2676 1786 2850 1850 οὕτως
2871 1788 2951 1850 εἰς
2986 1787 3189 1858 πλῆθος
3215 1790 3248 1858 ἡ
3272 1789 3462 1858 ἐντολὴ
3489 1791 4045 1863 τελεσιουργουμένη,

2461 1878 2730 1949 λαμπρῶς
2757 1880 2998 1933 επεδίδου
3027 1881 3122 1933 καὶ
3149 1881 3470 1951 ὑφειστήκει
3489 1886 3609 1945 ταῖς
3631 1884 3938 1955 ἐνεργείαις
3961 1887 4048 1937 ἑν-

2461 1971 2788 2039 ακμάζουσα
2810 1988 2824 2001 ο
2863 1970 2883 2011 ί
2930 1971 3128 2040 ιφεξῆς
3156 1972 3214 2025 δὲ
3249 1972 3412 2042 μέχρι
3445 1973 3564 2037 νῦν,
3590 1976 3689 2028 οὐκ
3724 1978 4047 2047 ἀμάραντον

2465 2060 2627 2128 μόνον
2658 2059 2720 2111 τὸ
2745 2060 2846 2129 τῆς
2872 2059 3058 2130 ἀκμῆς
3080 2059 3241 2123 ἄνθος
3270 2061 3587 2124 διεσώσατο,
3625 2063 3692 2117 δι’
3729 2057 3792 2116 οὗ
3816 2067 3918 2128 τὰς
3946 2069 4048 2120 ἁνο

2465 2151 2744 2221 θρωπίνας
2767 2151 2946 2220 ψυχὰς
2980 2152 3424 2222 ¹ιτεριανθίζουισα,
3458 2156 3569 2208 ἀπὸ
3592 2158 3692 2224 τῆς
3715 2157 3824 2209 τῶν
3857 2159 4050 2211 παθῶν

2465 2243 2758 2312 σηπεδόνος
2784 2242 2921 2297 πολὺ
2965 2243 3029 2296 τὸ
3062 2243 3300 2307 δυσῶδες
3329 2246 3795 2316 ἐναποπνεούσης,
3824 2251 3919 2301 ἰπὶ
3945 2251 4050 2318 τὴν

2466 2335 2574 2386 τῶν
2592 2334 2804 2403 ἀρετῶν
2819 2335 3087 2405 σωτήριον
3111 2336 3207 2388 καὶ
3233 2334 3498 2398 ζωοποιὸν
3525 2338 3757 2393 εὐωδίαν
3783 2343 4051 2409 συνείς-ἐλ-

2465 2441 2652 2478 κεται·
2687 2425 2824 2480 ἀλλὰ
2874 2443 2940 2494 γε
2985 2425 3050 2497 δὴ
3111 2427 3207 2478 καὶ
3249 2430 3429 2481 πάντα
3461 2429 3564 2498 τῆς
3610 2431 3941 2501 οἰκουμένης
3989 2435 4051 2486 τὰ

2469 2518 2703 2588 πέρατα,
2735 2519 2854 2580 ταῖς
2885 2518 3187 2587 ἐνεργείαις
3215 2520 3586 2589 στεριλαδοῦσα
3612 2524 3708 2576 καὶ
3729 2524 4052 2594 διατρέχου·

2471 2625 2560 2672 σα,
2593 2608 2655 2659 ού
2692 2608 2811 2660 κατ’
2841 2608 3010 2676 ἄνδρα
3043 2609 3226 2678 μόνον,
3278 2611 3378 2680 ἥδη
3417 2611 3475 2664 δὲ
3518 2613 3616 2665 καὶ
3657 2615 3800 2666 κατὰ
3841 2615 4052 2684 δήμους

2469 2701 2642 2761 ὅλους,
2676 2700 2768 2752 καὶ
2795 2700 3032 2768 ἀριθμοῦ
3061 2701 3314 2771 κρείττω,
3344 2706 3664 2774 συστήματα
3687 2707 3797 2758 τῶν
3823 2707 3902 2767 ὡς
3920 2709 4057 2776 atq.

2471 2789 2578 2852 θῶς
2613 2791 2816 2859 μονάδα
2845 2791 2956 2859 βίον
2987 2793 3082 2845 καὶ
3109 2794 3366 2862 οὐράνιον
3399 2796 3698 2860 πολίζουσὰ
3727 2815 3788 2850 τε
3818 2802 3930 2862 τοῖς
3963 2801 4056 2852 ἰπὶ

2471 2879 2595 2948 γῆς,
2637 2881 2732 2931 καὶ
2790 2879 3133 2934 πλατύνουσα
3187 2882 3256 2935 δι’
3293 2883 3472 2937 αὐτῶν
3517 2883 3626 2937 τῶν
3677 2885 3880 2954 ἔργων,
3928 2888 4056 2940 ὅσον

2473 2970 2620 3021 ἐστὶν
2655 2971 2824 3037 αὐτῆς
2864 2971 2926 3023 τὸ
2961 2973 3020 3022 ἐν
3060 2975 3172 3035 τοῖς
3209 2973 3390 3040 λόγοις
3433 2975 3728 3028 ἀκόλουθον
3761 2978 3989 3046 μᾶλλον,
4024 2980 4055 3048 ἧ

2472 3060 2560 3114 διὰ
2584 3062 2683 3131 τῆς
2713 3062 2856 3114 κατὰ
2881 3063 2974 3114 τὸν
2999 3062 3157 3130 λόγον
3188 3065 3516 3130 ἀκολουθίας
3541 3068 3604 3120 τὸ
3626 3068 3859 3136 ὑφεστὺς
3888 3069 4059 3138 αὐτῆς

797 3162 906 3213 tur,
947 3152 1106 3218 cujus
1157 3151 1333 3205 laudis
1373 3152 1692 3222 opulentum
1727 3153 1864 3207 satis
1900 3165 2136 3225 segetem
2180 3173 2370 3228 sugge-

2477 3155 2534 3204 ὲν
2553 3157 2665 3215 τοῖς
2690 3153 2872 3220 ἔργοις
2901 3155 2995 3206 καὶ
3026 3155 3338 3223 περιούσιον
3368 3158 3634 3227 λαμπρῶς
3666 3158 4058 3214 ἐπιδείκνυσιν.

795 3250 946 3305 runt,
991 3250 1047 3294 et
1084 3250 1266 3295 tamen
1312 3245 1556 3296 nondum
1592 3259 1687 3312 per
1720 3245 1836 3299 lmc
1857 3255 1937 3300 tot
1979 3256 2033 3300 et
2089 3249 2216 3303 talia
2276 3265 2373 3303 en-

795 3332 996 3397 comia,
1022 3333 1288 3388 naturalis
1335 3335 1481 3387 cnim
1518 3337 1923 3404 magniﬁcentia
1969 3341 2104 3395 satis
2161 3343 2376 3396 abunde

799 3423 1212 3488 manifestatur;
1261 3438 1386 3477 nam
1438 3427 1741 3478 multarum
1797 3436 2058 3494 pra-terea
2112 3429 2375 3482 virtutum

801 3515 1216 3569 subsistentiam
1267 3523 1540 3569 sustentat
1580 3527 1635 3570 et
1663 3519 2042 3587 complectitur
2077 3538 2090 3572 :
2124 3531 2178 3574 et
2209 3530 2376 3587 certe,

802 3604 912 3658 nisi
941 3604 1066 3673 quis
1096 3605 1212 3673 pari
1252 3619 1378 3657 cum
1413 3603 1631 3658 Juliano
1657 3605 1870 3674 judicio
1920 3607 2106 3662 divino
2139 3623 2378 3662 occa‘ca-

805 3705 937 3758 tus,
1003 3696 1058 3748 in
1117 3695 1426 3748 clarissima
1473 3696 1597 3750 luce
1646 3697 1963 3760 aberrabit,
2030 3713 2381 3767 summopere

803 3788 1176 3842 admiraturus
1238 3795 1325 3840 est
1383 3788 1690 3844 naturalem
1743 3789 1864 3856 ejus
1912 3791 2040 3853 \‘im,
2093 3791 2380 3844 sublimem

807 3879 955 3931 illam
993 3886 1046 3932 ct
1090 3878 1478 3933 salutiferam?
1537 3879 1643 3945 Qui
1685 3881 1962 3935 caelestem
2010 3883 2384 3936 conversatio-

807 3986 929 4024 nem
984 3972 1231 4025 terrestri
1280 3987 1376 4025 sua
1411 3972 1521 4025 vita
1582 3981 1997 4040 rvpi-assentant,
2045 3973 2080 4026 ii
2144 3974 2382 4028 discerni

807 4062 968 4116 facile
1000 4073 1250 4132 possunt,
1302 4063 1405 4116 hoc
1456 4063 1817 4116 fundamento
1863 4063 2113 4132 inprimis
2161 4065 2331 4118 innixi
2369 4083 2380 4117 :

812 4173 830 4204 ι
866 4152 1089 4207 Venditc
1118 4167 1242 4220 qua:
1275 4153 1594 4221 possidetis,
1640 4161 1696 4206 et
1725 4153 2128 4222 eleemosynam
2161 4155 2304 4209 date.
2357 4175 2376 4206 ι

806 4244 908 4297 Cui
943 4245 1024 4298 sic
1062 4243 1234 4312 jacto,
1290 4251 1517 4296 ceteras
1566 4253 1956 4311 superstruunt
2009 4249 2260 4312 virtutes,
2311 4248 2383 4301 ita

810 4348 865 4390 ut
894 4337 1012 4391 siue
1046 4337 1138 4389 illo
1195 4335 1496 4389 subsistere
1527 4350 1636 4388 non
1670 4351 1831 4404 posse
1867 4352 2000 4405 pure
2031 4338 2135 4390 illa:
2161 4338 2384 4392 ridean-

811 4437 918 4480 tur.
956 4427 1226 4493 Quocirca
1258 4440 1384 4478 cum
1428 4425 1784 4479 vendiileritis
1830 4427 2008 4494 primo
2039 4443 2161 4495 qua:
2203 4428 2382 4496 possi-

2479 3246 2554 3298 Οὑ
2585 3246 2691 3314 μὴν
2724 3248 2749 3284 ε
2786 3245 2924 3298 ἁλλά
2955 3261 3017 3312 γε
3056 3247 3150 3298 καὶ
3179 3248 3288 3298 τῶν
3333 3250 3684 3303 Δεσποτικῶν
3712 3251 3980 3321 ῥημάτων
4003 3252 4061 3304 τὸ

2478 3337 2721 3405 ἐνεργὸν,
2775 3337 2871 3388 καὶ
2923 3336 3021 3406 τὴν
3073 3337 3307 3406 δύναμιν
3355 3339 3509 3391 οὐδὲν
3551 3335 3717 3411 ἦττον
3759 3341 3826 3394 δι’
3862 3344 4061 3410 ἑαυτῆς

2479 3426 2711 3496 παρέχει
2750 3427 3163 3496 θαυμάζεσθαιο
3191 3430 3294 3490 τὰς
3324 3431 3432 3499 γὰρ
3464 3431 3813 3500 ἀνθρωπίνας
3860 3433 4060 3502 ψυχὰς,

2480 3519 2602 3570 ὅσαι
2641 3517 2809 3582 ἄξιαι,
2846 3519 2984 3588 πρδς
3025 3520 3232 3588 ἑαυτὴν
3267 3521 3696 3591 ἐπιστρέφουσι,
3728 3524 3823 3575 καὶ
3852 3524 3947 3576 τὸν
3973 3526 4062 3575 τοῦ

2482 3609 2640 3675 λόγου
2674 3609 2876 3678 σπόρον
2920 3609 3126 3663 ἑνιεῖσά
3153 3626 3213 3662 τε
3255 3611 3351 3663 καὶ
3379 3610 3784 3678 ὲμδαθύνουσα,
3829 3614 3940 3664 ἀπὸ
3971 3613 4064 3664 τοῦ

2484 3699 2697 3767 καρποῦ
2723 3700 2783 3751 τὸ
2808 3699 3024 3770 δένδρον
3050 3699 3528 3768 ὲπιγινώσκεσθαι,
3552 3702 3650 3754 καὶ⁵
3672 3702 3740 3755 δι’
3761 3703 3947 3756 αὐτῶν
3972 3705 4064 3756 τού

2484 3789 2798 3857 φυτοκὸμου
2831 3788 2992 3840 πάλιν
3021 3790 3124 3860 τὴν
3150 3791 3304 3859 ἰσχὺν
3341 3791 3436 3842 καὶ
3471 3791 3662 3857 σοφίαν
3693 3791 4063 3861 ἐξυμνεῐσθαι,

2483 3879 2842 3951 παρασκευὴν
2892 3881 3093 3950 πολλὴν
3123 3882 3487 3953 συνεξεύρατο
3510 3899 3524 3913 ⁸
3557 3883 3652 3935 καὶ
3687 3882 3843 3936 οὔπω
3875 3901 3939 3950 γε
3981 3885 4067 3936 δια

2482 3971 2710 4034 τούτων,
2742 3972 2949 4042 καίπερ
2985 3973 3324 4041 τηλικούτων
3352 3973 3542 4037 ὅντων,
3577 3975 3665 4042 ἐφ’
3695 3975 3822 4026 ὅσον
3847 3977 3976 4042 ἧκει
4008 3975 4067 4026 τὸ

2489 4063 2776 4131 μεγαλεῖον
2827 4063 2927 4132 τῆς
2989 4063 3204 4130 φύσεως
3269 4065 3442 4132 αὐτῆς
3506 4065 3869 4135 ἐμφανίζεται
3900 4082 3916 4096 ⁶

2483 4153 2565 4204 ὅτι
2583 4152 2676 4202 καὶ
2691 4150 2800 4203 τῶν
2814 4150 2958 4204 ἄλλω
2974 4151 3214 4222 νὰρετῶν
3241 4153 3336 4204 καὶ
3362 4152 3806 4222 κατορθωμάτων
3833 4155 4060 4224 ὑπερεί-

2481 4242 2560 4294 ὅει
2600 4259 2661 4293 τε
2701 4243 2798 4294 καὶ
2838 4243 3052 4312 συνέχει
3102 4244 3199 4313 τὴν
3258 4241 3518 4312 ὓπαρξιν.
3578 4244 3721 4308 Πῶς,
3772 4246 3823 4296 εί
3867 4248 3945 4314 μή
3988 4263 4070 4306 τις

2500 4333 2772 4402 Ἰουλιανῷ
2818 4333 2918 4403 τὴν
2955 4335 3077 4403 ίσην
3122 4335 3280 4403 δίκην
3314 4335 3533 4404 ὑπέχων
3567 4335 3767 4402 τυφλὸς
3808 4336 3886 4404 τῷ
3932 4340 4072 4404 φωτὶ

2488 4423 2976 4493 περιπλανώμενος
3021 4423 3372 4493 διελίγχοιτο,
3419 4427 3519 4477 οὑκ
3555 4425 3623 4478 ἂν
3655 4427 4070 4495 ὑπεραγασθείη

809 4517 972 4580 detis,
1028 4527 1084 4571 et
1111 4516 1484 4584 indigentibus
1529 4515 1945 4579 distribueritis,
2004 4518 2226 4572 omnino
2281 4519 2370 4572 Ιιο(

2491 4515 2550 4566 τὸ
2586 4515 2646 4565 ἐν
2675 4517 2739 4584 τῇ
2777 4517 2939 4582 φύσει
2975 4517 3178 4584 κράτος
3207 4515 3378 4581 αὐτῆς
3407 4517 3502 4568 καὶ
3527 4515 3728 4585 ὑψηλὸν
3772 4519 3865 4570 καὶ
3893 4520 4073 4586 σωτή-

808 4608 1016 4663 Christi
1045 4608 1366 4669 consilium.
1403 4616 1464 4660 ut
1495 4606 1589 4661 Dei
1628 4621 1787 4676 opus,
1820 4614 1880 4660 ut
1905 4607 2244 4662 humanitate
2273 4609 2386 4676 ple-

813 4714 966 4758 num.
1002 4698 1388 4752 celebtabitur.
1444 4697 1525 4749 Ad
1562 4696 1710 4750 hunc
1739 4696 1958 4750 modum
2001 4699 2128 4750 nudi
2161 4697 2384 4752 demum

813 4790 1083 4854 homines,
1115 4790 1312 4859 opibus
1353 4799 1408 4842 et
1439 4787 1792 4857 passionibus
1830 4788 1984 4841 vacui
2032 4791 2285 4852 terrenis,
2319 4790 2386 4842 ad

813 4881 1114 4934 cci-taurina
1163 4879 1424 4932 athletica
1463 4893 1524 4932 se
1549 4888 1908 4948 componunt,
1945 4880 1996 4931 in
2030 4881 2161 4933 illud
2208 4881 2384 4936 solum

814 4982 995 5025 mente
1026 4972 1247 5033 intenti,
1283 4981 1336 5024 ct
1376 4985 1602 5040 scopum
1635 4970 1903 5024 directum
1934 4970 2216 5034 habentes,
2242 4971 2384 5040 quod

814 5061 984 5115 Paulo
1027 5062 1273 5114 dicitur:
1321 5078 1339 5111 ι
1366 5059 1540 5130 Cupio
1590 5059 1850 5123 dissolvi,
1895 5070 1950 5113 et
1997 5077 2120 5114 cum
2172 5062 2390 5117 Christo

815 5153 1048 5206 tssc'”.
1083 5171 1101 5203 ι
1159 5150 1312 5206 Unde
1363 5152 1505 5206 \‘isio
1533 5161 1787 5221 paterna,
1839 5153 1892 5205 in
1943 5151 2145 5221 Spiritu
2197 5162 2390 5208 sancto

819 5243 972 5313 (felix
1004 5245 1230 5297 omnino
1258 5243 1442 5312 visio),
1471 5242 1732 5312 perfecta,
1759 5250 1814 5296 ct
1842 5243 1961 5297 sine
1985 5245 2206 5312 speculo
2237 5260 2388 5298 reve-

818 5337 948 5400 lata,
974 5346 1029 5390 et
1073 5335 1321 5391 revelans
1357 5337 1628 5390 bonorum
1660 5335 1918 5404 primum,
1953 5344 2008 5391 ct
2051 5335 2390 5392 desiderato-

891 5513 937 5546 "
959 5514 1077 5569 Act.
1112 5529 1184 5574 tv,
1210 5513 1300 5577 54,
1332 5513 1422 5567 55.
1501 5512 1566 5544 ⁷⁸⁸
1591 5511 1788 5582 Philip.
1819 5529 1858 5576 ι,
1892 5513 1983 5568 23.

2492 4621 2640 4674 ριον;
2673 4603 2784 4656 Καὶ
2811 4604 2919 4673 γὰρ
2950 4605 3068 4657 ὅσοι
3115 4605 3214 4674 τὴν
3265 4606 3518 4674 οὐράνιον
3561 4606 3860 4668 πολιτείαν,
3904 4607 3976 4660 δι’
4000 4603 4074 4660 ὧν

2491 4695 2698 4765 βιοῦσιν
2718 4696 2811 4747 siti.
2835 4696 2946 4764 γῆς,
2965 4695 3365 4765 ὑπογράᾳουσι,
3388 4696 3612 4758 τούτους
3631 4697 3717 4768 δὴ,
3735 4697 3966 4762 τούτους
3995 4699 4075 4751 ἰν-

2490 4803 2636 4839 εστιν
2685 4786 2818 4856 ὁρᾷν
2860 4785 2992 4837 αύτδ
3034 4787 3192 4838 τοῦτο
3236 4787 3476 4856 πρῶτον,
3521 4787 3796 4857 θεμέλιον,
3827 4783 3945 4842 οἷον
3982 4790 4075 4843 καὶ

2492 4878 2819 4946 ὑπόϐαθρον,
2859 4876 2941 4941 τὸ,
2979 4895 2996 4926 ι
3035 4874 3327 4948 Πωλήσατε
3360 4879 3430 4931 τὰ
3460 4879 3796 4949 ὑπάρχοντα,
3829 4883 3928 4933 καὶ
3960 4882 4074 4934 δότε

2494 4970 2885 5040 ἐλεημοσύνην,
2917 4987 2935 5021 ι
2968 4969 3468 5040 ὑποϐαλλομένουςο
3499 4973 3594 5025 καὶ
3614 4971 3757 5026 οὕτω
3781 4972 3882 5036 τὰς
3910 4973 4074 5034 ἄλλας

2496 5062 2697 5131 ἀρετὰς
2727 5059 3219 5130 ἑποικοδομοῦντας
3237 5077 3252 5091 ο
3286 5061 3363 5124 ὡς
3395 5062 3521 5117 ἄνευ
3549 5063 3771 5132 ταύτης,
3799 5062 4074 5133 μηδεμιᾶς

2498 5153 2663 5222 ἄλλης
2699 5152 2997 5221 ὑφεστάναι
3029 5151 3284 5222 καθαρῶς
3315 5151 3545 5224 δύναμιν
3567 5152 3816 5223 ὶχούσης.
3839 5153 3941 5206 Διὸ
3964 5170 4072 5206 πω-

2497 5245 2715 5306 λοῦντες
2741 5245 3006 5316 πρότερον
3034 5243 3103 5296 τὰ
3137 5244 3472 5315 ὑπάρχοντα,
3513 5244 3609 5298 καὶ
3648 5245 3758 5306 τοῖς
3797 5242 4072 5311 δεομένοις

2497 5337 2864 5404 διανέμοντες,
2891 5325 3006 5395 πῶς
3036 5330 3103 5385 ἄν
3131 5347 3213 5395 τις
3237 5331 3401 5396 ἀξίως,
3429 5331 3704 5402 εξυμνήση
3725 5329 3787 5384 τὸ
3808 5331 3959 5384 θεῖον
3985 5331 4070 5383 καὶ

2175 5669 2406 5726 VARI/[3
2445 5667 2736 5726 LECTION
2745 5668 2848 5727 ES.

863 5784 1002 5842 ίῑσ.
1048 5788 1106 5854 ἐξ
1155 5787 1387 5857 ἐκείνης.
1505 5789 1527 5826 ε
1553 5786 1613 5840 (ἰ.
1657 5785 1721 5838 Μ.
1752 5786 1812 5838 οὐ
1853 5785 1975 5852 μὴν.
