4200 6444
158 384 259 450 633
1183 373 1282 432 AD
1310 362 1903 430 AMPHlLOCHIUM
1926 360 2270 434 QUESTIO
2301 360 2431 421 CII.
3298 361 3406 425 63‘

162 487 482 562 θεουργικδν
519 486 615 539 καὶ
644 482 1031 553 φιλάνθρωπον
1059 495 1158 547 της
1188 474 1599 547 παραινέσεως;
1626 470 1735 525 0'6-
1762 474 1810 531 Δ

1762 474 1810 531 Α
1839 483 1963 523 rum
1998 482 2276 523 summum
2317 466 2657 523 intuentibus
2687 467 3002 532 fruendum,
3029 481 3407 540 repraesentat.

158 602 234 639 τω
278 557 476 653 γνμνοὶ
528 579 715 633 λοιπὸν
765 578 861 630 καὶ
893 573 1194 647 χρημάτων
1223 572 1319 626 καὶ
1354 568 1732 642 προσπαθείας

1832 561 2011 630 Atque
2045 560 2121 613 ita
2155 557 2467 615 Servatoris
2494 558 2705 614 Domini
2739 563 3081 623 mandatum.
3114 579 3221 618 non
3248 563 3413 629 modo

159 648 324 745 ἄλλης
350 648 584 744 intime,
619 671 747 734 τοὺς
784 667 1119 738 detentum);
1159 665 1358 727 ἄθλους
1391 662 1731 723 ὑποδύονται,

1834 652 1981 707 dictu
2026 648 2354 705 rationabile
2398 658 2452 703 et
2488 664 2837 719 consequens
2882 653 3098 707 videtur
3144 669 3265 709 esse
3291 693 3307 715 .
3360 662 3415 709 et

160 740 296 835 πρὸς
326 740 393 816 ἓν*
410 740 569 833 μόνον
587 761 679 813 τὸν
706 758 829 812 νοῦν
855 754 1280 826 ἀνατεινόμενοι,
1305 755 1402 807 καὶ
1424 751 1521 823 τὴν
1550 750 1734 820 ἔφεσιν

1835 743 2006 797 multa
2045 740 2278 796 veritate
2312 740 2586 805 fulcitum,
2631 741 2724 795 sed
2769 743 3037 812 quidquid
3081 747 3148 799 ad
3190 745 3412 815 opposi-

160 832 518 925 ἕξοντες,είς
562 852 625 904 τδ
670 850 813 904 κατά
853 845 1090 910 Παῦλον,
1141 864 1160 897 ι
1191 844 1457 899 ἀναλῦσαι
1499 842 1595 896 καὶ
1640 841 1737 894 σὺν

1838 844 1952 889 tum
1981 841 2268 904 repugnat,
2300 832 2453 902 fugat
2484 833 2826 902 praevalendo
2869 844 2924 887 ct
2966 836 3173 903 pudore
3203 836 3416 890 suffun-

162 922 384 1016 Χριστῷ
427 940 586 998 εἶναι.
627 962 646 993 ι
685 943 762 994 Δι’
788 934 871 1003 οῦ,
899 938 993 993 τοῦ
1032 935 1247 1007 Πατρδς
1290 937 1348 988 ἐν
1388 934 1530 1005 ἁγίῳ
1571 931 1740 986 Πνεῦ-

1838 925 1961 979 dit:
1993 924 2087 978 sed
2128 932 2183 979 et
2213 923 2386 977 multo
2432 924 2606 992 magis
2637 922 2835 977 seriem
2867 925 3159 978 verborum
3191 936 3245 979 et
3288 940 3416 979 sen-

167 1014 379 1106 ματιῶ
399 1032 667 1105 μακαρίου
692 1032 959 1102 θεάματος
978 1031 992 1084 l
1011 1028 1032 1099 )
1054 1030 1088 1099 ἡ
1105 1026 1436 1097 τελεωτέρα,
1461 1024 1555 1080 καὶ
1571 1023 1698 1093 χωρ“
1712 1037 1740 1083 ς

1840 1014 2135 1068 tentiarum
2159 1028 2392 1068 censura
2423 1027 2676 1077 vacuam,
2700 1028 2796 1083 per
2820 1014 3165 1082 Operationes
3187 1016 3419 1070 eximias

162 1103 272 1181 τῶν
330 1103 611 1196 ἐσόπτρων
653 1122 877 1191 γνῶσις,
924 1116 1514 1187 συνανακαλυπτομένη
1546 1131 1607 1167 τε
1646 1111 1743 1165 καὶ

1842 1114 1897 1159 et
1923 1103 2339 1160 subsistentiam
2370 1104 2683 1157 universam
2714 1104 2819 1158 sub
2850 1105 2964 1158 sole
2990 1106 3423 1159 consummatio-

166 1218 727 1288 συναναστράπτουσα
762 1214 825 1268 τὸ
852 1214 1069 1285 πρῶτον
1100 1210 1304 1278 ἀγαθὸν
1336 1209 1417 1271 εἰς
1442 1206 1743 1260 ἀπόλαυσιν

1844 1213 1959 1252 rem
1989 1208 2043 1253 et
2072 1196 2539 1251 admirabiliorem
2572 1197 2833 1258 ostendit,
2865 1206 3027 1265 atque
3053 1197 3196 1251 ultra
3228 1197 3338 1251 vim
3370 1206 3425 1250 et

164 1314 280 1373 τοῖς
309 1285 552 1371 θεαταῖς,
580 1306 677 1361 καὶ
707 1304 816 1358 τῶν
844 1302 1053 1373 ἐφετῶν
1090 1300 1374 1371 χαρίζεται
1412 1297 1472 1351 τὸ
1508 1296 1747 1366 ἀκρότα-

1848 1297 2105 1341 naturam
2148 1286 2611 1356 epicherematum
2646 1326 2663 1350 ,
2712 1285 2788 1338 ita
2834 1294 2895 1339 ut
2939 1287 3202 1341 audentes
3249 1288 3424 1355 ipsam

166 1419 283 1455 τον.
310 1401 468 1453 Οὕτω
494 1398 582 1467 δὴ,
611 1397 783 1460 οὕτως
816 1398 849 1465 ἡ
878 1394 1144 1463 σωτήριος
1176 1390 1314 1460 αῦτη
1339 1390 1433 1442 καὶ
1447 1386 1750 1455 Δεσποτικὴ

1849 1377 2057 1432 violare
2115 1376 2355 1432 dedecus
2413 1390 2539 1429 cum
2601 1376 2811 1444 pudore
2885 1378 3071 1432 subire
3128 1381 3425 1447 coegerint.

168 1491 359 1562 ἐντολὴ
384 1490 446 1543 οὑ
480 1487 709 1558 ῥηθῆναι
743 1486 904 1556 μόνον
937 1485 997 1538 τὺ
1018 1480 1241 1550 εὔλογόν
1265 1496 1325 1533 τε
1346 1479 1442 1531 καὶ
1462 1476 1751 1531 ἀκόλουθον

1851 1470 2026 1537 Atque
2064 1468 2181 1523 haec
2216 1470 2501 1533 hactenus,
2535 1482 2603 1521 ex
2648 1467 2717 1522 iis
2750 1483 2875 1537 qua:
2902 1469 3103 1524 oblivio
3141 1486 3248 1525 non
3288 1485 3429 1540 pras-

169 1559 593 1651 πολλῇνδυνάμει
617 1576 1009 1631 συνδιεσιὶηατο
1031 1574 1178 1628 ἀπαν
1207 1569 1515 1640 μαχόμενον
1544 1567 1636 1620 καὶ
1664 1583 1757 1619 πο-

1851 1561 2019 1625 venit,
2045 1568 2235 1614 contra
2257 1559 2534 1616 lulianum
2556 1560 2879 1629 Apostotam
2915 1563 3163 1630 nequiter
3184 1570 3238 1617 et
3264 1562 3433 1630 impie

168 1647 361 1742 λεμείν
390 1647 629 1741 ἠρμένον
649 1665 968 1739 τρεψαμένη
997 1680 1059 1716 τε
1089 1660 1230 1718 κατὰ
1252 1658 1476 1729 κράτος,
1508 1657 1602 1711 καὶ
1624 1672 1756 1709 κατ-

1855 1657 2046 1704 contra
2074 1650 2362 1703 veritatem
2402 1649 2822 1702 insolescentem
2866 1648 3014 1702 dicta
3054 1658 3239 1703 sunto.
3283 1647 3430 1710 Tibi,

168 1739 476 1830 αισχὺνασα
496 1774 510 1787 °
542 1756 678 1811 ἀλλά
707 1756 800 1810 καὶ
826 1753 961 1807 πολύ
994 1768 1059 1821 γε
1091 1750 1253 1803 πλέον
1287 1748 1379 1801 τὸν
1423 1746 1615 1818 είρμιιν
1646 1744 1756 1797 τῶν

1856 1741 2100 1796 discendi
2129 1742 2353 1811 cupido,
2382 1750 2438 1795 et
2467 1741 2651 1794 divina
2682 1739 2928 1803 oracula,
2964 1749 3021 1794 ut
3042 1740 3242 1796 divinis
3271 1740 3436 1794 rebus

170 1828 372 1919 λόγων,
397 1850 491 1903 καὶ
508 1849 607 1919 τῆς
630 1845 854 1917 γνώμης
878 1844 941 1898 τὸ
967 1842 1352 1911 ἀνεπίληπτον,
1378 1837 1466 1891 διά
1491 1835 1591 1905 τῆς
1614 1834 1754 1889 κατά
1787 1850 1829 1906 Β

1787 1850 1829 1906 Β
1858 1834 2139 1895 convenit,
2174 1834 2388 1896 edocto,
2422 1834 2588 1888 etiam
2619 1846 2795 1901 pauca
2835 1847 2866 1887 e
2902 1831 3085 1897 dietis,
3122 1831 3255 1897 scio,
3284 1828 3437 1885 suti-

168 1945 276 2005 τὰς
351 1939 635 2011 ἐνεργείας
723 1933 1080 2007 περιφανείας
1150 1948 1210 1983 τε
1298 1930 1391 1982 καὶ
1471 1925 1756 1995 ὑπάρξεως

1184 1948 1210 1983 ε
1298 1930 1391 1982 καὶ
1471 1925 1756 1995 ὑπάρξεως
1862 1924 2009 1979 cient
2036 1923 2102 1979 ad
2133 1923 2457 1994 quaestionis
2489 1922 2843 1977 solutionem.

169 2033 277 2103 τῆς
323 2033 426 2087 ἀνά
472 2033 649 2085 πᾶσαν
693 2029 792 2100 τὴν
836 2026 927 2095 ὑφ’
977 2025 1113 2098 ἡλίῳ
1162 2020 1537 2091 ἐντελέστερόν
1572 2035 1629 2071 τε
1667 2017 1764 2070 καὶ
1794 2016 2243 2087 θαυμασιώτερον
2275 2016 2605 2082 ἐπεδείξατο,
2638 2015 2733 2068 καὶ
2776 2016 3085 2085 κρεῖττονῆ
3118 2015 3239 2068 κατ’
3283 2011 3439 2083 ἰσχύν

169 2140 233 2175 τε
280 2123 375 2176 καὶ
409 2122 569 2191 φύσιν
597 2119 1070 2190 ἐπιχειρημάτων,
1091 2114 1217 2179 τοὺς
1248 2112 1654 2183 τετολμηκότας
1689 2110 1858 2181 αὐτὴν
1896 2108 2201 2181 ἐξυϐρίζειν
2238 2109 2338 2179 τῆς
2370 2107 2720 2180 μηχανοὺσης
2744 2107 3006 2177 αίσχὺνης
3030 2107 3089 2159 τὸ
3120 2105 3443 2177 σκυθρωπζυ

171 2215 429 2269 ὑπελθεῖν
467 2213 717 2285 ἐρύθημα
751 2212 1150 2283 κατεπράξατο.
1198 2208 1368 2262 ⁹Αλλά
1400 2205 1644 2261 τοσαῦτα
1679 2206 1799 2275 μὲν,
1847 2203 1908 2269 ἐξ
1931 2197 2006 2258 ὧν
2053 2206 2086 2274 ἡ
2134 2204 2273 2275 λήθη
2306 2206 2381 2275 μή
2418 2201 2796 2273 προκατέλαόε
2831 2202 2967 2273 πρδς
3016 2201 3305 2254 Ἰουλιανδν
3343 2200 3436 2252 τὸν

183 2308 528 2375 ’Δποστάτην
554 2305 966 2377 κακουργοῦντά
990 2321 1050 2357 τε
1075 2303 1170 2357 καὶ
1200 2300 1342 2356 κατά
1374 2301 1472 2370 τῆς
1504 2299 1788 2361 εὐσεϐείας
1819 2296 1975 2368 ἡμῶν
2005 2298 2406 2368 θρασυνόμενον
2434 2299 2674 2368 εῐρηται.
2698 2296 2791 2347 Σοὶ
2822 2295 2881 2347 δὲ
2906 2294 3314 2365 φιλομαθοῦντι,
3342 2295 3439 2348 καὶ

178 2400 237 2455 τὺ
261 2400 416 2455 Θείον
444 2398 765 2470 θεοπρεπῶς
785 2396 1117 2469 ὀργιάζοντι,
1145 2396 1241 2450 καὶ
1267 2393 1427 2463 ὀλίγα
1452 2392 1562 2447 τῶν
1588 2392 1898 2463 εἰρημένων
1956 2390 2279 2461 ἐξαρκέσειν
2302 2384 2456 2461 οἶμαι
2482 2388 2620 2461 πρὸς
2644 2389 2744 2456 τὴν
2781 2387 2879 2457 τῆς
2914 2388 3147 2455 ἀπορίας
3173 2385 3443 2440 ἐπίλυσιν.

724 2509 1059 2564 ΕΡΩΤΙΙΣΙΣ
1087 2508 1210 2563 PB'.
1904 2501 2231 2571 QUIESTIO
2261 2499 2370 2557 Cll.
2430 2500 2615 2573 [CoisL
2653 2497 2904 2555 CCLXV.
2967 2499 3130 2554 Taur.
3160 2495 3411 2567 CCLVl.]

678 2602 745 2657 Τί
764 2601 944 2670 δηλοῖ
969 2600 1036 2655 τὸ
1059 2599 1289 2670 ἐφούδῖ
2325 2598 2337 2656 l

2325 2592 2467 2659 Quid
2496 2591 2753 2663 signiﬁcet
2773 2591 2937 2659 eplwd
2962 2592 2987 2643 .’

1021 2716 1162 2768 Edita
1187 2731 1215 2767 a
1242 2717 1561 2780 Honlacutlo,
1591 2730 1674 2781 ep.
1702 2717 1814 2778 192,
1832 2714 1898 2766 ad
1920 2712 2240 2773 Galatarum,
2260 2726 2308 2775 p.
2343 2710 2571 2761 291-293.

251 2823 329 2875 Τδ
360 2820 541 2891 ἐιροὺδ,
573 2820 700 2891 περὶ
726 2812 788 2872 οῦ
820 2817 1013 2884 μαθεῖν
1044 2817 1468 2889 περιεςήτησας,
1502 2819 1628 2891 τρία
1661 2836 1761 2889 ση-

1939 2815 2085 2870 inter
2143 2814 2431 2884 legendum
2482 2814 2903 2887 observavimus
2957 2811 3155 2881 epbod,
3217 2810 3283 2865 de
3339 2826 3449 2881 qua

178 2916 421 2983 μαίνειν,
452 2912 512 2976 ἐξ
539 2904 613 2965 ὧν
642 2912 983 2981 ἀνέγνωμεν,
1010 2910 1271 2981 εὕρομεν·
1308 2911 1367 2963 ἓν
1398 2912 1519 2981 μὲν,
1551 2911 1652 2980 τὴν
1684 2913 1761 2963 ἱε-

1865 2923 1999 2962 voce
2031 2907 2359 2971 interrogas,
2396 2904 2501 2958 tria
2539 2903 2889 2972 signiﬁcare:
2924 2902 3194 2973 imprimis
3228 2917 3449 2958 sacram

178 3005 419 3077 ρατικὴν
452 3006 546 3059 καὶ
581 3004 743 3072 ἁγίαν
774 3003 987 3074 στολὴν,
1020 2997 1054 3075 ᾖ
1084 3003 1384 3073 κεχρῆσθαι
1415 3003 1635 3073 θεμιτὸν
1663 3002 1763 3054 οὑκ

1867 3006 1923 3053 et
1948 2995 2319 3067 pontiﬁcalem
2374 2995 2596 3057 stolam,
2648 3007 2760 3062 qua
2812 2994 2888 3047 uti
2934 2994 3067 3047 nulli
3120 2994 3295 3056 licuit,
3343 2993 3452 3049 nisi

176 3095 275 3167 ἦν,
309 3097 427 3151 ἀλλ’
456 3097 488 3166 ἧ
518 3097 627 3157 τοῖς
660 3095 1097 3179 ίερεῦσιῗμόνοις.
1153 3094 1434 3163 Ἐδηλοῦτο
1470 3094 1528 3146 δέ
1554 3094 1621 3145 δι’
1658 3093 1760 3145 αὑ·
1792 3119 1835 3179 c

1792 3119 1839 3179 ο
1870 3088 2159 3143 sacerdoti.
2192 3086 2285 3139 llla
2320 3084 2736 3155 signiﬁcabatur
2769 3084 2914 3153 quod
2946 3084 3210 3154 agendum
3246 3093 3366 3138 erat
3396 3085 3450 3138 in

176 3189 288 3257 τῆς
328 3187 388 3240 τὸ
418 3185 709 3257 πρακτέον,
744 3186 827 3253 ἐφ’
862 3178 938 3238 ὧν
974 3184 1288 3256 ἀνθρωπίνη
1324 3183 1507 3254 κρίσις
1536 3183 1595 3236 τὺ
1626 3199 1766 3249 συμ-
1806 3176 1823 3179 θ

1806 3176 1823 3179 ’
1874 3181 1943 3234 iis
1967 3180 2154 3241 rebus,
2200 3192 2310 3248 quo
2341 3176 2631 3232 consilium
2668 3176 2967 3230 humanum
3002 3177 3309 3245 pertingere
3340 3192 3450 3231 non

178 3274 359 3346 φέρον
386 3274 514 3327 ίδείν
563 3272 862 3342 ἐξησθένει,
890 3266 1002 3326 οἷον
1047 3272 1355 3343 ἐκεχειρίαν
1389 3271 1578 3325 θέσθαι
1613 3270 1771 3323 πολε-

1872 3280 2109 3344 poterat,
2141 3284 2354 3340 nempe,
2393 3284 2462 3323 an
2495 3284 2525 3322 a
2556 3267 2713 3322 bellis
2736 3267 3061 3322 cessandum
3086 3307 3101 3331 ,
3154 3282 3222 3321 an
3263 3269 3453 3337 proelio

183 3366 363 3434 μίοις,
398 3365 431 3433 ἢ
468 3362 545 3432 τῷ
569 3363 753 3432 δόρατι
783 3362 881 3434 τὴν
911 3363 1006 3416 τοῦ
1036 3364 1271 3431 πολέμου
1324 3361 1507 3431 κρίσιν
1548 3362 1769 3432 ἐπιτρέ-

1875 3375 1992 3419 erat
2015 3363 2430 3427 decertandum,
2457 3368 2512 3414 et
2562 3359 2808 3413 similia?
2868 3358 2933 3411 Et
2970 3358 3082 3413 bzec
3143 3361 3456 3429 principalis

178 3453 319 3520 ψαι,
348 3452 440 3506 καὶ
464 3451 592 3505 εἴτι
622 3452 749 3505 ἄλλο
775 3451 1177 3524 παραπλήσιον.
1218 3450 1381 3503 ’Δλλά
1412 3450 1628 3522 πρῶτον
1676 3450 1777 3521 μὲν

1876 3452 2055 3524 epbod
2078 3451 2427 3521 signiﬁcatio.
2460 3447 2734 3512 Secunda,
2768 3449 3098 3519 praecedenti
3124 3449 3237 3504 fere
3264 3452 3457 3505 eadem

184 3541 600 3611 σημαινόμενον
626 3540 721 3593 τοῦ
756 3541 920 3610 ἐφοὺδ
946 3539 1126 3594 τοῦτο.
1171 3540 1400 3610 Ἕτερον
1441 3540 1499 3594 δὲ
1537 3540 1777 3612 σχήματί

1878 3552 1997 3599 erat
2024 3541 2200 3596 forma
2223 3541 2433 3609 epbod,
2459 3556 2595 3595 usus
2624 3541 2953 3605 communis,
2984 3552 3038 3593 et
3066 3557 3174 3595 non
3201 3543 3461 3598 sacerdo—

183 3648 321 3694 πως
345 3630 423 3701 τῷ
450 3632 571 3701 είρη
580 3631 724 3700 μένῳ
754 3631 1066 3702 παρεοικδς,
1090 3631 1266 3684 κοινὸν
1294 3631 1370 3694 δὲ,
1399 3630 1491 3684 καὶ¹
1511 3632 1611 3702 οὐχ
1635 3632 1780 3700 ίερα-

1884 3639 2007 3693 talis
2053 3655 2067 3692 :
2129 3651 2196 3691 eo
2249 3637 2484 3691 amictus
2557 3635 2776 3690 videtur
2829 3634 3031 3701 David;
3095 3637 3171 3691 ait
3236 3637 3387 3691 enim
3442 3654 3457 3690 :

181 3721 388 3775 τικόν·
446 3720 476 3772 δ
522 3721 772 3787 φαίνεται
820 3722 914 3773 καὶ
963 3720 1126 3774 Δασὶδ
1166 3721 1596 3790 ἀμπισχόμενος.
1660 3720 1782 3773 Ἐπὶ

1881 3728 2069 3797 Ephod
2116 3734 2236 3782 erat
2301 3741 2468 3796 super
2505 3726 2694 3791 David,
2732 3726 2879 3796 quod
2931 3743 2961 3781 c
3026 3727 3188 3797 bysso
3224 3726 3386 3781 ﬁebat
3416 3729 3461 3759 ⁷⁸

184 3814 311 3884 γὰρ
338 3812 521 3878 Δαεὶδ,
558 3812 744 3881 φησιν,
784 3813 975 3881 Ἐφοὺδ
1006 3813 1185 3882 μόνον’
1213 3812 1385 3866 ὃένιοι
1417 3812 1639 3883 (βύσσου
1673 3814 1782 3882 γάρ

1884 3822 2026 3891 (erat
2076 3829 2257 3874 autem
2315 3818 2510 3889 byssus
2567 3817 2805 3887 planta)’;
2870 3817 3065 3871 stolam
3100 3834 3167 3872 ex
3222 3818 3312 3872 illa
3340 3833 3460 3871 ma-

184 3906 532 3973 ἐπεποίητο’
566 3904 730 3971 φυτὸν
763 3904 819 3956 δὲ
848 3906 880 3976 ή
916 3902 1134 3974 βύσσος)
1192 3904 1383 3973 στολὴν
1416 3907 1480 3957 ἐκ
1523 3905 1622 3974 τῆς
1652 3903 1784 3975 ὕλης

1884 3911 2025 3966 teria
2075 3910 2378 3964 confectam
2420 3909 2699 3979 byssinam
2746 3909 3105 3964 nominabant
3165 3926 3180 3963 :
3247 3919 3302 3963 at
3359 3911 3454 3980 qui

183 3996 494 4064 ὠνόμασαν
539 3993 796 4063 βυσσίνην
820 4010 835 4027 θ
869 3995 919 4046 ol
968 3994 1024 4046 δὲ
1074 3994 1152 4065 τῷ
1180 3995 1367 4065 τρόπῳ
1411 3998 1510 4065 τῆς
1539 3996 1786 4065 χρήσεως

1887 4000 2126 4056 nominis
2155 4000 2447 4071 originem,
2483 4015 2615 4055 usus
2646 4000 2811 4055 modo
2836 4009 2889 4054 et
2928 3999 3118 4054 forma:
3156 4001 3460 4067 ascribunt,

182 4088 307 4157 τὴν
349 4086 561 4152 γένεσιν
593 4086 831 4148 διδόντες
858 4084 951 4139 τοῦ
993 4085 1254 4156 ὀνόματος
1289 4086 1535 4156 ἐπωμίδα
1584 4102 1645 4139 τε
1693 4087 1787 4139 καὶ

1891 4100 2089 4148 vocant
2115 4090 2391 4162 epomida,
2423 4101 2478 4146 et
2502 4094 2832 4161 ependuma.
2884 4090 2980 4145 Est
3009 4101 3059 4145 et
3092 4093 3251 4145 tertia
3283 4093 3466 4147 adhuc

182 4178 506 4247 ἐπένδυμα.
560 4177 716 4247 Παρά
763 4177 821 4229 δὲ
860 4176 1073 4243 ταῦτα,
1130 4176 1241 4230 ἐστι
1285 4178 1381 4231 καὶ
1422 4178 1605 4249 τρίτον
1660 4176 1787 4231 ίδείν

1888 4183 2036 4240 illius
2067 4184 2395 4255 signiﬁcatio
2434 4202 2448 4238 :
2512 4183 2787 4238 idolorum
2825 4184 3087 4247 cultores,
3120 4185 3175 4238 in
3200 4185 3464 4238 imitatio-

185 4288 273 4339 στι
285 4269 633 4339 μαινόμενον.
666 4269 730 4321 Ol
761 4269 868 4339 γὰρ
888 4268 996 4321 τῶν
1016 4268 1249 4322 εἰδώλων
1270 4269 1623 4338 θεραπευταὶ,
1647 4268 1791 4323 κατά

1892 4287 2014 4329 nem
2048 4274 2393 4328 sacerdotum
2431 4271 2549 4336 Dei,
2599 4272 2974 4327 sacerdotibus
3003 4270 3166 4323 etiam
3199 4271 3313 4325 suis
3352 4282 3467 4325 sto—

184 4362 450 4433 μίμησιν
478 4358 584 4411 τῶν
618 4358 809 4429 ίερέων
836 4358 931 4411 τοῦ
952 4358 1109 4423 Θεοῦ,
1133 4362 1245 4422 τοῖς
1267 4360 1418 4428 σφῶν
1441 4358 1646 4430 ίερεῦσι
1671 4378 1790 4414 στο-

1891 4365 1973 4421 las
2029 4364 2536 4437 appropriaverunt,
2591 4374 2860 4420 texturam
2908 4380 3095 4419 earum
3152 4366 3206 4418 in
3238 4364 3466 4434 ﬁguram

181 4453 310 4514 λὰς
336 4452 724 4520 ἀφωρισμένας
762 4449 1001 4503 ἐτίθεντο
1032 4451 1111 4513 είς
1148 4450 1335 4521 σχῆμα
1377 4450 1472 4503 τοῦ
1509 4452 1694 4521 ἐφοὺδ,
1726 4452 1789 4505 τὸ
1818 4446 1840 4501 Ι

1818 4446 1863 4501 Ῑδ
1893 4456 2070 4526 epbod
2109 4454 2541 4517 conformantes,
2590 4469 2703 4509 rem
2742 4469 2960 4524 quoque
2999 4456 3169 4523 ipsam
3202 4465 3469 4510 vocarunt

181 4542 443 4611 ὕφασμα
472 4541 925 4611 περιγράφοντες,
956 4542 1049 4594 καὶ
1070 4541 1169 4612 τὴν
1198 4542 1390 4612 κλῆσιν
1418 4542 1626 4596 ἐκεῖθεν
1657 4542 1787 4613 μεθ-

1891 4545 2089 4615 ephod.
2138 4543 2297 4599 Hanc
2334 4543 2693 4597 imitationem
2744 4542 3111 4597 adhibuerunt
3139 4543 3414 4599 daemones
3448 4562 3464 4599 :

178 4634 485 4697 ἐλκοντες,
515 4632 680 4700 ἐφοὺδ
711 4632 803 4685 καὶ
822 4632 955 4686 αὑτὸ
988 4632 1414 4704 προσηγόρευον.
1462 4634 1787 4705 Ἐκέχρηντό

1891 4635 1985 4705 qui
2018 4634 2155 4688 nihil
2178 4633 2301 4689 novi
2326 4634 2391 4688 ad
2416 4648 2532 4688 rem
2566 4633 2975 4703 intelligendam
3019 4634 3367 4689 attulerunt:
3407 4644 3469 4689 ut

176 4742 261 4779 τε
320 4723 403 4793 τῷ
442 4724 743 4793 μιμήματι,
774 4724 843 4776 δι’
866 4722 1033 4778 αὑτοῦ
1059 4724 1129 4777 τά
1159 4724 1443 4794 δαιμόνια·
1487 4725 1581 4779 καὶ
1633 4724 1788 4779 αὑτοὶ

1891 4742 2113 4791 nomen,
2135 4726 2299 4792 Deus,
2324 4740 2451 4779 vere
2479 4724 2832 4779 exsistentem
2865 4725 3154 4795 signiﬁcat,
3182 4736 3238 4780 at
3262 4727 3328 4780 de
3352 4726 3465 4781 dae-

180 4814 602 4884 ἐπερωτῶντες
636 4816 717 4877 είς
747 4816 845 4885 τὴν
877 4814 985 4868 τῶν
1015 4814 1302 4885 πρακτέων
1338 4814 1664 4884 κατάληψιν,
1700 4814 1794 4869 καὶ

1894 4813 2152 4873 monibus
2200 4815 2356 4871 falsis
2407 4814 2517 4870 diis
2571 4826 2868 4885 usurpatur
2897 4858 2912 4880 ,
2967 4816 3047 4871 sic
3096 4824 3150 4870 et
3192 4817 3368 4885 epbod
3412 4819 3465 4872 in

179 4908 406 4966 acatth
459 4908 638 4960 οὐδέν·
674 4906 863 4978 ὥσπερ
909 4908 1017 4977 γάρ
1065 4908 1147 4971 τὸ,
1191 4906 1344 4971 Θεὸς,
1380 4907 1570 4977 ὄνομα,
1604 4908 1699 4960 καὶ
1732 4907 1795 4959 τὸ

1902 4908 2054 4969 varia
2102 4907 2406 4977 signiﬁcata
2468 4906 2834 4963 distribuitur.
2882 4906 3067 4976 Neque
3090 4907 3461 4974 nomenillud,

177 4998 435 5071 ἀληθῶς
464 4996 538 5070 [ο.
574 4996 676 5070 m.]
701 4998 830 5053 ὄντα
870 5000 1143 5070 σημαίνει,
1176 4998 1400 5069 ἐφέρετο
1429 4999 1487 5053 δέ
1516 4999 1611 5053 καὶ
1651 4999 1794 5053 κατά

1895 4994 2057 5059 Deus,
2092 5003 2305 5050 tantum
2345 4996 2399 5049 in
2449 4996 2813 5065 discrepantia
2864 4995 3143 5059 dividitur,
3190 4997 3283 5049 sed
3316 4995 3379 5049 δν
3412 5006 3469 5050 et

176 5092 320 5147 τῶν
354 5090 723 5158 ψευδωνύμων
750 5090 1041 5159 δαιμονίων
1064 5106 1080 5122 ·
1108 5088 1250 5142 οὕτω
1278 5090 1372 5142 καὶ
1406 5090 1469 5143 τὸ
1507 5089 1670 5159 ἐφοὺδ
1716 5093 1796 5153 είς

1895 5086 2168 5157 κάδδησιμ
2220 5095 2450 5155 utraque
2501 5102 2627 5149 vox,
2685 5096 2738 5141 et
2768 5085 2988 5155 proprie
3018 5100 3137 5150 ens,
3161 5098 3219 5140 et
3248 5087 3467 5155 proprie

173 5184 453 5251 διάφορα
480 5180 766 5250 διαιρεῖται
802 5181 1195 5251 σημαινόμενα.
1229 5180 1303 5234 Οὑ
1323 5180 1404 5244 τὸ,
1432 5180 1585 5245 Θεὸς,
1613 5180 1672 5233 δέ
1701 5181 1796 5250 μό-

1896 5187 2147 5233 sanctum
2205 5178 2479 5247 signiﬁcat
2513 5196 2523 5231 :
2579 5188 2633 5232 et
2677 5192 2788 5231 non
2817 5176 2976 5231 aliter
3007 5191 3172 5245 quam
3202 5176 3402 5245 epbod,
3432 5193 3465 5230 a

172 5290 292 5328 νον
336 5269 517 5338 ὄνομα
550 5268 685 5340 πρὸς
703 5269 959 5323 τάναντία
994 5268 1295 5340 μερίζεται,
1330 5268 1466 5323 ἀλλά
1492 5269 1586 5322 καὶ
1610 5268 1673 5321 τὸ
1699 5271 1793 5321 Ὃν

1905 5269 2266 5324 servientibus
2292 5269 2575 5324 damoniis
2620 5269 2687 5323 ad
2737 5254 3001 5323 honorem
3028 5282 3216 5322 eorum
3248 5269 3339 5335 qui
3373 5283 3467 5322 co-

175 5367 301 5421 καὶ
343 5360 412 5413 τὸ
445 5360 741 5431 κάδδησιμ’
772 5360 977 5414 τούτων
1004 5361 1113 5431 γὰρ
1141 5362 1421 5431 ἑκάτερον,
1452 5360 1544 5413 καὶ⁹
1574 5361 1665 5412 τὸν
1694 5376 1792 5412 κυ-

1903 5359 2089 5414 luntur
2119 5359 2375 5413 trahitur.
2410 5357 2491 5413 Tu
2523 5369 2705 5412 autem
2743 5374 2971 5428 corpore
3009 5370 3061 5413 et
3086 5360 3265 5412 anima
3326 5360 3462 5412 vale.

177 5463 349 5533 ρίως
385 5456 548 5519 δντα,
609 5459 700 5509 καὶ
761 5457 968 5527 κυρίως
995 5457 1168 5525 ἅγιον,
1222 5457 1402 5526 δηλοῖ·
1432 5456 1528 5511 καὶ
1554 5457 1664 5519 τοῖς
1702 5455 2019 5524 λατρευταῖς
2052 5454 2160 5507 τῶν
2201 5454 2495 5524 δαιμόνων,
2529 5455 2623 5507 ἐπὶ
2651 5457 2783 5524 τιμῇ
2808 5457 2919 5506 τῶν
2941 5453 3151 5507 οίκείων
3184 5452 3470 5522 σεὸασμά-

173 5564 346 5612 των,
386 5542 585 5597 καθ’δν
610 5543 674 5612 δὴ
731 5545 931 5613 τρόπον
996 5544 1091 5598 καὶ
1151 5546 1213 5598 τὸ
1251 5545 1434 5614 ἐφοὺδ,
1498 5547 1908 5616 μετενήνεκται.
1944 5544 2016 5598 Σὺ
2043 5543 2100 5597 δέ
2132 5561 2224 5614 μοι
2250 5543 2396 5615 ψυχῇ
2422 5545 2514 5599 καὶ
2542 5544 2751 5615 σώματι
2775 5544 3000 5615 ἔρρωσο.

270 5754 329 5787 τά
359 5749 407 5803 ll
429 5746 605 5804 Paral.
642 5766 727 5816 xv,
760 5752 828 5804 27
