4200 6444
757 415 866 480 ωε
1906 397 2170 467 mon!
2197 396 2339 466 ΡΑΤ

2446 404 2701 465 \RCHIE
2738 405 2847 467 (ΞΡ.
3899 410 4008 472 εεε

798 520 1128 593 ρυιεδτιο
1156 519 1268 578 cm
1319 519 1508 592 [CoitL
1537 517 1789 574 cc.wa
1821 517 1986 573 Taur.
2016 518 2290 590 πενίη.
2355 525 2404 581 Α
2973 515 3309 571 sparum}:
3338 519 3454 573 Pl".

762 618 1036 684 Quomodo
1081 629 1185 667 non
1228 621 1307 666 est
1360 613 1688 684 contrarium
1732 610 1867 684 illud
1889 626 1908 664 :
1934 627 1954 661 ι
1977 609 2202 684 Oculum
2231 627 2326 684 pro

2446 607 2566 684 Πῷς
2604 609 2721 684 οὐκ
2781 607 2965 684 ἐστιν·⁸
2999 608 3280 684 argutior
3318 609 3388 684 τὸ
3414 629 3461 684 μ(
3874 609 4013 684 ἀντὶ

831 687 982 740 oculo
1010 692 1060 737 et
1088 684 1294 737 dentem
1336 697 1432 747 pro
1481 683 1653 744 dente,
1683 700 1703 732 ι
1735 680 1815 733 illi
1842 681 2109 733 aententiw
2144 695 2162 733 :
2205 700 2222 730 ι
2265 680 2326 734 Si

831 757 948 825 quis
977 764 1027 808 te
1054 753 1370 825 percusserit
1401 752 1454 803 in
1484 766 1645 804 unam
1667 750 1971 814 maxillam,
2000 753 2208 820 porrige
2243 750 2326 803 illi

832 819 880 878 et
917 819 1143 879 alterum
1184 819 1320 891 (20).
1365 838 1387 872 ο

2505 677 2816 746 ὀφθαλμοῦ
2872 676 2970 729 καί
3027 677 3246 730 ὀδόντα
3298 679 3432 731 ἀντὶ
3487 676 3755 742 ὀδόντος,
3803 696 3824 730 ι
3861 682 4018 745 πρὸς

2504 752 2590 810 τι),
2613 766 2629 796 ι
2645 749 2844 812 Ὅστις
2874 763 2951 800 σε
2960 747 3209 814 partiam
3229 747 3328 799 ἐπὶ
3355 747 3472 816 τήν
3491 747 3700 812 δεξιὰν
3719 749 4003 814 arm-dra,

2505 817 2776 885 στρέψον
2811 815 2910 869 καί
2938 819 3053 883 τὴν
3081 817 3303 882 ἀλλην.
3352 836 3371 868 ι

1428 930 1571 982 Edita
1594 945 1620 980 a
1647 927 1960 990 Iiontacutio,
1986 941 2064 992 ep.
2094 929 2204 987 196,
2229 929 2294 978 ad
2319 931 2584 987 Constant,
2612 938 2662 987 p.
2684 925 2794 975 ιρι.
2821 923 2878 974 In
2902 925 3073 975 Matth.
3099 938 3146 984 ν,
3167 926 3246 985 38,
3268 926 3346 976 39.

831 1041 943 1096 Lex
997 1039 1088 1094 illa
1129 1052 1236 1108 qua
1273 1039 1615 1109 praecipitur,
1653 1056 1671 1088 ι
1711 1035 1918 1092 Oculus
1940 1053 2039 1107 pro
2065 1039 2248 1103 oculo,
2281 1047 2335 1092 et

2514 1037 2628 1088 Οὐκ
2657 1034 2805 1087 ἐστιν
2827 1035 3092 1097 ἐναντίον,
3124 1034 3200 1096 ὡς
3232 1033 3379 1101 ἔδοξέ
3408 1053 3521 1089 τισι
3549 1036 3659 1090 τῶν
3695 1037 3770 1108 μὴ
3803 1056 4021 1109 σωφρο-

761 1131 896 1186 dena
935 1143 1034 1199 pro
1064 1127 1225 1184 dente
1263 1145 1310 1194 ι,
1345 1142 1454 1182 non
1491 1129 1825 1194 adversatur,
1853 1137 1914 1182 ut
1938 1128 2176 1199 imperiti
2209 1129 2332 1198 qui-

2446 1124 2694 1188 νούντων,
2731 1127 2788 1195 η,
2829 1144 2848 1177 ι
2896 1125 3208 1196 Ὀφθαλμὸν
3241 1127 3362 1179 ἀντὶ
3390 1126 3693 1197 ὀφθαλμοῦ,
3717 1131 3812 1182 καὶ
3832 1132 4022 1184 ὀδόντα

759 1222 885 1275 dam
917 1218 1274 1282 arbitrantur,
1303 1219 1400 1282 illi,
1434 1236 1455 1269 ι
1498 1216 1557 1271 Si
1588 1218 1714 1288 quis
1758 1225 1812 1272 te
1840 1218 1894 1272 in
1926 1234 2090 1274 unam
2128 1219 2329 1273 malam

2446 1219 2558 1272 ἀντὶ
2572 1218 2807 1282 ὀδόντος,
2831 1236 2850 1269 ι
2885 1217 3212 1288 ζημιοῦσθαι
3251 1222 3671 1290 προστάσσουσα
3704 1222 4020 1292 νομοθεσία,

761 1312 1113 1382 percusserit,
1145 1312 1368 1367 obverte
1421 1309 1497 1363 illi
1539 1319 1594 1364 et
1631 1310 1911 1373 alteram,»
1946 1318 2002 1365 et
2042 1325 2165 1380 qua
2203 1319 2333 1366 sunt

2446 1310 2574 1376 πρὸς
2605 1309 2706 1378 τὴν
2729 1306 2956 1378 γνώμην
2974 1324 2987 1337 ·
3015 1308 3239 1372 ιὌστις
3265 1325 3326 1361 σε
3350 1310 3572 1380 ραπίσει
3602 1310 3696 1363 ἰπὶ
3711 1312 3812 1381 την
3839 1312 4024 1374 δεξιάν

761 1402 883 1472 ejus
919 1403 1156 1472 generis.
1195 1401 1322 1456 Haec
1349 1403 1496 1458 enim
1533 1401 1772 1469 judicem
1807 1409 1954 1455 recte
1975 1399 2241 1470 disponit,
2276 1413 2332 1456 et

2446 1393 2684 1459 σιαγόνα,
2733 1393 2964 1463 στρέψον
3019 1393 3170 1464 αὐτῷ
3208 1395 3304 1448 καὶ
3333 1395 3434 1463 τὴν
3471 1397 3663 1467 ἀλλην,
3701 1417 3721 1448 ι
3757 1399 3853 1451 καὶ
3899 1400 4024 1451 ὅσαι

762 1492 878 1561 lege
907 1493 1014 1548 lata
1044 1492 1296 1558 intendit,
1327 1501 1386 1547 ut
1415 1491 1740 1564 impartialis
1770 1492 1842 1546 sit
1867 1505 1996 1561 erga
2035 1493 2330 1563 litigantes.

2446 1483 2610 1553 ταύτῃ
2663 1482 3149 1553 παραπλήσιοι.⁹ιί
3187 1484 3289 1554 μὲν
3317 1485 3427 1556 γὰρ
3466 1487 3556 1539 τὸν
3595 1488 3790 1556 κριτὴν
3819 1489 4024 1558 ῥυθμί-

761 1591 816 1638 et
846 1584 1102 1654 injuriam
1151 1599 1312 1654 passo
1355 1594 1414 1639 ut
1457 1583 1713 1649 satisﬁat,
1763 1582 1859 1652 qui
1907 1596 2124 1651 poenam
2159 1584 2334 1653 poscit

2446 1572 2543 1640 ζει,
2596 1574 2691 1626 καὶ
2724 1574 2862 1640 πρὸς
2916 1575 3081 1628 αὐτὸν
3127 1578 3497 1640 ἀποτείνεται,
3527 1577 3828 1632 ἀδέκαστον
3857 1580 4024 1632 αὑτὸν

763 1673 1112 1744 inﬂigendam
1169 1675 1426 1730 aﬂicienti
1472 1675 1699 1745 injuria.
1737 1674 1921 1726 Altera
1951 1689 2051 1727 nec
2086 1673 2329 1742 judicem

762 1765 1004 1835 respicit,
1034 1780 1209 1835 neque
1251 1766 1337 1821 lex
1361 1775 1477 1831 cst;
1511 1767 1585 1820 ita
1613 1767 1759 1820 enim
1791 1768 2203 1833 contrairetur;
2236 1767 2334 1821 sed

763 1854 1018 1923 injuriam
1037 1856 1130 1923 qui
1152 1855 1376 1924 patitur,
1409 1856 1475 1910 ad
1505 1856 1824 1911 comitatem
1855 1857 2068 1923 incitat,
2092 1865 2147 1912 et
2177 1872 2333 1912 com-

761 1943 1076 2013 passionem
1123 1943 1433 2001 informat:
1479 1947 1646 2016 idque
1695 1949 1829 2018 agit,
1882 1958 1942 2003 ut
1993 1949 2335 2004 iracundiam

762 2043 984 2103 superet
1027 2045 1083 2090 et
1122 2035 1388 2103 furorem,
1452 2038 1744 2094 consilium
1797 2039 2234 2110 philosophicum
2285 2048 2338 2094 et

763 2127 1180 2181 accommodum
1234 2128 1524 2183 adhibens.
1587 2129 1723 2183 Nam
1773 2130 1856 2185 vel
1894 2146 2003 2184 non
2052 2137 2340 2199 recuperat

764 2218 910 2287 quod
955 2218 1199 2273 ablatum
1243 2226 1330 2274 est
1379 2219 1449 2273 ab
1495 2235 1608 2274 eo:
1655 2229 1752 2274 aut
1780 2223 1826 2274 si
1861 2230 2166 2291 recuperct,
2194 2221 2337 2274 haud

764 2308 1064 2377 possidebit
1112 2310 1231 2378 plus
1287 2325 1452 2380 quam
1502 2311 1570 2366 ab
1621 2312 1775 2366 initio
1806 2312 2058 2367 habebat.
2114 2311 2340 2382 Sedqui

764 2413 863 2469 per
892 2399 1274 2465 tolerantiam,
1345 2404 1655 2456 comitatem
1687 2443 1702 2467 ,
1763 2412 1818 2457 et
1862 2404 2297 2473 compassionem
2323 2443 2339 2466 ,

765 2489 1050 2544 inimicum
1093 2500 1337 2560 superat,
1382 2502 1505 2561 post
1560 2493 1869 2555 victoriam,
1925 2504 2339 2548 monumentum

2435 1666 2548 1726 τοῖς
2579 1664 2921 1735 κρινομένοις
2948 1665 3218 1735 παρέχειν
3245 1667 3614 1736 νομοθετοῦσα
3633 1707 3650 1732 ,
3671 1670 3869 1737 καὶτῷ
3901 1671 4024 1723 ἀδι-

2435 1754 2686 1824 κουμένῳ
2735 1757 3021 1825 τιμωρεῖν,
3053 1755 3153 1826 τὴν
3188 1758 3311 1827 ῐσην
3336 1758 3673 1814 ἀπαιτοῦντα
3695 1762 3895 1831 ποινὴν
3927 1762 4022 1814 τὸν

2436 1845 2752 1914 ἠδικηκότα.
2797 1847 2860 1900 Ἦ
2893 1846 2970 1912 δὲ,
3005 1847 3066 1900 οὐ
3113 1847 3214 1917 μὲν
3259 1843 3353 1902 οῦν
3397 1851 3501 1902 οὐκ
3544 1849 3692 1903 ἔστιν
3741 1853 3878 1922 πρὸς
3931 1852 4026 1904 τὸν

2437 1939 2652 2006 κριτὴν,
2689 1936 2811 1990 οὐδὲ
2860 1937 3045 2007 νόμος,
3081 1939 3204 1991 οὐδὲ
3261 1940 3458 1993 πολλοῦ
3508 1957 3571 2008 γε
3618 1943 3716 1994 καὶ
3739 1941 3856 1994 δεῖο
3880 1942 4029 1996 οὕτω

2438 2027 2547 2097 γὰρ
2568 2027 2634 2080 ἂν
2661 2023 2730 2098 ἦν
2754 2029 2999 2082 ἐναντίον
3017 2044 3033 2059 ⁵
3066 2030 3202 2084 ἀλλά
3245 2030 3337 2084 τὸν
3385 2031 3712 2102 ἀδικηθέντα
3764 2037 4030 2101 παραινεί

2441 2118 2520 2179 εἰς
2539 2117 2845 2171 ἐπιείκειαν
2865 2119 2959 2170 καὶ
2985 2119 3329 2186 συμπάθειαν
3350 2121 3724 2189 ὲπαλείφουσα
3745 2123 3838 2174 καὶ
3853 2124 4029 2192 κρείτ·

2440 2228 2570 2263 τονα
2601 2209 3098 2279 παρασκευάζουσα
3138 2211 3310 2280 ὀργῆς
3367 2213 3463 2265 καὶ
3507 2210 3682 2280 θυμοῦ
3717 2212 4028 2280 φιλοσόφως

2441 2304 2564 2356 λίαν
2595 2305 2689 2355 καὶ
2715 2301 3006 2373 ὠφελίμως
3037 2302 3404 2372 είσηγουμένη
3441 2303 3542 2372 τὴν
3588 2303 3919 2374 συμϐουλήν.
3953 2305 4028 2356 Τὸ

2447 2394 2546 2463 μὲν
2583 2395 2689 2460 γὰρ
2719 2393 2985 2464 στερηθεν
3010 2393 3043 2462 ἢ
3069 2394 3170 2445 οὐκ
3209 2393 3356 2446 ἐστιν
3393 2393 3686 2446 ἀναλαϐεῖν
3707 2435 3723 2459 ,
3755 2394 3788 2464 ἦ
3824 2395 4028 2448 ἀναλαο

2445 2485 2610 2536 εόντα
2639 2485 2789 2538 οὐδὲν
2820 2483 2979 2538 πλέον
3005 2485 3155 2536 ἐστὶν
3182 2483 3278 2536 τοῦ
3309 2484 3546 2554 ἑξαρχῆς
3576 2484 3930 2555 προσλαϐεῖν.
3969 2485 4028 2539 '0

766 2583 868 2637 sibi
935 2583 1168 2638 suscitat
1209 2583 1517 2638 immortale
1557 2585 1775 2639 virtutis
1806 2600 1956 2647 suae,
2007 2593 2063 2640 et
2094 2584 2342 2640 Judicem

2446 2576 2501 2628 δὲ
2523 2575 2592 2627 δι’
2626 2575 2928 2638 ἐπιεικείας
2954 2576 3052 2629 καὶ
3102 2574 3426 2644 συμπαθοῦς
3476 2574 3704 2645 γνώμης
3735 2578 4032 2646 περιγεγό·

769 2672 1133 2725 universalem
1192 2673 1490 2741 propitium
1545 2673 1649 2726 sibi
1709 2682 1766 2726 et
1824 2672 2094 2741 placatum
2143 2672 2342 2738 reddit,

767 2760 992 2829 dignum
1015 2777 1074 2814 se
1098 2776 1411 2830 praeparans
1428 2763 1520 2832 qui
1542 2763 1778 2832 patiatur
1803 2763 1918 2826 illa,
1944 2778 2067 2832 quae
2086 2763 2138 2816 in
2167 2762 2348 2832 proxi-

768 2862 917 2900 mum
967 2847 1299 2902 intendebat.

2446 2665 2555 2731 νὼς
2579 2666 2674 2719 τοῦ
2705 2665 2926 2736 ἐχθροῦ,
2964 2666 3103 2735 μετά
3133 2665 3228 2717 τοῦ
3263 2666 3482 2735 νικῆσαι
3505 2666 3776 2736 λαμπρῶς
3796 2669 3893 2721 καὶ
3912 2668 4034 2719 ἀεί-

2452 2773 2696 2827 μνηστον
2731 2757 2829 2825 τῆς
2858 2755 3060 2824 ἀρετῆς
3095 2756 3302 2826 ἐγείρει
3336 2761 3625 2826 μνημεῖον,
3657 2760 3751 2810 καὶ
3782 2759 3876 2810 τὸν
3910 2776 4031 2811 κοι-

2449 2849 2538 2902 νὸν
2559 2847 2752 2917 κριτὴν
2779 2847 3026 2899 εὒῒλατον
3049 2847 3228 2913 ἑαυτῷ
3248 2847 3345 2900 καὶ
3367 2850 3570 2917 εὐμενῆ
3584 2848 4026 2920 παρασκευάζει,

769 2938 952 2988 ἐκεῖνα
979 2936 1173 2989 παθεῖν
1199 2938 1392 2991 ἑαυτὸν
1409 2939 1557 3003 ἀξιον
1576 2939 1926 3009 εὐτρεπίσας,
1951 2939 1987 2993 ἀ
2014 2938 2339 3011 προσλαϐὼν
2374 2938 2537 3000 αὐτὸς
2567 2937 2644 3007 τῷ
2669 2936 2900 3007 πλησίον
2934 2937 3268 3002 ἐπεδείξατο.

769 3026 1100 3094 ρυιεετιο
1125 3026 1238 3082 I;Iv
1272 3029 1459 3100 [Οοὶει.
1499 3030 1797 3090 CCLXVll.
1834 3031 1996 3084 Taur.
2027 3030 2276 3086 CCLVIII
2293 3032 2332 3103 1.

3007 3030 3343 3084 ΕΡΩΤΗΣΙΣ
3368 3033 3489 3088 PA'.

772 3141 912 3191 Edita
952 3157 980 3190 a
1015 3141 1346 3202 Iontacutio,
1380 3155 1464 3204 ep.
1506 3144 1628 3204 203,
1661 3143 1725 3192 ad
1753 3144 1998 3196 Tlieodor.
2035 3146 2256 3256 latagum}
2289 3145 2640 3268 μὲιῗοῖἐιῗθι.
2683 3146 2758 3196 De
2798 3145 2956 3196 Abele
2983 3146 3118 3207 justo
3157 3154 3272 3197 ante
3297 3156 3610 3209 peecatorem
3651 3151 3892 3202 Adamum
3925 3156 4030 3205 vita

1477 3245 1479 3248 ι
2255 3223 2321 3256 un
2551 3244 2562 3255 .

1477 3245 1479 3248 ‹
2235 3223 2404 3256 111110ιο
2440 3223 2562 3256 (2H.

853 3305 1127 3362 Secretior
1147 3308 1328 3364 omnis
1367 3317 1422 3363 et
1459 3308 1780 3378 pt'ol'undior
1799 3327 1977 3367 causa
2005 3313 2168 3376 ratio,
2195 3315 2341 3384 apud
2370 3317 2416 3378 C

773 3398 944 3455 Deum
983 3409 1280 3470 seponatur
1306 3416 1322 3452 :
1350 3400 1444 3453 sed
1479 3399 1536 3453 in
1569 3410 1838 3470 quantum
1889 3402 2131 3458 humano
2161 3405 2343 3473 captui

772 3491 1340 3560 comprehendendam
1370 3491 1501 3545 dare
1532 3492 1721 3556 voluit,
1749 3492 1893 3546 illam
1915 3508 2015 3564 ego
2034 3496 2342 3563 attulerint;

771 3584 918 3652 quod
944 3583 1147 3636 idcirco
1167 3582 1387 3636 Abelem
1409 3584 1584 3636 virum
1613 3585 1844 3653 justum,
1863 3585 2070 3640 Adamo
2087 3589 2343 3656 priorem,

775 3689 900 3728 cum
954 3682 1134 3727 tamen
1167 3676 1421 3741 princeps
1453 3674 1499 3727 is
1532 3684 1872 3743 peccaverat,
1929 3687 1984 3729 et
2014 3679 2345 3732 sententiam

775 3766 894 3818 ideo
926 3764 1119 3817 mortis
1143 3771 1449 3832 acceperat,
1472 3766 1630 3819 morti
1655 3766 1916 3821 traditum
1944 3769 2138 3834 voluit,
2169 3779 2229 3823 ut
2250 3771 2343 3839 qui

773 3859 949 3911 reatui
980 3858 1318 3927 subiacebat,
1374 3874 1470 3927 per
1490 3867 1547 3912 et
1583 3859 1637 3912 in
1663 3860 1777 3915 lilio
1803 3877 1905 3918 suo
1930 3861 2205 3932 inculpato
2231 3879 2348 3918 ma-

771 3949 950 4018 jorem
998 3949 1275 4002 tristitiam
1328 3950 1640 4018 conciperet
1692 3951 1915 4016 animo,
1975 3961 2029 4007 et
2081 3953 2344 4022 majorem

776 4048 1108 4094 monstraret
1152 4040 1572 4108 pmnitentiam;
1619 4041 1692 4093 ita
1741 4050 1801 4094 ut
1841 4057 1966 4095 cum
1995 4042 2245 4107 minimo,
2287 4043 2342 4096 in

775 4139 1039 4199 quantum
1091 4127 1206 4182 ﬁeri
1240 4129 1440 4197 potuit,
1497 4131 1953 4198 transgressionis
2003 4132 2186 4185 debito
2218 4133 2345 4186 hinc

777 4222 1038 4275 transiret
1076 4238 1088 4273 :
1140 4221 1337 4275 deinde
1370 4228 1429 4274 ut
1454 4229 1677 4289 puteum
1715 4223 1865 4275 illum
1894 4225 2088 4278 mortis
2115 4223 2344 4293 profun-

774 4313 927 4376 dum,
958 4326 1052 4381 per
1076 4311 1210 4380 justi
1240 4311 1475 4366 hominis
1500 4327 1566 4365 eo
1618 4313 1898 4367 introitum
1927 4314 2124 4383 injuria
2164 4315 2342 4370 allecti

778 4410 1055 4470 receptum
1108 4401 1360 4456 redderet
1411 4402 1689 4471 putridum
1735 4414 1790 4458 et
1820 4404 2056 4459 inanem.
2117 4405 2270 4471 Quod
2295 4407 2343 4461 si

776 4507 900 4545 eum
955 4491 1047 4557 qui
1099 4503 1321 4560 peccan
1367 4508 1493 4547 reus
1551 4493 1656 4547 fuit
1689 4494 1990 4564 principem
2021 4496 2337 4564 recepisset,

775 4583 990 4635 ﬁrmum
1031 4582 1355 4651 subjecisset
1392 4583 1441 4636 ci
1490 4583 1892 4640 ﬁrmamentum
1927 4602 1939 4637 :
1989 4589 2082 4642 sed
2114 4588 2340 4658 abrepto

2536 3312 2597 3365 Ὀ
2636 3312 2738 3380 μὲν
2778 3312 3217 3383 ἁπορρητότερος
3245 3314 3340 3366 καὶ
3370 3313 3666 3386 βαθύτερος
3699 3319 3800 3388 τῆς
3850 3321 4040 3382 αἰτίας

2448 3404 2606 3471 λόγος
2630 3403 2867 3457 ἀνείσθω
2915 3404 3034 3474 Θεῷ
3059 3421 3073 3434 ·
3107 3405 3167 3471 ἐξ
3202 3399 3277 3459 ὦν
3321 3422 3386 3474 γε
3430 3407 3670 3471 διανοίας
3722 3411 4040 3481 ἀνθρώπων

2451 3497 2620 3549 ἔδωκε
2645 3497 2896 3564 γενέσθαι
2921 3498 3124 3570 ληπτὰ,
3146 3500 3349 3569 φαμὲν,
3365 3500 3439 3561 ὡς
3455 3501 3543 3555 διὰ
3562 3502 3721 3553 τοίτο
3742 3502 3838 3554 τὸν
3863 3505 4039 3556 ’Δεελ

2446 3589 2656 3642 δίκαιον
2705 3590 2852 3656 ὄντα,
2901 3595 3008 3662 πρὸ
3061 3595 3154 3647 τοῦ
3203 3594 3653 3667 ἐξημαρτηκότος
3696 3599 3902 3667 ’Δδάμ,
3939 3605 4036 3654 καὶ

2445 3680 2548 3749 τὴν
2603 3680 2880 3750 ἀπόφασιν
2929 3682 3260 3753 δεξαμένου,
3291 3686 3673 3758 συνεχώρησεν
3697 3689 3776 3752 είς
3801 3689 4036 3743 θάνατον

2447 3769 2622 3821 ἐλθεῖν
2650 3788 2665 3802 ο
2697 3772 2785 3823 iw.
2815 3772 3004 3841 μαθὼν
3024 3775 3054 3825 ὁ
3080 3774 3334 3838 ὑπόδικος
3364 3779 3422 3827 έν
3468 3777 3545 3846 τῷ
3574 3779 3850 3848 ἀνευθύνῳ
3877 3783 4034 3833 παιδὶ

2447 3859 2762 3929 τὸδφοϐερδν
2792 3860 2887 3914 τοῦ
2929 3863 3207 3933 ἐπιτιμίου
3248 3866 3344 3916 καὶ
3377 3865 3638 3934 ἄφυκτον,
3676 3868 3841 3920 πλέον
3887 3887 3950 3922 τε
3975 3872 4035 3921 τὸ

2447 3946 2611 4013 ἄλγος
2665 3948 2994 4018 είσδέξηται,
3027 3951 3121 4002 καὶ
3170 3954 3268 4019 τὴν
3310 3955 3599 4021 μετάνοιαν
3652 3955 4028 4025 ἐπιδείξηται·

2449 4037 2702 4088 κάκεῖθεν
2736 4036 2955 4090 ἔλαττον
3003 4038 3216 4109 ἀπέλθῃ
3268 4042 3368 4110 τῆς
3418 4043 3786 4112 παραϐάσεως
3850 4063 4030 4114 19cm-

2449 4128 2590 4179 στῶν
2624 4143 2639 4159 ο
2703 4129 2785 4180 ἔτι
2831 4129 2911 4193 δὲ,
2937 4131 3029 4181 καὶ
3078 4129 3166 4182 ἵνα
3195 4131 3290 4183 τοῦ
3322 4130 3556 4186 θανάτου
3595 4137 3660 4187 τὸ
3689 4135 3915 4206 βάθρον,
3941 4139 4033 4189 τὸν

2447 4217 2779 4286 ἠδικημένον
2806 4220 3019 4289 πρῶτον
3053 4221 3350 4290 δεξάμενον
3379 4225 3578 4294 σαθρὸν
3601 4232 3869 4298 καταστῇ.
3899 4230 4033 4280 Ὠσ-

2449 4327 2555 4380 περ
2586 4312 2692 4379 γὰρ
2719 4313 2766 4363 εί
2794 4313 2887 4364 τὸν
2919 4313 3225 4366 ὑπεύθυνον
3268 4315 3484 4382 πρῶτον
3524 4317 3774 4380 ἐδέξατο,
3804 4323 4035 4390 στερρὸν

2448 4401 2515 4454 ἂν
2552 4401 2803 4468 θεμέλιον
2847 4401 3186 4454 ῦπεϐάλετο·
3217 4403 3363 4455 οὕτω
3410 4405 3502 4456 τὸν
3531 4404 3740 4458 δίκαιον
3777 4409 4036 4478 ἀρπασά-

2452 4510 2633 4562 μενος,
2694 4492 2902 4563 σαθρὰν
2965 4493 3158 4546 ἑαυτὸν
3234 4493 3393 4545 ἔλαθε
3447 4496 3542 4547 καὶ⁸
3597 4497 4036 4567 εὐπερίτρεπτον

2447 4584 2546 4651 τὴν
2575 4583 2785 4635 οἰκείαν
2818 4583 3058 4653 κρηπῖδα
3085 4582 3400 4653 πηξάμενος
3429 4585 3478 4636 ιι.
3512 4585 3582 4636 Σὺ
3618 4585 3677 4637 δέ
3697 4602 3790 4654 μοι
3817 4590 4032 4651 σκέπει,

774 4674 902 4726 illuc
921 4672 1040 4725 viro
1062 4672 1240 4741 justo,
1264 4673 1539 4741 putridum
1573 4676 1750 4728 solum
1774 4691 1873 4730 nec
1895 4675 2181 4732 diﬂiculter
2211 4678 2342 4732 sub-

2454 4672 2545 4725 καὶ
2575 4673 2628 4723 εἴ
2655 4689 2770 4735 πως
2805 4673 2819 4711 ί
2854 4675 2882 4725 ό
2903 4673 2999 4740 τῆς
3029 4673 3378 4736 ἀναστάσεως
3415 4673 3504 4725 διά
3526 4673 3721 4726 τούτου
3756 4693 4041 4745 προκατα-

773 4764 1060 4825 ruendum,
1083 4766 1332 4820 nesciens
1357 4774 1536 4820 tamen
1564 4766 1816 4822 confecit.
1866 4766 1947 4819 Tu
1967 4779 2144 4822 autem
2179 4783 2341 4838 porro

771 4858 826 4910 in
858 4867 1090 4911 mentem
1115 4858 1317 4911 advoca
1342 4857 1651 4928 cogitando,
1685 4875 1752 4912 an
1783 4873 1891 4912 non
1923 4869 2095 4913 status
2119 4871 2174 4915 et
2199 4861 2340 4915 ratio

775 4946 1236 5006 resurrectionis,
1295 4955 1406 4998 tam
1459 4944 1620 5013 longo
1671 4945 2011 5013 praecedente
2056 4946 2339 5000 intervallo

769 5045 1150 5104 prmstruatur,
1193 5045 1246 5088 et
1281 5049 1377 5103 per
1407 5035 1724 5105 mysterium
1756 5035 2247 5103 praesignilicetur‘.’
2281 5035 2336 5090 Si

769 5131 911 5180 enim
942 5128 1117 5182 bonus
1161 5142 1225 5180 ac
1255 5127 1439 5196 justus
1490 5126 1634 5181 Deus
1680 5125 1864 5190 fuerit,
1914 5136 2009 5182 aut
2055 5128 2338 5198 utriusque

772 5219 954 5288 potius
1003 5216 1127 5273 fons
1183 5226 1236 5271 et
1284 5219 1485 5287 origo,
1543 5217 1685 5272 haud
1741 5218 2166 5272 immuneratum
2210 5219 2339 5273 hinc

773 5310 926 5365 abire
955 5311 1128 5365 virum
1178 5310 1388 5380 justum
1437 5324 1504 5364 ne
1553 5310 1620 5365 ad
1672 5309 1882 5365 horulze
1909 5308 2072 5365 unius
2100 5309 2336 5378 spatium

2452 4762 2708 4814 ϐάλλεται
2771 4762 2869 4815 καὶ
2911 4767 3353 4831 μυσταγωγεῖται
3385 4763 3564 4831 λόγος.
3604 4765 3667 4816 El
3691 4765 3803 4834 γὰρ
3824 4768 4038 4833 ἀγαθὸς

2450 4855 2541 4906 καὶ
2569 4854 2777 4916 δίκαιος
2796 4854 2824 4904 ὁ
2848 4853 3003 4917 Θεὸς,
3031 4853 3233 4922 μᾶλλον
3255 4853 3321 4906 δι’
3345 4855 3686 4923 άγαθὸτητος
3712 4861 3808 4910 καὶ
3821 4858 4037 4912 δικαιε-

2452 4946 2617 5015 σύνης
2655 4945 2828 5015 πηγὴ,
2888 4946 2988 4999 οὐκ
3032 4945 3100 4998 ἂν
3140 4947 3448 5015 ἀγέραστον
3496 4947 3752 5000 ἀπελθεῖν
3801 4951 3898 5002 καὶ
3930 4952 4038 5022 πρὸ

2450 5039 2601 5109 ὥρας
2655 5037 2748 5092 τδν
2784 5039 2992 5093 δίκαιον
3047 5039 3230 5092 εἴασεν
3264 5038 3454 5094 ¹Αϐελ.
3491 5042 3601 5094 Καὶ
3639 5043 3693 5093 τί
3728 5041 3874 5109 λέγω
3900 5043 4035 5108 ἀγέ-

2455 5147 2686 5200 ραστον;
2717 5131 2830 5185 ἀλλ’
2859 5132 2959 5184 οὐκ
2987 5130 3053 5184 ἀν
3079 5131 3288 5194 ἀδίκως
3325 5132 3419 5184 καὶ
3459 5130 3521 5184 τδ
3567 5132 3754 5202 μεῖζον
3806 5132 3933 5186 ἀνθ’
3959 5127 4034 5184 ὧν

2449 5221 2606 5293 ὤφθη
2633 5222 2912 5294 θεοφιλὴς,
2951 5223 3052 5275 οὐκ
3077 5221 3144 5274 ἂν
3174 5221 3481 5290 ὑπερείδειν
3525 5223 3928 5293 ἀναιρούμενον
3946 5240 3959 5253 ’
3985 5227 4032 5275 tl

2454 5315 2529 5382 μή
2574 5329 2657 5376 τις
2712 5311 2923 5366 ἐκεῖθεν
2965 5309 3103 5380 άλλη
3168 5309 3521 5377 κατάστασις,
3572 5311 3666 5366 καὶ
3704 5310 3820 5382 βίος
3863 5311 4031 5376 ἄλλος

2045 5442 2279 5497 VARLE
2319 5443 2723 5502 LECTIONES.

874 5513 903 5555 δ
929 5513 991 5567 C.
1038 5513 1111 5569 ﬂ.
1145 5513 1456 5583 δεξάμενος.
1533 5515 1548 5555 ί
1591 5515 1676 5567 ῖσ.
1712 5512 1928 5576 μήπως.
1959 5511 2022 5570 C.
2068 5513 2138 5566 M.
2184 5514 2238 5566 εί
2266 5531 2401 5576 πως.

2284 5602 2517 5658 NOTAE.

842 5692 955 5763 (Ξο)
987 5693 1122 5749 Cum
1181 5697 1280 5748 hac
1327 5696 1624 5763 (ιιιςιιειῑοιιο
1681 5695 2022 5753 conferendze
2090 5706 2218 5752 sunt
2269 5710 2336 5753 ex

770 5766 1199 5834 praecedentibus
1217 5781 1306 5835 qq.
1342 5765 1582 5819 hXXi‘ll
1607 5775 1659 5822 et
1692 5765 1873 5820 XLVI.

2449 5776 2467 5819 ι
2518 5698 2628 5767 (2|)
2666 5698 2806 5754 idem
2856 5707 3238 5769 argumentum
3271 5698 3574 5769 quaestione
3616 5693 3682 5749 XI
3712 5705 4023 5764 pesti-acta-

2473 5783 2556 5819 ιη’.

2473 5783 2556 5821 ur.
