4200 6444
199 447 304 509 637

1081 440 1182 499 AD
1216 434 1813 498 AMPHILOCHIUM
1851 434 2199 508 QUESTIO
2244 435 2382 497 CIII
2412 436 2522 501 CV.

3350 445 3454 509 638

200 562 482 625 ἀπέκειτο,
510 560 569 621 ὲν
598 550 643 626 ᾧ
674 557 786 611 τῶν
818 556 1112 627 πρακτέων
1137 556 1237 615 τάς
1266 553 1527 625 ἀμοιδάς,
1554 553 1648 605 καὶ
1674 550 1773 615 τὰς

1879 551 1989 621 pati
2022 550 2229 607 debuit.
2264 551 2405 617 Quid
2431 560 2613 607 autem
2650 552 3078 609 immuneratum
3106 556 3275 610 dico?
3307 572 3456 615 certe

198 656 524 715 ἀντιδόσεις,
559 654 754 723 ἀφάτῳ
784 651 1002 722 πλούτῳ
1034 650 1292 722 προνοίας
1319 648 1651 719 εὐτρεπίσας
1684 664 1783 701 τα-

202 746 403 817 μιεύει.
436 743 647 798 Οὐκοῦν
682 744 868 797 οὐκέτι
894 738 1405 810 διαμφισϐητήσεις,
1430 737 1522 793 διά
1542 738 1597 791 τί
1627 737 1776 808 πρῶ-

197 856 290 901 τος
328 837 516 899 ’Δὸελ,
554 834 703 903 φίλος
743 832 1090 902 δικαιοσύνης
1137 831 1376 901 γεγονὼς
1398 872 1414 897 ,
1451 829 1668 902 πρῶτος
1698 828 1776 899 τῷ

198 929 415 998 Θανάτῳ
468 927 907 997 ἑλειτούργησεν.
958 926 1023 979 Εί
1065 924 1123 979 δὲ
1172 927 1267 979 καὶ
1308 922 1446 993 πρὸς
1466 922 1559 976 τὸν
1602 920 1773 991 Ἑνὼχ

198 1018 548 1087 ἀποῦλέψεις,
582 1018 924 1071 δικαιότατον
972 1016 1233 1087 γεγονότα
1255 1054 1272 1081 ,
1315 1016 1480 1069 πλέον
1517 1014 1661 1080 ῐξεις
1704 1015 1773 1069 δι’

196 1102 271 1160 ὧν
314 1110 373 1161 οὑ
400 1109 676 1178 ζητήσεις,
702 1107 818 1171 πῶς
840 1107 952 1161 τῶν
980 1108 1225 1174 δικαίων,
1261 1106 1527 1177 μᾶλλον
1550 1106 1658 1159 τῶν
1680 1106 1772 1159 ὑπ’

198 1199 403 1261 αἰτίαν,
441 1198 471 1250 ὀ
502 1197 730 1261 θάνατος
786 1199 1132 1269 ἐκυρίευσεν·
1165 1197 1439 1268 ἀνώτερος
1481 1198 1589 1268 γάρ
1618 1191 1775 1259 οὗτος

199 1286 259 1348 εξ
288 1285 493 1355 ἀρετῆς
522 1288 617 1339 καὶ
647 1287 959 1355 φιλοτιμίας
984 1287 1121 1342 Θεοῦ
1175 1287 1299 1355 (καὶ
1326 1288 1413 1340 ῖνα
1451 1285 1525 1356 μὴ
1564 1284 1624 1337 τὸ
1646 1284 1775 1337 δυσο

201 1376 478 1447 θεώρητον
512 1379 708 1447 ἔχωσιν
742 1382 798 1433 αῖ
848 1381 942 1432 σαὶ
982 1378 1228 1450 ἀπορίαι)
1272 1378 1380 1433 τῶν
1416 1379 1511 1432 τοῦ
1542 1378 1773 1431 θανάτου

202 1464 412 1536 βρόχων
433 1468 645 1537 καὶτῆς
672 1468 983 1539 τυραννίδος
1027 1467 1418 1538 δχρημάτισεν.

1876 641 2019 697 baud
2050 641 2246 697 fuisset
2296 658 2493 712 passus
2544 644 2747 713 injuste
2807 646 3045 716 aliquem
3082 649 3223 713 tolli,
3252 650 3454 704 nedum

1880 731 2058 785 virum
2089 732 2174 787 sui
2206 742 2501 798 amantem,
2553 734 2599 787 si
2628 748 2733 789 non
2773 735 2916 790 alius
2940 736 3061 791 vitae
3090 748 3289 803 status,
3320 754 3455 795 con-

1882 825 2017 880 ditio
2040 823 2147 880 alia
2174 827 2411 896 reposita
2443 826 2635 883 fuisset
2668 828 2765 891 illi,
2802 829 2895 882 ubi
2930 844 3113 885 rerum
3135 846 3165 885 a
3191 848 3252 886 se
3269 846 3454 903 gesta-

1881 933 2002 972 rum
2037 918 2453 974 retributionem
2502 928 2557 974 et
2622 921 3121 976 remunerationem
3155 938 3253 993 per
3301 926 3455 979 inex-

1880 1010 2161 1079 plicabiles
2190 1010 2386 1066 divina:
2436 1010 2790 1081 providentia
2838 1012 3060 1067 divitias
3088 1025 3451 1084 praeparatam

1877 1102 2243 1172 disposuerat.
2296 1104 2564 1169 Quocirca
2595 1120 2702 1158 non
2734 1113 2817 1161 est
2849 1120 2950 1160 cur
2976 1115 3031 1160 tu
3065 1108 3247 1163 adhuc
3282 1109 3453 1163 addu-

1878 1192 2041 1259 bites,
2092 1195 2237 1250 unde
2265 1195 2467 1250 factum
2504 1206 2564 1249 ut
2589 1196 2721 1251 Abel
2744 1196 2969 1264 iustitia:
2998 1198 3177 1251 cultor
3201 1198 3449 1253 omnium

1880 1286 2165 1341 hominum
2199 1288 2448 1357 princeps
2476 1298 2706 1342 mortem
2749 1288 3128 1344 famularetur.
3182 1290 3341 1356 Quod
3402 1291 3451 1344 si

1880 1378 2186 1446 respexeris
2213 1378 2278 1433 ad
2309 1377 2589 1434 Enochum
2620 1380 2713 1450 qui
2736 1389 2791 1435 et
2815 1380 2929 1450 ipse
2953 1381 3291 1449 iustissimus
3325 1380 3451 1445 fuit,

1879 1469 2004 1538 plus
2052 1469 2233 1525 adhuc
2288 1470 2381 1524 tibi
2440 1480 2779 1541 suggeretur,
2841 1487 2939 1526 cur
2985 1487 3091 1525 non
3138 1472 3449 1537 addubites,

200 1562 347 1617 unde
389 1562 593 1617 factum
644 1571 703 1617 ut
755 1577 905 1617 mors
952 1563 1106 1633 prius
1148 1562 1204 1616 in
1252 1561 1431 1630 justos
1458 1575 1624 1630 quam
1660 1561 1715 1615 in
1754 1575 1879 1617 reos
1911 1563 2213 1618 dominium
2266 1576 2546 1621 exerceret
2587 1582 2601 1619 :
2641 1566 2897 1635 superior
2934 1568 3078 1621 enim
3133 1568 3316 1635 justus
3367 1576 3451 1621 est

199 1665 426 1726 propter
480 1658 737 1713 virtutem
796 1666 853 1713 et
903 1672 1146 1712 amorem
1209 1656 1307 1711 Dei
1368 1656 1629 1710 eximium
1686 1658 1777 1726 (ne
1812 1656 1976 1713 dubia
2008 1674 2039 1714 ι
2072 1669 2123 1714 te
2185 1660 2463 1731 proposita
2529 1658 2820 1715 difﬁculter
2845 1660 3205 1732 explicentur)
3236 1662 3452 1733 laqueis

199 1746 396 1802 mortis
421 1746 668 1803 irretitus
715 1755 771 1802 et
801 1746 922 1817 ejus
946 1745 1289 1818 tyrannidem
1317 1752 1579 1815 expertus
1606 1743 1775 1801 fuisse
1810 1746 2033 1805 dicitur.

732 1861 1069 1916 ΕΡΩΤΗΣῙΣ
1106 1862 1229 1918 ΡΕ’.

622 1954 761 2022 Περὶ
806 1953 917 2009 τῦτ-
958 1953 1302 2024 περιτομῆς.

2016 1865 2334 1933 (ὶὕᾶὶὸἩο
2366 1866 2476 1923 CV.
2510 1866 2695 1941 lCoisl.
2733 1878 2783 1923 et
2815 1867 2979 1925 Taur.
3006 1868 3290 1927 CXXVII.1

2390 1956 2467 2011 De
2496 1958 2910 2013 circumcisione.

994 2067 1139 2117 Edita
1156 2082 1183 2118 a
1207 2068 1523 2131 liontacntio,
1558 2080 1640 2131 ep.
1665 2068 1776 2127 205,
1796 2066 1860 2116 ad
1891 2066 2132 2118 Theudor.
2155 2068 2363 2131 begun,
2391 2082 2423 2131 p
2465 2070 2690 2121 sesset.

282 2172 349 2225 Ἦ
380 2170 653 2243 περιτομὴ
671 2169 798 2243 τρία
823 2171 947 2225 τινά
970 2172 1459 2245 πραγματεύεσθαι
1484 2191 1573 2243 μοι
1600 2172 1773 2227 δοκεῖ·

198 2262 261 2317 ἓν
299 2263 418 2334 μὲν,
450 2263 616 2315 οἱονεὶ
640 2262 856 2333 σημείῳ
887 2265 996 2316 τινὶ
1026 2264 1120 2316 καὶ
1169 2264 1426 2332 σφραγῖδι
1459 2265 1583 2326 τοὺς
1616 2262 1777 2330 ὶκγό-

199 2370 329 2416 νους
372 2352 625 2423 ’Δδραάμ
654 2352 1010 2423 ἀφορίζουσα,
1045 2354 1139 2407 καὶ
1167 2354 1274 2407 τῶν
1299 2354 1500 2409 λοιπῶν
1535 2354 1778 2409 διαστίλ-

197 2444 371 2497 λουσα
423 2442 627 2495 ὲθνῶν⁸
657 2442 909 2512 δεύτερον
944 2444 1020 2509 δὲ,
1050 2446 1108 2497 ὲν
1157 2447 1322 2517 ἑαυτῇ
1374 2448 1473 2518 τὴν
1504 2448 1596 2500 τοῦ
1631 2446 1773 2501 θείου

201 2537 580 2605 βαπτίσματος
623 2536 1068 2606 προδιατυποῦσα
1098 2540 1193 2592 καὶ
1213 2541 1775 2610 προανακηρύττουσα

198 2627 363 2697 χάριν
410 2628 505 2681 καὶ
534 2627 1015 2700 δυνάμιν.”Ωσπερ
1064 2630 1173 2701 γάρ
1224 2633 1252 2684 ὁ
1286 2634 1772 2704 περιτεμνόμενος,

202 2720 286 2780 είς
316 2717 440 2772 λαὸν
475 2718 610 2773 Θεοῦ
640 2720 728 2772 διὰ
748 2721 850 2791 τῆς
877 2723 1173 2792 σφραγῖδος
1190 2725 1362 2777 πάλαι
1379 2726 1773 2795 ἐχρημάτιζεν

202 2805 380 2870 οὕτως
406 2808 435 2860 ὁ
468 2805 883 2877 βαπτιζόμενος,
934 2811 1207 2879 σφραγῖδα
1250 2810 1345 2864 τοῦ
1395 2812 1674 2884 Χριστοῦὶ
1716 2816 1775 2867 ἐν

199 2897 386 2967 ἑαυτῷ
413 2900 827 2971 τυπωσάμενος,
859 2903 938 2963 είς
968 2903 1241 2957 υἱοθεσίαν
1292 2902 1427 2957 Θεοῦ
1457 2907 1771 2977 ἀναγράφε-

196 3004 319 3040 ται.
350 2988 458 3040 Καὶ
484 2988 688 3058 τρίτον,
720 2989 991 3059 σύμϐολον
1016 2991 1122 3044 τῶν
1145 2994 1202 3045 ὲν
1223 2995 1285 3063 τῇ
1305 2994 1487 3064 χάριτι
1510 2995 1771 3049 καθιστα-

197 3077 389 3147 μένων
416 3078 644 3145 πιστῶν,
680 3081 731 3133 oi
752 3081 861 3134 τῶν
903 3084 1182 3153 σαρκικῶν
1210 3084 1414 3153 ἡδονῶν
1444 3088 1540 3140 καὶ
1586 3087 1772 3141 παθῶν

192 3168 301 3231 τάς
333 3170 748 3238 ὲπαναστάσεις,
777 3171 855 3241 τῷ
902 3174 1177 3245 τιμητικῷ
1223 3176 1325 3245 τῆς
1359 3178 1594 3243 πίστεως
1629 3178 1773 3250 λόγῳ

194 3262 298 3316 καὶ
312 3261 495 3326 πόνοις
518 3263 838 3333 ἀσκητικοῖς
857 3265 1175 3335 ἑκτέμνουσι
1220 3269 1315 3319 καὶ
1338 3268 1731 3339 ἀπονεκροῦσιν
1753 3286 1767 3302 ο

194 3352 262 3404 οὑ
314 3351 473 3421 σῶμα
520 3353 836 3421 τέμνοντες,
870 3355 1007 3407 ἀλλά
1043 3355 1141 3425 τὴν
1185 3357 1442 3426 καρδίανο
1481 3358 1575 3411 καὶ
1608 3359 1770 3412 πνεύ-

1954 2170 2083 2227 Tria
2113 2188 2226 2243 prae
2246 2188 2305 2229 se
2326 2172 2471 2229 ferre
2492 2174 2705 2229 videtur
2736 2174 2872 2229 milii
2916 2177 3301 2235 circumcisio:
3335 2182 3449 2251 pri—

1879 2275 2054 2323 mum,
2084 2259 2232 2329 quod
2263 2268 2521 2331 tanquam
2552 2262 2767 2333 signum
2807 2272 2863 2317 et
2887 2264 3122 2332 sigillum
3146 2267 3447 2324 Abrahami

1878 2352 2192 2421 progeniem
2244 2362 2543 2421 separaret,
2578 2362 2631 2407 et
2670 2368 2700 2407 a
2731 2355 2940 2410 caeteris
2969 2358 3222 2425 gentibus
3249 2360 3448 2415 distin-

1878 2450 2070 2513 gueret
2106 2460 2121 2497 :
2162 2442 2462 2498 secundum
2491 2483 2509 2509 ,
2549 2443 2602 2497 in
2644 2459 2703 2498 se
2734 2444 2905 2498 divini
2948 2445 3291 2516 baptismatis
3325 2466 3451 2519 gra-

1877 2533 2008 2586 tiam
2041 2544 2095 2587 et
2123 2532 2419 2589 eﬁicaciam
2464 2549 2560 2605 per
2600 2534 2829 2605 ﬁguram
2874 2538 3221 2606 pradicabat.
3266 2539 3443 2596 Veluti

1875 2624 2020 2678 enim
2059 2622 2191 2678 olim
2222 2624 2606 2688 circumcisus,
2642 2638 2738 2694 per
2770 2623 3002 2694 sigillum
3033 2627 3086 2681 in
3119 2626 3213 2683 Dei
3242 2630 3445 2699 populo

1875 2715 2215 2782 censebatur,
2244 2716 2327 2772 sic
2352 2724 2407 2771 et
2432 2715 2756 2786 baptizatus,
2787 2716 2987 2772 Christi
3010 2719 3064 2773 in
3106 2734 3167 2775 se
3202 2720 3443 2789 sigillum

1874 2820 2197 2877 expressum
2226 2807 2457 2873 habens,
2489 2807 2776 2877 adoptatus
2812 2806 3128 2865 inscribitur
3169 2811 3263 2866 Dei
3304 2812 3447 2868 illio-

1875 2914 1996 2954 rum
2017 2899 2177 2954 albo:
2202 2898 2444 2963 tertium,
2478 2900 2781 2970 symbolum
2811 2910 2929 2955 erat
2958 2902 3199 2957 ﬁdelium
3230 2904 3284 2957 in
3316 2920 3443 2975 gra-

1876 2988 1948 3041 tia
1974 2988 2377 3053 exsistentium,
2408 2988 2506 3058 qui
2540 2989 2844 3044 carnalium
2872 2991 3208 3061 voluptatum
3229 3002 3284 3047 et
3308 3009 3448 3061 pas-

1856 3064 2086 3132 "sionum
2124 3080 2556 3136 insurrectiones
2610 3082 2977 3137 tumultuosae
3018 3084 3290 3140 excisorio
3321 3085 3444 3141 ﬁdei

1874 3183 2147 3236 sermone,
2177 3178 2231 3225 et
2261 3172 2515 3227 asceticis
2544 3172 2822 3231 laboribus
2845 3174 3171 3231 abscindunt
3210 3184 3445 3232 etmor—

1875 3259 2081 3313 tiﬁcant
2104 3276 2123 3314 :
2150 3276 2256 3315 non
2283 3277 2487 3332 corpus
2518 3265 2795 3328 scindunt,
2825 3265 2919 3320 sed
2948 3280 3042 3320 cor
3069 3284 3085 3319 :
3116 3281 3216 3322 nec
3245 3282 3442 3323 secun-

1871 3349 2000 3403 dum
2031 3349 2263 3403 litteram
2294 3350 2387 3404 sed
2417 3351 2665 3418 spiritum
2692 3353 3188 3409 circumciduntur:
3206 3370 3439 3425 quorum

196 3459 361 3512 ματι,
401 3443 463 3496 οὐ
510 3443 798 3512 γράμματι
866 3448 1351 3517 περιτεμνόμενοιο
1396 3442 1471 3502 ὧν
1531 3450 1626 3504 καὶ
1676 3448 1797 3503 τὺν¹

1872 3440 2111 3495 laudatio
2150 3455 2255 3495 non
2299 3441 2460 3495 habet
2494 3457 2631 3511 opus
2674 3445 2908 3499 humano
2939 3446 3211 3514 praeconio
3232 3488 3247 3514 ,
3280 3447 3374 3503 sed
3408 3462 3441 3503 a

195 3534 429 3586 ἔπαινον
468 3533 569 3586 οὐκ
622 3535 969 3607 ἀνθρωπίνης
1015 3538 1344 3608 ἐπικρίσεως
1377 3539 1604 3604 δεῖσθαι,
1640 3541 1775 3593 ἀλλά

1877 3526 1969 3581 Dei
2000 3526 2208 3581 calculo
2241 3527 2528 3596 dependet,
2572 3540 2630 3583 ut
2660 3527 2860 3584 Paulus
2886 3531 3076 3587 harum
3112 3549 3295 3588 rerum
3322 3550 3443 3606 my-

192 3623 304 3691 τῆς
335 3622 545 3677 ἀνωθεν
595 3624 868 3693 ἠρτῆσθαι
917 3626 1122 3695 ψήφου,
1166 3626 1375 3689 Παῦλος
1404 3628 1433 3680 ὁ
1469 3627 1630 3692 θεῖος,
1660 3631 1686 3681 ὀ
1708 3631 1775 3682 τά

1874 3626 2135 3687 stagogus
2170 3618 2314 3672 clara
2346 3634 2477 3673 voce
2518 3628 2767 3675 testatur.
2797 3620 3033 3677 Ulterius
3053 3663 3067 3686 ,
3092 3634 3147 3678 et
3174 3624 3303 3679 illud
3332 3624 3442 3681 for-

194 3712 424 3764 τοιαῦτα
448 3714 824 3781 μυσταγωγὸς,
854 3714 1083 3785 λαμπρᾷ
1112 3719 1177 3786 τῇ
1212 3720 1362 3787 φωνῇ
1404 3718 1774 3789 διαμαρτύρε-

194 3818 312 3857 ται.
343 3803 404 3855 Et
438 3802 495 3854 δὲ
536 3820 613 3872 τῳ
653 3804 874 3858 κάκεῖνο
904 3807 927 3844 ιι
963 3806 1127 3871 δοκεῖ,
1167 3807 1242 3869 ὡς
1288 3808 1481 3875 γένους
1506 3810 1604 3877 μὲν
1630 3810 1778 3862 Χαλ-

195 3891 368 3945 δαίων
424 3892 793 3963 ἐχρημάτιζεν
833 3894 1084 3965 Ἀϐραάμ
1110 3913 1123 3927 ’
1154 3896 1214 3948 τὸ
1256 3897 1331 3963 δὲ,
1391 3900 1484 3951 καὶ
1534 3901 1775 3970 μητράσι

194 3984 299 4037 καὶ
338 3984 638 4055 θυγατράσι
678 3986 771 4037 καὶ⁵
800 3986 1058 4055 ἀδελφαῖς
1112 3988 1364 4060 ὲκθέσμῳ
1395 3990 1544 4060 νόμῳ
1580 4008 1772 4045 συναν-

195 4072 577 4141 εφύρετο.“Ινα
599 4070 691 4127 οὖν
725 4074 798 4144 μὴ
832 4079 942 4138 τοῖς
996 4076 1270 4147 πατρῴοις
1322 4079 1471 4132 ἔθεσι
1511 4082 1647 4150 μήτε
1675 4082 1773 4134 αὺ-

194 4164 314 4229 τὸς,
340 4164 476 4233 μήτε
505 4164 566 4217 τὸ
595 4165 653 4230 ἐξ
685 4165 848 4219 αὑτοῦ
872 4170 1049 4233 γένος,
1100 4169 1537 4236 καταμιαίνοιτο,
1581 4171 1777 4239 τέμνε-

191 4270 314 4318 ται,
346 4254 499 4322 φασὶ,
532 4254 628 4322 τὴν
659 4255 1025 4325 ἀκροϐυστίαν
1050 4257 1131 4319 είς
1173 4257 1429 4329 ἀθέτησιν
1458 4259 1557 4329 τῆς
1590 4261 1772 4314 τοιαύ-

192 4362 302 4417 της
330 4346 745 4416 ἀῤῥητοποιίας,
768 4349 863 4400 καὶ
893 4349 1104 4415 γίνεται
1124 4348 1275 4418 αὑτῷ
1295 4350 1393 4419 τῆς
1416 4350 1623 4414 οἰκείας
1642 4368 1774 4420 σαρ-

195 4436 300 4497 κδς
330 4436 363 4505 ὴ
388 4437 681 4506 περιτομὴ,
704 4436 966 4507 διαίρεσις
993 4439 1091 4507 τῆς
1116 4439 1419 4510 προσεχοῦς
1451 4442 1773 4509 συγγενείας

194 4524 301 4575 καὶ
350 4526 689 4594 ἀποστροφὴ,
734 4526 832 4577 ὅσα
870 4542 933 4593 γε
963 4527 1043 4589 είς
1089 4527 1306 4597 ὁμιλίαν
1338 4530 1606 4599 γαμικήν.
1636 4529 1771 4581 Οὐδὲ

192 4616 314 4683 γὰρ
338 4616 448 4668 οὐδ’
475 4612 541 4683 ἦν
571 4617 820 4686 φωράσαι
866 4618 1007 4680 τινὰ,
1042 4618 1180 4686 μετά
1219 4617 1319 4687 τὴν
1350 4620 1680 4689 περιτομὴν,
1712 4622 1771 4671 ἐν

188 4710 317 4768 τοῖς
348 4706 405 4770 ὲξ
436 4707 667 4774 αἵματος
709 4707 958 4776 Ἀϐραὰμ
996 4711 1113 4769 ταῖς
1152 4709 1428 4771 τοιαύταις
1475 4710 1767 4779 ὲνισχημέ-

192 4816 297 4851 νον
327 4798 752 4868 ἀρῤητουργίαις
775 4814 789 4829 ο
824 4800 921 4868 τῆς
947 4800 1256 4869 Χαλδαῖκῆς
1294 4801 1564 4871 ἀκρασίας
1594 4800 1767 4863 ἀδεῶς

190 4887 302 4941 καὶ
341 4886 783 4957 ἀνεπαισχύντως
820 4892 1071 4960 μακροῖς,
1108 4890 1205 4943 καὶ
1242 4889 1379 4958 μετά
1402 4889 1595 4954 ταῦτα,
1638 4889 1767 4960 χρό-

185 4994 315 5040 νοις
345 4977 411 5029 τά
441 4977 666 5032 τοιαῦτα
705 4979 1243 5050 δραματουργούσης.
1284 4980 1443 5033 Ἀλλά
1481 4980 1640 5033 τοῦτο
1666 4981 1767 5049 μὲν

181 5068 275 5130 ὡς
304 5066 453 5135 φίλον
485 5069 701 5139 ἑκάστῳ
725 5071 819 5122 καὶ
840 5068 1108 5139 νομιζέτω
1132 5086 1146 5099 ·
1172 5070 1535 5141 ἀφορισθῆναι
1585 5071 1765 5141 μέντοι

182 5161 259 5214 τὸ
307 5158 552 5229 Ἀϐραὰμ
609 5161 714 5213 ἔδει
776 5163 965 5229 γένος’
1004 5161 1217 5232 πρῶτον
1259 5162 1375 5231 μὲν,
1412 5163 1498 5215 ἴνα
1545 5163 1620 5233 μὴ
1652 5168 1765 5226 τοῖς

184 5250 384 5314 ἄλλοις
411 5250 621 5304 ἔθνεσιν
652 5254 1102 5322 ἐπιμιγνύμενον,
1144 5254 1236 5306 καὶ
1274 5253 1418 5306 κατά
1445 5255 1639 5325 μικρὸν
1657 5257 1767 5317 τοῖς

184 5341 427 5395 ἐκείνων
458 5341 675 5404 τρόποις
706 5342 1132 5411 ὑποσυρόμενον,
1181 5340 1278 5409 τῆς
1320 5357 1380 5392 τε
1426 5341 1630 5401 οίκείας
1682 5343 1770 5393 eb-

187 5429 421 5494 σεόείας
478 5432 837 5503 παρα-τροπὴν
913 5433 1081 5502 πάθῃ,
1139 5433 1234 5484 καὶ
1272 5434 1383 5493 τοῖς
1424 5432 1645 5484 ἐκείνων
1679 5431 1771 5485 λα-

185 5526 405 5598 τρεύση
437 5526 800 5599 βδελύγμασιν
824 5544 839 5559 ⁸
869 5529 1080 5593 ἔπειτα,
1109 5530 1195 5581 ἵνα
1228 5529 1323 5598 τῆς
1362 5529 1513 5593 θείας
1539 5531 1769 5600 ὑποσχέ-

1881 3708 2041 3761 lassis
2068 3708 2315 3762 arriserit
2345 3710 2545 3773 alicui,
2588 3712 2731 3779 quod
2770 3726 2800 3767 e
2826 3723 2981 3782 gente
3013 3715 3264 3771 Chaldtea
3295 3719 3441 3773 orie-

1880 3799 2037 3852 batur
2056 3799 2354 3863 Abraham,
2375 3800 2464 3855 ubi
2492 3802 2776 3867 matribus,
2814 3806 3045 3872 ﬁliabus,
3080 3817 3134 3862 et
3161 3810 3442 3865 sororibus

1874 3891 1941 3944 de
2003 3893 2397 3947 consuetudine
2458 3894 2623 3961 impia
2697 3897 2986 3952 carnaliter
3048 3900 3441 3961 miscebantur.

1873 3984 2175 4050 Quocirca,
2220 4000 2287 4039 ne
2316 4000 2411 4053 per
2452 3987 2664 4055 patulos
2711 4003 2886 4043 mores
2926 3989 3009 4045 vel
3042 3990 3267 4060 ipsemet
3305 3994 3431 4063 pol-

1873 4075 2135 4138 lueretur,
2170 4076 2251 4130 vel
2284 4078 2353 4131 ab
2384 4078 2476 4131 illo
2505 4078 2917 4145 descendentes,
2948 4082 3443 4142 circumcidebatur

1873 4168 1921 4223 ei
1948 4170 2292 4237 praeputium,
2325 4186 2437 4239 quo
2463 4171 2543 4226 sic
2572 4172 2823 4227 aboletur
2854 4174 3166 4244 ltujusmodi
3204 4177 3440 4234 nefanda

1874 4257 2193 4324 turpitudo,
2237 4266 2400 4327 atque
2447 4262 2519 4313 ita
2564 4262 2909 4317 accrescebat
2949 4264 3000 4319 ei
3047 4279 3159 4320 suae
3209 4268 3443 4337 propria:

1873 4347 2056 4402 carnis
2091 4348 2475 4417 circumcisio,
2514 4360 2572 4405 ut
2612 4352 2810 4409 divisio
2843 4356 2911 4409 ab
2950 4355 3200 4413 aﬁinibus
3228 4360 3345 4415 suis
3389 4370 3445 4415 et

1873 4439 2292 4510 consanguineis
2312 4481 2325 4504 ,
2372 4458 2437 4497 ac
2466 4453 2728 4512 quantum
2758 4446 2823 4499 ad
2859 4448 3159 4503 maritalem
3191 4451 3439 4519 copulam

1873 4530 2170 4599 spectabat,
2205 4533 2439 4587 aversio.
2490 4530 2606 4587 Non
2638 4534 2781 4587 enim
2834 4536 2913 4589 vel
2948 4534 3129 4591 furtim
3162 4540 3287 4607 quis
3320 4550 3443 4609 post

1872 4622 2345 4677 circumcisionem
2368 4639 2398 4679 e
2414 4625 2678 4694 sanguine
2697 4626 2970 4680 Abraham
2990 4626 3227 4683 infandis
3250 4630 3441 4684 istius-

1874 4714 2019 4767 modi
2059 4714 2493 4783 impediebatur:
2529 4732 2654 4769 cum
2689 4716 3067 4771 Chaldaeorum
3104 4718 3325 4773 lascivia
3359 4720 3443 4774 af-

1876 4804 2026 4859 fatim
2091 4816 2145 4861 et
2188 4806 2529 4876 impudenter
2574 4810 2641 4862 ad
2697 4810 2863 4863 multa
2914 4818 3035 4878 post
3083 4810 3200 4866 haec
3244 4814 3441 4867 saecula

1876 4898 2310 4966 prostitueretur.
2344 4896 2447 4952 Sed
2474 4899 2687 4954 l‘ruatur
2714 4899 2802 4955 hic
2824 4902 3053 4969 quisque
3072 4901 3277 4970 judicio
3302 4919 3402 4958 suo
3424 4922 3437 4959 :

1874 5001 2028 5041 certe
2051 4992 2167 5041 erat
2196 5002 2419 5043 necesse
2466 4996 2525 5042 ut
2556 4990 2847 5044 Abraltami
2887 4992 3171 5060 progenies
3217 5008 3440 5062 separa-

1874 5088 2025 5133 retur
2064 5096 2078 5132 :
2130 5080 2377 5148 inprimis
2406 5118 2421 5144 ,
2477 5096 2544 5135 ne
2581 5082 2838 5150 permista
2881 5082 3092 5136 caeteris
3126 5084 3440 5139 nationibus

1874 5172 2086 5226 illarum
2124 5172 2369 5228 moribus
2410 5174 2672 5242 paulatim
2713 5173 3105 5237 abduceretur,
3141 5174 3279 5229 facta
3322 5176 3440 5245 pie.-

1875 5264 2001 5318 tatis
2040 5265 2328 5335 cultusque
2360 5265 2662 5319 mutatione
2685 5306 2699 5329 ,
2736 5274 2789 5319 et
2824 5266 2894 5318 ita
2938 5265 3289 5319 exsecranulis
3321 5266 3421 5318 illa-

1876 5369 1995 5407 rum
2044 5355 2213 5409 sacris
2258 5355 2576 5422 inserviret;
2622 5356 2895 5421 secundo,
2944 5365 3003 5408 ut
3054 5354 3441 5424 promissionis

1877 5442 2073 5497 divina:
2097 5458 2363 5513 apparens
2406 5454 2461 5499 et
2489 5444 2797 5515 cuicunque
2825 5444 3177 5514 intelligibilis
3221 5444 3343 5497 ﬁnis
3386 5453 3441 5497 et

1876 5531 2135 5601 perfectio
2165 5534 2501 5601 redderetur,
2521 5534 2812 5591 Abrahami
2840 5533 3045 5590 semine
3096 5532 3151 5587 in
3190 5532 3443 5587 innume-

1493 5708 1725 5764 VARIIE
1768 5711 2167 5771 LECTIONES.

312 5816 329 5857 ι
371 5806 431 5861 C.
466 5803 535 5862 Μ.
575 5807 665 5863 τὸν
693 5808 946 5876 Χριστόν.
1026 5807 1047 5845 κ
1072 5808 1136 5863 C.
1179 5808 1245 5861 Μ.
1283 5808 1468 5861 εἰδετω
1506 5808 1738 5863 κάκεῖνο.
