4200 6444
1907 423 2170 484 ΡΠΟΤΙΙ
2209 425 2712 485 PATRIARCILE
2745 427 2853 487 (ΣΡ.

3897 430 3992 496 ϐω

753 535 984 590 rabilem
1013 533 1412 588 multitudinem
1456 535 1820 604 multiplicato
1875 544 1930 592 et
1959 547 2330 594 excresceute.

2451 557 2576 602 ςεως
2606 543 2855 609 ἐναργὲς,
2890 541 2980 592 καί
3012 542 3148 594 πᾶσι
3186 541 3463 611 γνώριμον
3507 541 3569 594 τὸ
3612 541 3787 613 πέρας
3820 541 3990 612 δειχθῇ

754 625 908 694 Quod
943 623 990 680 si
1034 639 1160 679 cum
1204 624 1418 680 caneris
1464 626 1781 682 nationibus
1815 628 2060 696 permisti
2097 629 2334 684 mansis-

756 729 901 786 sent,
930 717 1134 772 veritas
1176 719 1561 787 promissionis
1593 719 1885 789 adimpleta
1922 736 2030 775 non
2071 735 2332 791 agnosce-

754 819 939 872 retur,
985 823 1086 863 nec
1124 808 1418 862 multitudo
1447 817 1615 863 tanta:
1643 818 1792 863 esset
1819 810 2207 873 admirationi,
2239 809 2332 865 ubi

757 900 1049 969 separatim
1103 898 1149 954 si
1204 910 1471 967 agerent,
1527 907 1583 953 et
1632 901 2016 968 rempublicam
2065 902 2330 972 privatam

759 995 1057 1040 tuerentur.
1087 981 1296 1049 Tertio,
1332 986 1480 1056 quod
1509 995 1636 1041 ante
1671 988 1808 1041 alias
1833 1003 2032 1043 causas
2053 997 2330 1053 censetur,

759 1076 1201 1148 quandoquidem
1221 1074 1315 1131 Dei
1345 1077 1543 1132 dllecto
1571 1086 1626 1133 et
1651 1079 1894 1150 diligenti
1912 1079 2079 1134 Deum
2103 1079 2335 1134 Abrahae

757 1177 977 1240 pactum
1019 1169 1195 1224 fuerat
1235 1187 1250 1223 :
1284 1187 1302 1218 ι
1325 1167 1383 1222 ln
1416 1173 1624 1225 semine
1653 1181 1754 1226 tuo
1789 1173 2176 1227 benedicentur
2206 1172 2333 1226 nui-

759 1274 931 1314 τοι-διε
960 1260 1149 1313 mundi
1183 1259 1435 1314 nationes
1454 1261 1578 1313 ’⁸⁸η
1602 1259 1714 1315 lloe
1731 1271 1946 1331 pactum
1976 1278 2006 1316 a
2030 1263 2179 1316 nullo
2205 1276 2334 1332 prn-

760 1352 910 1423 gredi
942 1360 1175 1421 poterat,
1208 1367 1375 1422 quam
1417 1369 1446 1407 a
1476 1353 1769 1409 Conditore
1790 1393 1805 1416 ,
1845 1363 1900 1408 et
1929 1353 2185 1408 inell‘abili
2234 1368 2332 1407 sua

759 1442 1098 1512 providentia
1133 1442 1340 1510 ubique
1387 1441 1588 1497 diﬂ‘usa
1639 1452 1694 1496 et
1736 1443 2093 1498 disseminata
2143 1458 2335 1498 omnes

759 1534 1151 1604 eomplectente
1177 1553 1191 1588 :
1223 1535 1536 1589 communis
1571 1533 1716 1588 enim
1741 1534 2028 1589 Formator
2053 1535 2199 1589 solus
2232 1550 2333 1604 po-

761 1635 900 1681 terat
971 1635 1081 1680 tam
1133 1641 1480 1680 connnunem
1548 1625 1976 1681 benedictionem
2043 1624 2330 1693 impertiri.

766 1718 1094 1783 Enimvero,
1142 1733 1268 1772 eum
1315 1718 1417 1773 hoc
1470 1718 1651 1787 ipsum
1690 1716 2030 1773 Provisoretn
2079 1719 2229 1771 illum
2266 1717 2333 1771 ad

763 1812 1198 1866 incarnationem
1229 1850 1245 1875 ,
1294 1810 1440 1881 quod
1501 1811 1798 1865 maximum
1838 1819 1962 1875 est,
1991 1809 2332 1875 destinaret;

766 1903 946 1973 (quod
981 1903 1051 1957 ab
1082 1902 1232 1957 omni
1280 1879 1427 1958 retro
1455 1902 1760 1958 aeternitate
1792 1903 1978 1956 divino
2010 1911 2066 1957 et
2109 1902 2340 1957 abscon-
2374 1879 2414 1933 Β

762 1996 881 2048 dito
911 2003 1045 2048 nutu
1077 1994 1438 2050 ordinabatur
1466 1993 1505 2066 :)
1548 1995 1668 2050 ideo
1710 2009 1882 2064 genus
1909 1993 2143 2048 Abrahae
2181 2008 2338 2062 sepa-

764 2096 939 2148 ratur,
969 2096 1024 2141 et
1049 2101 1079 2140 a
1105 2087 1493 2141 commistione
1517 2086 1775 2141 eximitur
1795 2086 2022 2140 aliarum
2057 2085 2300 2156 gentium
2323 2101 2336 2137 :

765 2178 1080 2235 utCreator
1124 2188 1179 2234 et
1226 2178 1494 2234 Dominus
1535 2187 1790 2233 naturam
1842 2189 2083 2233 nostram
2137 2195 2204 2233 ex
2251 2179 2338 2232 illa

766 2270 934 2338 stirpe
968 2277 1298 2332 assumeret,
1327 2279 1382 2324 et
1407 2270 1658 2324 similiter
1689 2285 1755 2325 ac
1787 2284 1885 2325 nos
1911 2271 2095 2324 carnis
2125 2278 2180 2322 et
2210 2285 2341 2323 san-

766 2361 948 2429 guinis
975 2360 1247 2430 particeps
1280 2360 1436 2415 ﬁeret
1456 2401 1470 2424 ,
1511 2376 1622 2429 quo
1650 2361 1792 2430 pacti
1820 2370 1875 2415 et
1914 2360 2167 2430 promissi
2197 2359 2336 2413 veri-

767 2465 849 2509 tas
875 2453 1129 2508 omnibus
1155 2453 1423 2518 numeris,
1451 2454 1594 2522 apud
1619 2467 1810 2507 omnes
1830 2461 2338 2507 eonsummaretur:

767 2559 962 2611 nempe
991 2544 1212 2599 Christo
1247 2545 1356 2598 Deo
1402 2552 1631 2608 nostro,
1676 2543 1730 2597 in
1777 2559 1888 2614 quo
1928 2555 2112 2613 gentes
2152 2559 2342 2614 omnes

769 2635 1164 2692 bentulictionts
1201 2651 1299 2704 per
1327 2636 1561 2705 gratiam
1593 2635 1888 2705 participes
1921 2636 2058 2690 ﬁunt
2079 2675 2096 2700 ,
2135 2652 2165 2690 ο
2199 2635 2344 2689 lutu-

766 2727 854 2782 bis
882 2727 1025 2782 illius
1058 2742 1152 2796 per
1189 2727 1460 2797 principia
1521 2726 1887 2796 generationis
1939 2727 2192 2781 humanae
2245 2726 2346 2778 de-

768 2816 1079 2872 scendente.
1113 2815 1289 2884 Atque
1325 2815 1438 2869 haec
1469 2815 1684 2883 quidem
1717 2814 2003 2878 hactenus,
2036 2815 2339 2868 secundum

769 2907 986 2978 pietatis
1027 2921 1246 2961 sensum
1282 2923 1294 2958 :
1353 2907 1487 2976 quin
1513 2915 1568 2960 et
1606 2906 1736 2960 illud
1777 2906 1874 2959 tibi
1920 2907 2084 2959 etiam
2138 2903 2347 2972 liquere

769 2998 1025 3056 arbitror,
1049 2997 1192 3065 quod
1217 2996 1564 3051 circumcisio
1583 2981 1770 3050 divino
1791 2997 1909 3049 viro
1929 2994 2162 3048 Abrahae
2179 3008 2346 3066 causa

773 3102 1114 3156 nequaquam
1143 3086 1268 3140 ﬁdei
1302 3085 1503 3149 fuerat,
1530 3101 1632 3140 nec
1657 3086 1748 3140 illa
1780 3085 2080 3139 secundum
2111 3083 2233 3138 tldei
2258 3099 2348 3137 ore

775 3178 958 3232 dinem
989 3179 1199 3233 censeri
1231 3177 1463 3242 debeat;
1497 3180 1648 3248 prius
1676 3177 1983 3233 crediderat
2016 3185 2071 3230 et
2097 3191 2222 3230 cunt
2257 3176 2343 3229 illa
2373 3210 2416 3267 ο

773 3271 904 3325 lides
978 3269 1218 3324 anterior
1288 3268 1430 3338 apud
1502 3270 1651 3322 illum
1715 3268 2045 3332 resedisset,
2105 3267 2344 3336 sigillum

773 3363 876 3416 hoc
929 3361 1252 3431 impressum
1308 3359 1543 3428 accepit.
1598 3355 1881 3413 Amr-mare
1937 3359 2142 3430 igitur,
2196 3359 2341 3426 quod

776 3451 980 3506 ideirco
1020 3451 1346 3520 praeputium
1392 3448 1856 3514 abscindebatur,
1888 3458 1947 3503 ut
1973 3449 2209 3504 nudatus
2249 3464 2345 3502 na-

776 3543 1045 3598 turalibus
1081 3542 1451 3604 ornamentis,
1484 3540 1678 3596 sordes
1709 3539 1959 3610 genitalis
1995 3541 2087 3594 illa
2114 3541 2346 3604 eluet-et,

771 3634 887 3688 seio
929 3646 1167 3702 paganos
1198 3641 1251 3685 et
1289 3629 1511 3684 Iudaeos
1558 3648 1572 3684 :
1609 3631 1701 3684 sed
1748 3629 2106 3684 deblaterant.
2136 3629 2343 3685 Contra

768 3738 906 3794 quos
923 3738 1047 3777 cum
1071 3722 1236 3776 multa
1253 3722 1387 3776 mihi
1410 3722 1634 3776 dicenda
1661 3729 1971 3791 suppetant,
1990 3736 2112 3791 qua:
2128 3721 2345 3775 abunde

772 3812 1024 3868 refellant
1070 3815 1215 3873 lianc
1255 3812 1551 3866 absurdam
1586 3811 1902 3881 opinionem
1928 3851 1945 3875 ,
1981 3813 2084 3867 boe
2120 3814 2341 3867 unicum

770 3907 1066 3961 edisseram
1094 3941 1111 3968 ,
1142 3908 1289 3974 quod
1331 3918 1438 3958 non
1478 3903 1751 3957 illibenter
1792 3903 2033 3958 audirem
2071 3903 2145 3958 ita
2179 3903 2341 3959 dicti-

772 4007 971 4063 tantes,
1001 3995 1048 4051 si
1076 4002 1266 4050 contra
1311 3992 1517 4049 fontem
1546 3992 1856 4048 einusionis
1891 3993 2194 4057 scminalis,
2218 3994 2334 4062 gla-

769 4089 917 4141 dium
949 4087 1032 4140 vel
1063 4083 1350 4140 cultellum
1381 4083 1687 4138 adhibitum
1714 4083 1996 4147 vidissent,
2033 4084 2117 4137 vel
2152 4093 2342 4138 contra

770 4187 1015 4232 ventrem
1039 4216 1054 4239 ,
1096 4191 1260 4245 quem
1298 4177 1532 4245 plurima
1571 4175 1947 4240 immunditie,
1978 4185 2033 4229 et
2060 4174 2345 4230 abomina-

772 4275 865 4328 bili
910 4273 1088 4326 adhuc
1148 4270 1326 4341 magis
1402 4271 1669 4325 renlctum
1713 4277 1769 4324 et
1831 4269 2137 4338 subjectum
2206 4278 2344 4324 ster-

772 4373 926 4419 ιιιιιιι.

2438 633 2515 692 εἰς
2548 632 2920 702 ἀναρίθμητον
2947 632 3154 701 πλῆθος
3183 633 3276 686 τοῦ
3302 634 3364 698 ἐξ
3402 633 3658 704 ’Δϐραὰμ
3693 633 3994 702 σπέρματος

2437 721 2844 790 πληθυνομὲνου
2876 722 2969 774 καὶ
3000 720 3271 784 αὔξοντος.
3301 724 3377 775 Οὑ
3413 723 3523 793 γὰρ
3551 727 3618 776 ἂν
3666 723 3867 791 ὁμοίιος
3893 727 3996 783 τοῖς

2435 807 2618 869 ἄλλοις
2645 808 2826 860 ἔθνεσι
2861 810 3300 879 συμψυρομένων
3331 811 3392 863 τό
3420 826 3482 863 τε
3533 811 3632 880 τῆς
3677 812 4000 878 ἐπαγγελίας

2435 897 2665 964 ἀψευδὲς
2706 898 3054 966 ἐγινώσκετο,
3086 899 3180 951 καὶ
3206 901 3267 952 τὸ
3295 900 3389 952 τοῦ
3441 901 3679 972 πλήθους
3706 905 3999 972 παράδοξον

2437 989 2798 1059 ἐθαυμάζετο,
2825 989 3013 1060 ὥσπερ
3041 991 3166 1044 καθ’
3199 991 3428 1054 ἑαυτοὺς
3485 995 3581 1046 καὶ
3631 996 4002 1064 ἀφορισμένην

2436 1082 2536 1149 τὴν
2567 1080 2840 1134 πολιτείαν
2864 1081 3115 1151 ἐχόντων.
3152 1083 3260 1135 Καὶ
3289 1083 3495 1152 τρίτον,
3529 1083 3558 1136 ὃ
3584 1084 3679 1137 καὶ
3700 1086 3810 1138 τῶν
3834 1086 4002 1138 ἄλλων

2438 1168 2583 1220 ἐστιν
2645 1169 2774 1222 ἰδεῖν
2825 1169 3187 1234 αἰτιώτατον,
3234 1172 3466 1242 ἐπείπερ
3515 1174 3896 1242 ὑπεσχημένον
3941 1171 4003 1245 ἦν

2436 1258 2516 1328 τῷ
2535 1258 2775 1327 θεοφιλεῖ
2824 1261 3094 1330 Ἀϐρααμ,
3126 1264 3184 1312 ἑν
3211 1263 3291 1331 τῷ
3322 1263 3597 1332 σπέρματι
3627 1266 3793 1317 αὑτοῦ
3835 1267 4006 1319 πάντα

2433 1349 2504 1400 τὰ
2550 1350 2677 1419 ἔθνη
2715 1351 3197 1422 εὐλογηθήσεσθαι.
3253 1352 3425 1405 Τοῦτο
3452 1354 3508 1406 δὲ
3532 1354 3598 1406 δι’
3627 1356 4004 1417 οὑδενὸςᾶὶλου

2433 1439 2658 1493 δυνατὸν
2677 1437 2746 1509 ἦν
2777 1439 3081 1510 προελθεῖν,
3113 1441 3226 1493 ἀλλ’
3263 1441 3296 1511 ἢ
3325 1442 3393 1493 δι’
3423 1441 3590 1495 αὑτοῦ
3620 1443 3715 1496 τοῦ
3742 1447 3838 1498 καὶ
3870 1445 4004 1498 πλᾶ-

2436 1548 2646 1595 σαντος,
2679 1533 2772 1585 καὶ
2807 1533 2865 1586 τὸ
2885 1534 2985 1604 τῆς
3014 1533 3273 1603 προνοίας
3313 1534 3552 1602 ἄφατον,
3588 1535 3751 1605 μέχρι
3785 1536 3882 1588 καὶ
3914 1536 4008 1588 αὑ-

2434 1623 2544 1676 τῶν
2611 1623 2719 1676 τῶν
2772 1625 2864 1677 ἐπὶ
2922 1625 3026 1693 γῆς
3057 1625 3338 1689 καθιέντος
3367 1629 3462 1679 καὶ.
3499 1628 3779 1697 ἐκχέοντος
3798 1643 3812 1657 ·
3843 1630 3872 1681 ὁ
3903 1629 4007 1695 γὰρ

2436 1718 2613 1778 κοινὸς
2636 1718 2884 1789 Πλάστης
2916 1717 3077 1782 αὑτὸς
3101 1719 3337 1783 ,δυνατὸς
3371 1721 3528 1790 μόνος
3560 1721 3657 1774 καὶ
3695 1723 3884 1793 κοινὴν
3914 1723 4007 1793 τὴν

2437 1795 3062 1879 εὑλογίανθχαρίζεσθαι.
3111 1811 3277 1875 Ἀλλ’,
3325 1813 3513 1882 ἐπειδὴ
3559 1815 3720 1867 τοῦτο
3764 1817 3927 1868 πάλιν
3953 1818 4011 1868 τλι

2445 1900 2704 1967 μέγιστον
2728 1901 2828 1970 τῆς
2861 1903 2988 1970 περὶ
3013 1904 3161 1972 ἡμᾶς
3193 1907 3450 1975 προνοίας
3488 1907 3568 1969 εἰς
3599 1905 4011 1977 ἑνανθρώπησιν

2439 1990 2529 2042 τὸν
2569 1993 2881 2064 Προνοητὴν
2927 1993 3114 2047 ἐκάλει
3158 1994 3322 2066 (οὕτω
3369 1999 3478 2068 γὰρ
3536 1998 3743 2052 ἀνωθεν
3785 2001 3883 2050 καὶ
3910 1999 4012 2067 πρὸ

2438 2083 2548 2135 τῶν
2578 2085 2790 2138 αἰώνων
2808 2088 2919 2148 τοῖς
2968 2086 3136 2151 θείοις
3198 2089 3294 2141 καὶ
3338 2091 3675 2161 ἀπορρήτοις
3706 2092 4017 2160 προώριστο

2441 2176 2736 2246 νεύμασι),
2773 2177 2861 2230 διὰ
2908 2178 3074 2232 τοῦτο
3111 2178 3171 2232 τὸ
3217 2179 3574 2251 Ἀϐραμιαίον
3622 2182 3781 2248 γένος
3826 2181 4016 2249 ἀφορί-

2443 2265 2612 2329 ζεται.
2654 2266 2748 2319 καὶ
2781 2265 2890 2319 τῶν
2920 2266 3094 2319 ἐθνῶν
3121 2267 3232 2319 τῶν
3262 2266 3438 2321 ἄλλων
3457 2266 3557 2336 τῆς
3587 2267 3872 2337 ἐπιμιξίας
3900 2267 4014 2320 δια-

2442 2355 2690 2425 κρίνεται
2712 2369 2727 2384 °
2758 2355 2846 2406 ἴνα
2867 2353 2960 2406 τοῦ
2985 2355 3334 2427 Δημιουργοῦ
3357 2357 3450 2409 καὶ
3469 2356 3743 2410 Δεσπότου
3763 2355 3864 2426 τὴν
3880 2357 4017 2425 ἠμε-

2441 2446 2607 2516 τέραν
2641 2433 2802 2515 φύσιν
2831 2447 2894 2511 ἐξ
2932 2447 3094 2500 αὑτοῦ
3130 2448 3643 2518 προσλαμϐάνοντος
3664 2489 3680 2514 ,
3711 2450 3809 2502 καὶ
3835 2464 4017 2516 παρα-

2445 2539 2689 2609 πλησίως
2727 2541 2861 2610 ἡμῖν
2919 2541 3126 2610 σαρκὸς
3192 2540 3577 2604 κοινωνοῦντος
3622 2542 3716 2593 καὶ
3765 2541 4018 2608 αἵματος,

2448 2630 2701 2700 ἐπίδηλόν
2733 2647 2792 2683 τε
2820 2631 2940 2683 λίαν
2991 2631 3090 2683 καὶ
3130 2632 3428 2700 περιφανὲς
3471 2632 3643 2686 ἅπασι
3673 2632 3737 2685 τὸ
3761 2631 3862 2702 τῆς
3890 2633 4023 2684 ὑπο-

2448 2722 2687 2791 σχέσεως
2717 2722 2950 2789 ἀψευδὲς
2985 2727 3252 2794 καταστῇ.
3293 2725 3405 2778 Καὶ
3460 2725 3543 2778 ὅτι
3590 2725 3827 2795 Χριστὸς
3887 2725 4021 2784 Θεὸς

2446 2813 2624 2884 ἡμῶν,
2655 2815 2712 2866 ἐν
2737 2807 2782 2882 ᾧ
2815 2815 2990 2868 πάντα
3023 2815 3093 2869 τὰ
3121 2815 3250 2885 ἔθνη
3288 2816 3388 2886 τῆς
3417 2817 3474 2869 iv
3528 2817 3717 2888 χάριτι
3763 2817 4020 2885 εὐλογίας

2447 2903 2888 2974 κατηξιώθησαν,
2920 2907 2984 2958 ἐκ
3026 2906 3124 2974 τῆς
3153 2906 3355 2975 ὀσφύος
3402 2908 3614 2960 ἐκείνου
3670 2908 3766 2969 τὰς
3802 2906 4022 2977 πρώτας

2447 2997 2539 3048 καὶ
2585 2995 2931 3065 ἀνθρωπίνας
2993 2997 3166 3068 ἀρχὰς
3195 2999 3295 3051 οὑκ
3345 2998 3661 3070 ἀπηξίωσεν
3688 2995 3840 3066 αὑτῷ
3871 2996 4024 3063 γενέ-

2450 3085 2572 3137 σθαι
2599 3088 2699 3155 τῆς
2727 3088 2870 3141 κατὰ
2904 3088 3083 3156 σάρκα
3126 3090 3453 3159 γεννήσεως.
3495 3089 3658 3142 Ἀλλὰ
3707 3088 3885 3143 ταῦτα
3924 3087 4023 3156 μιν

2451 3178 2544 3230 καὶ
2570 3177 2637 3230 τὰ
2661 3177 2905 3242 τοιαῦτα,
2941 3179 2990 3231 οἱ
3017 3179 3262 3242 εὑσεϐεῖς
3288 3180 3559 3249 λογισμοί.
3595 3181 3830 3234 κακεῖνο
3859 3181 3916 3232 δέ
3946 3196 4025 3233 σοι

2447 3267 2606 3338 δῆλον
2661 3266 2817 3338 οἶμαι
2873 3268 3228 3333 καθεστάναι,
3270 3270 3345 3336 ὡς
3388 3272 3490 3342 τὴν
3533 3272 3838 3343 περιτομὴν
3867 3275 3897 3326 ὁ
3934 3271 4025 3326 θε-

2448 3360 2672 3421 σπέσιος
2713 3360 2985 3430 Ἀϐραὰμ,
3037 3356 3162 3412 οὔτε
3216 3359 3453 3423 πίστεως
3495 3359 3656 3429 ἔσχεν
3699 3362 3904 3423 αἰτίαν,
3963 3363 4022 3413 οὑ

2448 3451 2557 3520 μὴν
2592 3450 2698 3501 οὐδ’
2727 3449 2860 3502 αὑτό
2893 3465 2955 3517 γε
2985 3447 3145 3501 τοῦτο
3187 3450 3340 3513 τάξιν
3378 3450 3684 3518 ἐπέχουσαν
3736 3451 3979 3507 πίστεως
3999 3469 4012 3482 ’

2450 3541 2845 3609 προεπίστευσε
2902 3541 3031 3609 γὰρ.
3065 3539 3203 3594 ἀλλὰ
3246 3540 3349 3610 τῆς
3385 3541 3823 3610 προῦπαρξάσης
3876 3539 4030 3609 αὑτῷ

2453 3633 2616 3704 μόνον
2669 3633 2941 3704 σφραγίδα
2986 3633 3189 3702 ταύτην
3233 3632 3474 3696 ἐδέξατο.
3507 3633 3581 3686 Τὸ
3614 3632 3798 3702 μέντοι
3827 3650 3890 3700 γε
3938 3632 4030 3684 λε-

2449 3741 2590 3792 γειν,
2620 3724 2694 3786 ὡς
2722 3724 2812 3778 διὰ
2836 3723 2994 3777 τοῦτο
3015 3723 3366 3793 περιετμήθη
3399 3723 3501 3792 τὴν
3527 3723 3921 3792 ἀκροϐυστίαν,
3955 3726 4033 3787 ὡς

2449 3813 2516 3866 ἂν
2545 3815 2756 3883 γυμνὸν
2786 3813 3025 3883 γεγονὼς
3053 3814 3161 3868 τῶν
3213 3817 3277 3866 ἑκ
3308 3814 3525 3883 φύσεως
3573 3814 4030 3887 ωριϐλημάτων,

2447 3903 2511 3956 τὸ
2555 3903 2871 3971 παιδογόνον
2915 3905 3024 3957 τῶν
3053 3904 3263 3957 ἐκεῖθεν
3304 3905 3493 3973 ρὑων
3539 3905 3875 3977 καθαρεὺοι,
3912 3902 4036 3961 οἶδα

2454 3996 2553 4065 μὲν
2591 3995 2867 4066 Ἑλλήνων
2900 3998 3078 4060 παισὶ,
3111 3997 3205 4050 καί
3233 4013 3376 4050 τισιν
3413 3997 3682 4051 Ὶοώαίων
3709 4001 4037 4072 πεφλυαρηο

2456 4086 2637 4155 μένον.
2670 4087 2780 4138 Καὶ
2819 4086 2990 4154 μυρία
3025 4085 3207 4153 λέγειν
3228 4085 3366 4154 ἔχων
3389 4086 3525 4156 προς
3547 4086 3749 4149 αὑτοὺς
3769 4087 3871 4158 τῆς
3899 4089 4036 4141 ἁτό-

2453 4197 2554 4232 ’που
2607 4176 2788 4249 δόξης.
2844 4177 2907 4229 τὸ
2963 4177 3071 4229 τῶν
3113 4175 3351 4246 ἱλέγχων
3387 4176 3618 4246 ἄφθονον
3658 4177 4038 4249 χορηγούσης.

2451 4272 2628 4324 ἐκεῖνο
2653 4270 2813 4338 μόνον
2841 4270 2970 4336 ἑρώ,
3004 4268 3081 4330 ὡς
3110 4268 3280 4336 ἡδέως
3313 4271 3379 4321 ἂν
3416 4267 3596 4321 αὑτῶν
3611 4268 3812 4337 ἧκουον
3870 4271 4040 4322 τοῦτο

2453 4357 2745 4426 λεγόντων,
2770 4357 2820 4409 εί
2842 4358 2962 4410 κατ’
2987 4356 3157 4426 αὑτῆς
3187 4356 3297 4409 τῶν
3318 4355 3710 4426 σπερματικῶν
3734 4357 4039 4425 ῥευμάτων

770 4459 869 4524 τῆς
925 4458 1131 4526 πηγῆς,
1163 4455 1381 4526 πρῶτον
1433 4455 1495 4508 es
1533 4455 1685 4522 ξίςος
1732 4454 1959 4507 ἔϐλεπον
1994 4453 2342 4524 φέροντας.ἦ
2384 4453 2525 4507 κατὰ
2550 4447 2944 4522 γαστέριυν,ἃ.ς
3000 4449 3158 4504 αὐτοὶ
3212 4451 3421 4514 ἑαυτοῖς
3458 4452 3555 4503 καὶ
3600 4451 3861 4504 πλειόνων
3886 4453 4040 4503 ἁκας⁵

772 4551 1010 4622 θαρσιῶν
1038 4551 1130 4604 καὶ
1158 4549 1309 4620 βδελυ
1322 4551 1576 4620 ρωτέρων
1599 4549 1903 4619 ὑπονόμους
1932 4549 2329 4618 ὑπεστήσαντο.

877 4690 1204 4758 onmno
1244 4689 1359 4746 cvr
1419 4689 1610 4761 [CoisL
1646 4698 1701 4743 et
1730 4686 1896 4742 τηαν.
1928 4684 2239 4756 cxxvnn.

821 4785 961 4851 Quid
1003 4785 1268 4854 signiﬁcat
1326 4781 1684 4836 redundantia
1732 4781 1875 4834 uerbi
1913 4780 2028 4849 εἰμί
2077 4778 2304 4849 (sumi?

2978 4683 3316 4740 eramus
3355 4685 3494 4749 νεῖν.

2699 4780 2762 4836 τί
2789 4777 3076 4847 σημαίνει
3102 4777 3141 4843 ἡ
3170 4773 3275 4827 τοῦ
3312 4773 3426 4842 είμἱ
3463 4771 3786 4839 “mu”;

1246 4899 1388 4947 Edita
1415 4909 1444 4946 ι
1464 4895 1782 4955 Ηουιιουιὶο,
1808 4908 1889 4956 ep.
1914 4894 2024 4953 208,
2052 4894 2117 4941 ad
2156 4894 2354 4944 Leonem
2377 4893 2572 4958 philos,
2599 4911 2644 4958 p.
2672 4895 2899 4945 505-506.
2936 4894 3158 4953 Questio
3178 4890 3508 4954 grammatica.

841 5004 1188 5058 Abundantia
1241 5002 1392 5058 vocis
1436 5003 1576 5074 εἰμί,
1607 5018 1745 5067 sum,
1795 5002 1846 5055 in
1895 5001 2200 5070 composita
2230 5016 2354 5056 ora—

775 5100 940 5162 tione,
967 5114 1090 5153 cum
1115 5100 1437 5166 pronomine
1457 5115 1549 5169 ego
1573 5096 1934 5167 precedente,
1981 5097 2241 5166 frequens
2270 5105 2356 5150 est

772 5193 826 5245 in
857 5191 1058 5245 divinis
1091 5190 1336 5255 Litteris,
1379 5206 1480 5246 nec
1515 5199 1695 5244 tamen
1749 5189 1952 5244 crimen
1987 5189 2136 5244 subit
2187 5189 2352 5244 soloa-

770 5285 927 5342 cismi
974 5303 986 5337 :
1037 5283 1083 5337 si
1128 5283 1194 5337 de
1235 5284 1340 5338 hoc
1368 5283 1608 5348 dubites,
1668 5282 1934 5354 recogita,
1964 5281 2137 5334 Ἔνιοί
2184 5297 2349 5343 τινες·

773 5379 919 5446 Σφᾶς
967 5376 1166 5440 αὑτούς
1192 5393 1206 5407 ⁶
1256 5374 1532 5445 ’Δπῆλθεν
1579 5375 1739 5445 ἔχων,
1773 5389 1894 5443 qua:
1939 5370 2249 5428 redundant
2293 5371 2347 5424 in

770 5468 1081 5522 Graecorum
1117 5468 1293 5530 libris,
1345 5476 1401 5522 et
1429 5467 1504 5522 ita
1532 5467 1738 5521 desiste
1763 5465 2091 5520 addubitare
2137 5479 2152 5516 :
2203 5471 2351 5533 patet

769 5562 935 5623 enim,
961 5561 1104 5630 quod
1122 5560 1272 5624 ινιοι,
1303 5576 1425 5615 eum
1458 5576 1591 5616 voce
1617 5560 1782 5624 τινες,
1803 5559 1964 5627 σφᾶς,
1989 5573 2112 5612 eum
2130 5556 2349 5620 αὑτοὺς,

774 5667 880 5704 non
929 5651 1135 5721 aliquid
1186 5653 1336 5706 aliud
1389 5653 1722 5725 signiﬁcant,
1765 5665 1929 5724 quam
1962 5649 2110 5721 quod
2159 5646 2353 5719 primis

842 5835 906 5868 "'
937 5833 1072 5890 Gen.
1103 5849 1198 5901 sn,

2538 5003 2604 5057 Ἦ
2633 5002 2729 5057 τοῦ
2756 5001 2873 5071 ειμι
2909 5000 3158 5072 παρολκὴ
3180 5039 3196 5063 ,
3228 4998 3326 5066 τῆς
3356 4995 3472 5064 ἐγὼ
3503 4992 3854 5062 ἀντωνυμίας
3898 4993 4051 5044 κατὰ

2458 5095 2710 5150 σύνθεσιν
2735 5092 3200 5167 προηγησαμένης
3219 5133 3234 5155 ,
3264 5087 3493 5160 σύνηθες
3520 5087 3622 5157 μέν
3656 5087 3774 5139 ἐστι
3809 5089 3878 5155 τῇ
3919 5087 4051 5151 θεία

2456 5189 2648 5259 Γραφῇ
2672 5227 2687 5251 ,
2733 5185 2848 5240 ἀλλ’
2880 5183 3138 5254 οὐδεμίαν
3184 5181 3273 5234 διὰ
3304 5180 3463 5234 τοῦτο
3489 5178 3730 5233 σολοίκου
3780 5176 4054 5245 γλώσσης

2467 5279 2645 5331 αἰτίαν
2677 5277 2997 5348 παρέχεται.
3023 5275 3084 5327 Ei
3112 5273 3172 5326 δέ
3207 5290 3272 5342 γε
3294 5271 3712 5340 διαμφισϐητεῖς
3729 5312 3744 5335 ,
3770 5268 4052 5336 ιννοήσας

2459 5371 2519 5424 τὸ
2545 5412 2559 5434 ,
2613 5369 2784 5424 Ἐνιοί
2835 5385 2980 5430 τινες
3013 5383 3025 5395 ·
3063 5367 3158 5419 καὶ
3191 5366 3286 5430 τὸ,
3337 5365 3484 5431 Σφᾶς
3528 5362 3755 5426 αὑτοὺς,
3784 5359 3885 5412 καὶ
3946 5358 4049 5420 τὸ,

2470 5461 2738 5532 ’Λπῆλθεν
2761 5461 2900 5530 ἔχων
2918 5497 2934 5523 ,
2958 5458 2994 5512 ἃ
3023 5460 3138 5522 τοῖς
3179 5445 3505 5525 Ἑλληνικοῖς
3538 5451 3822 5514 πλεονάζει
3844 5450 4050 5519 γράμ-

2463 5571 2597 5624 μασι
2626 5595 2641 5619 ,
2692 5551 2888 5621 στῆσον
2925 5551 3120 5604 σαυτὸν
3140 5548 3240 5616 τῆς
3275 5546 3686 5617 ἀμφισϐήσεως.
3721 5540 3896 5612 Δῆλον
3930 5541 4051 5606 γὰρ

2459 5645 2535 5708 ώς
2561 5645 2623 5698 τὸ
2641 5685 2655 5711 ,
2691 5643 2852 5710 τινὲς
2871 5684 2885 5710 ,
2920 5643 3060 5713 μετὰ
3093 5640 3186 5693 τοῦ
3215 5640 3363 5694 ἔνιοι
3386 5679 3400 5702 ,
3447 5637 3537 5690 καὶ
3560 5637 3622 5690 τὸ
3648 5630 3808 5704 σφᾶς
3827 5673 3840 5696 ,
3895 5631 4050 5701 μετὰ
