4200 6444
773 428 877 492 643
1907 423 2166 484 ΡΗΟΤΙΙ
2199 424 2432 483 ΡΑἹἮΙΔ

2345 424 2470 483 RIA
2482 426 2699 486 RCHz‘E
2729 429 2839 488 (ΣΡ.
3871 425 4001 491 644

771 557 900 601 nnn,
929 546 987 590 ut
1038 534 1210 603 prima
1253 531 1389 585 facie
1417 532 1581 587 verba
1633 546 1828 589 sonare
1853 532 2127 594 videntur,
2167 535 2241 587 ita
2269 531 2323 584 in
2353 541 2398 595 Α
2428 535 2430 583 ζ

2353 541 2398 595 Α
2428 534 2545 604 λὴν.
2606 536 2704 605 οὑχ
2738 535 2814 598 ὡς
2882 535 2942 589 τὸ
2983 537 3268 608 πρόχειρον
3314 537 3420 588 τῶν
3459 538 3714 606 ῥημάτων
3743 538 3880 588 νοεῖ,
3909 536 4001 586 δί-

769 628 1017 701 prtesenti
1069 636 1292 694 usurpat
1344 626 1559 677 divinus
1608 622 1829 678 Paulus.
1858 621 1992 676 Cum
2049 624 2323 684 audimus,
2426 652 2428 663 ‹

2426 625 2608 688 δωσιν⁹
2637 627 2780 678 οὑτω
2807 626 2901 678 νῦν
2925 628 2953 678 ὁ
2987 627 3271 690 θεσπέσιος
3307 627 3516 686 Παῦλος
3566 628 3829 695 ἐξείληφε.
3871 625 4002 676 Καὶ

776 739 795 772 ε
832 728 1148 789 potestatem
1210 717 1427 779 habere,
1504 733 1522 765 ι
1577 714 1724 769 forte
1770 714 2192 769 dominationem
2273 720 2329 766 et
2427 729 2435 742 ·

2427 713 2556 782 γὰρ,
2604 714 2848 777 ἐξουσίαν
2880 716 3044 786 ἔχειν,
3097 716 3500 780 ἀκούοντες.ετὸ
3551 715 4002 779 κατεξουσιάζειν

771 813 1132 881 principatum
1178 809 1399 877 quidam
1429 807 1730 878 intelligent
1776 825 1790 861 :
1832 817 1889 860 at
1914 806 2003 860 ille
2046 807 2133 860 hic
2170 824 2188 856 ε
2224 819 2327 874 po-
2429 824 2430 827 η

2429 805 2523 854 καὶ
2550 806 2822 873 κυριεύειν
2851 809 2980 868 ἴσως
3013 807 3156 869 τινὲς
3181 807 3528 872 ἐξακούουσιν
3553 823 3569 838 ο
3598 807 3758 866 αὐτὸς
3781 807 3836 858 δὲ
3864 806 3997 865 νῦν,

771 910 1022 958 testatem
1072 899 1270 953 habere
1330 917 1349 950 ι
1411 899 1562 968 ponit
1612 914 1713 969 pro
1757 917 1777 950 ι
1835 899 1990 954 subdi
2038 909 2095 952 et
2138 896 2328 966 subjici

2429 893 2675 958 ἐξουσίαν
2692 897 2865 966 ἐχειν,
2915 901 3049 968 φησι
3064 900 3159 966 τὴν
3202 903 3456 968 γυναῖκα,
3502 901 3564 951 τὸ
3604 899 3694 951 ὑπ’
3738 896 4001 960 ἐξουσίαν

772 991 1043 1063 potestati.
1084 1008 1102 1040 ι
1141 987 1319 1058 thue
1344 990 1489 1058 quod
1513 989 1712 1043 dicitur
1740 987 2084 1043 manifestius
2130 989 2246 1052 tiat,
2276 995 2332 1040 et

2435 987 2724 1039 τάττεσθαι
2751 990 2845 1041 καὶ
2876 989 3070 1040 τελεῖν.
3110 989 3220 1041 Καὶ
3244 991 3331 1040 ἵνα
3374 991 3701 1060 σαφέστερον
3758 990 4002 1054 γένηται

774 1086 840 1138 ad
877 1084 1103 1136 aliorum
1139 1096 1262 1150 qua:
1299 1081 1502 1135 abinde
1532 1082 1809 1146 oriuntur,
1849 1081 2215 1134 dubitationes
2241 1094 2331 1133 so-
2430 1093 2433 1104 '

2430 1073 2492 1124 τὸ
2521 1071 2831 1141 λεγόμενον,
2873 1076 2969 1128 καὶ
2995 1077 3102 1126 τῶν
3131 1076 3306 1129 ἀλλων
3337 1077 3394 1128 al.
3420 1079 3621 1139 λύσεις,
3653 1078 3688 1130 ἃ.
3715 1094 3795 1129 σοι
3846 1074 4002 1126 κατὰ

775 1178 910 1231 Ιυιίο
957 1175 1303 1243 expediatur,
1348 1172 1630 1226 dicendum
1670 1191 1683 1226 :
1732 1170 1913 1225 Mundi
1959 1171 2148 1224 doctor
2187 1172 2334 1225 viros
2433 1184 2434 1189 ‘

2433 1159 2495 1210 τὸ
2549 1160 2679 1210 αὑτὸ
2715 1160 2912 1230 χωρίον
2968 1163 3412 1233 συνδιηπόρηται,
3453 1165 3642 1233 ῥητέον
3700 1163 3955 1216 ἐντεῦθεν
3983 1177 4000 1190 ’

776 1271 918 1320 inter
946 1266 1212 1319 orandum
1245 1275 1299 1318 et
1335 1262 1767 1332 proplietandum
1811 1277 1917 1316 non
1961 1263 2152 1316 velatis
2182 1261 2334 1330 capi-

2435 1249 2572 1312 Τοὺς
2594 1250 2789 1320 ἄνδρας
2807 1252 2836 1302 ὁ
2857 1253 2953 1320 τῆς
2971 1254 3295 1322 οἰκουμένης
3311 1255 3627 1316 διδάσκαλος
3650 1256 4007 1316 ἀκαλύπτους

776 1360 926 1412 tibus
963 1371 1084 1411 esse
1123 1356 1257 1420 vult,
1311 1354 1566 1408 mulieres
1614 1363 1793 1406 autem
1845 1353 2054 1407 velatis.
2104 1351 2333 1406 Causam

2435 1337 2578 1406 ἔχειν
2605 1341 2702 1401 τὰς
2722 1342 2964 1409 κεφαλὰς
2991 1345 3050 1395 ἐν
3067 1343 3146 1413 τῷ
3187 1344 3551 1414 προφητεύειν
3581 1360 3642 1396 τε
3683 1346 3772 1395 καὶ
3820 1361 4004 1412 προσ-

776 1451 931 1502 allert
967 1447 1266 1517 geminam,
1308 1461 1407 1499 cur
1447 1446 1549 1500 hoc
1603 1443 1880 1513 prtecipiat
1915 1460 1930 1495 :
1969 1463 1987 1493 ε
2027 1442 2124 1496 Vir
2173 1451 2338 1511 caput

2435 1429 2687 1498 εύχεσθαι
2712 1431 3081 1494 διατάσσεται,
3119 1433 3217 1492 τὰς
3258 1437 3520 1501 γυναῖκας
3544 1434 3602 1486 δὲ
3641 1434 4008 1502 κεκαλυμμέ-

775 1553 932 1592 suum
965 1535 1158 1597 tondit,
1205 1545 1301 1589 aut
1351 1535 1516 1588 etiam
1574 1533 1736 1590 radit.
1771 1550 1790 1582 ι
1847 1539 2099 1585 neutrum
2157 1530 2337 1584 facere

2436 1536 2552 1581 νας.
2596 1520 2700 1572 Καὶ
2732 1520 2947 1590 τίθησιν
2971 1522 3150 1585 αἰτίας
3174 1522 3241 1575 δι’
3269 1521 3335 1586 ἃς
3374 1522 3532 1576 τοῦτο
3565 1522 4006 1592 παρακελεύεται

777 1627 991 1682 mulieri
1024 1627 1377 1696 permittitur.
1432 1627 1511 1678 Ita
1544 1639 1651 1677 non
1701 1622 1922 1692 perinde
1955 1622 2168 1675 mulieri
2211 1622 2339 1675 licet

2436 1609 2618 1673 διττάς
2641 1626 2656 1641 ⁸
2695 1629 2713 1660 ε
2755 1611 2813 1664 ’0
2841 1611 2999 1681 ἀνὴρ.
3034 1612 3190 1681 φησι,
3221 1613 3464 1683 κείρεται
3495 1613 3593 1683 τὴν
3631 1615 3873 1682 κεφαλὴν
3903 1618 4012 1666 καὶ

778 1720 1068 1772 invelatum
1098 1725 1281 1786 caput,
1314 1725 1375 1769 ut
1417 1715 1533 1768 viro
1600 1715 1743 1768 licet.
1786 1711 1883 1764 Vir
1915 1730 1934 1762 ε
1963 1727 2032 1766 ηε
2060 1721 2216 1780 caput
2240 1711 2336 1764 de.

2441 1699 2666 1769 ξυρᾶται
2691 1717 2705 1730 ο
2741 1719 2759 1750 ι
2796 1701 3017 1768 γυναικὶ
3045 1701 3101 1753 δὲ
3129 1701 3236 1754 οὐδ’
3259 1702 3449 1772 ἕτερον
3478 1703 3680 1756 τούτων
3712 1707 3881 1758 ποιεῖν
3912 1704 4013 1755 Θέ-

777 1810 1014 1870 decoret,
1057 1825 1076 1858 ι
1114 1821 1222 1859 non
1250 1805 1401 1875 tegit.
1447 1802 1565 1858 Non
1621 1812 1708 1858 est
1758 1802 1904 1857 enim
1937 1817 2062 1857 cum
2130 1801 2338 1855 ratione

2445 1809 2554 1859 μις.
2605 1791 2794 1855 Οὕτως
2835 1787 2927 1846 οὖν
2968 1795 3018 1845 εί
3046 1794 3142 1845 καὶ
3190 1795 3218 1846 ὁ
3253 1795 3390 1864 ἀνὴρ
3431 1793 3738 1848 ἀκάλυπτον
3762 1794 3872 1864 ἔχοι
3901 1795 4015 1862 τὴν

778 1899 1150 1967 conjunctum,
1182 1907 1242 1950 ut
1264 1909 1389 1950 cum
1436 1908 1591 1949 coma
1629 1893 1873 1956 tollatur,
1924 1907 2088 1962 quam
2143 1903 2340 1945 natura
2374 1877 2416 1932 Β

2374 1877 2416 1932 Β
2440 1883 2703 1953 κεφαλὴν,
2733 1883 2849 1936 ἀλλ’
2879 1883 3064 1937 οὐκέτι
3091 1884 3184 1936 καὶ
3221 1884 3444 1952 γυναικὶ
3474 1886 3788 1954 τολμητέον.
3818 1886 3877 1939 '0
3904 1888 4014 1955 μὲν

779 1988 946 2050 dedit,
979 1996 1262 2042 externum
1307 1984 1608 2039 asciscatur
1648 1985 2048 2053 operimentum
2081 1980 2339 2036 :mulieri

2440 1973 2569 2043 γὰρ,
2604 1974 2692 2026 ἴνα
2731 1973 3040 2044 pth-tatith
3081 1974 3346 2046 αἰσχύνῃ,
3376 1975 3633 2043 φυλάττει
3670 1975 4014 2030 ἀκάλυπτον.

779 2078 961 2132 decori
1016 2086 1100 2132 est
1156 2076 1591 2146 operimentum;
1644 2082 1804 2143 caput
1864 2073 2182 2127 dehonestat
2231 2085 2339 2124 non

2441 2064 2513 2118 Οὐ
2545 2065 2652 2134 γὰρ
2675 2064 2831 2132 λόγον
2851 2065 2964 2135 ἔχει
2994 2066 3093 2135 τὴν
3119 2067 3216 2134 μὲν
3257 2068 3456 2136 κόμην,
3485 2067 3554 2136 ἣν
3587 2068 3620 2135 ἡ
3649 2068 3812 2134 φύσις
3851 2068 4020 2122 δίδω-

782 2171 943 2223 modo
965 2178 1142 2233 tonsa,
1207 2182 1352 2230 rasa,
1396 2167 1492 2221 sed
1542 2168 1704 2221 etiam
1771 2180 1878 2218 non
1937 2165 2135 2219 velata.
2189 2162 2342 2216 Licet

2451 2174 2558 2220 σιν,
2602 2158 2884 2228 ἀφαιρεῖνξο
2917 2156 3115 2222 ἔξωθεν
3141 2158 3199 2210 δέ
3231 2157 3572 2226 περιὸόλαιον
3617 2159 3878 2210 ἐπινοεῖνο
3907 2177 4015 2227 γυ-

785 2260 930 2312 enim
958 2258 1088 2313 illud
1113 2266 1308 2312 natura
1337 2258 1670 2322 institutum,
1704 2257 1807 2311 hoc
1847 2265 2024 2311 autem
2085 2272 2115 2309 a
2159 2257 2343 2309 mode-
2441 2266 2444 2276 ‘

2441 2251 2589 2302 ναικὶ
2633 2249 2691 2300 δὲ
2718 2249 2878 2319 χρέος
2906 2249 2970 2300 τὸ
3006 2249 3304 2319 κάλυμμαο
3359 2247 3709 2318 καταισχύνει
3751 2249 3860 2319 γάρ
3906 2254 4017 2320 τὴν

789 2352 892 2405 stia
938 2359 992 2404 et
1021 2349 1227 2419 pudore
1255 2349 1327 2404 sit
1360 2367 1373 2404 :
1401 2359 1693 2418 utrumque
1731 2358 1908 2402 tamen
1937 2349 2129 2418 capitis
2162 2347 2343 2417 Operi-
2444 2358 2448 2391 ξ

2444 2341 2686 2410 κεφαλὴν
2714 2341 2904 2412 αὑτῆς,
2933 2339 3122 2408 ὥσπερ
3147 2341 3433 2411 ξυρωμένη
3460 2358 3521 2394 τε
3560 2342 3654 2393 καὶ
3688 2342 4018 2411 κειρομένη,

786 2451 1028 2498 mentum
1054 2453 1136 2496 est
1169 2460 1184 2495 :
1225 2450 1281 2495 et
1314 2440 1479 2494 veluti
1521 2455 1641 2494 rasa
1683 2439 1929 2494 naturale
1965 2440 2188 2509 deponit
2214 2454 2343 2508 ope-
2444 2457 2445 2468 π

2444 2431 2584 2484 οὓτω
2617 2432 2681 2501 δὴ
2713 2433 2807 2484 καὶ
2836 2433 2909 2502 μὴ
2950 2431 3356 2502 καλυπτομένη.
3399 2434 3462 2486 Et
3482 2433 3591 2502 γάρ
3623 2432 3714 2484 καὶ
3746 2433 3808 2484 τὸ
3839 2432 3947 2501 μὲν
3983 2435 4020 2503 ἡ

793 2537 1127 2598 rimentum,
1173 2533 1253 2587 sic
1294 2531 1535 2601 inoperta
1579 2531 1799 2601 pudoris
1845 2530 2086 2584 velamen
2133 2539 2189 2584 et
2227 2545 2342 2583 mo-
2445 2541 2452 2571 ι

2445 2523 2605 2590 φύσις
2672 2523 3036 2594 προὸἀλλεται
3061 2540 3075 2554 ’
3107 2523 3168 2577 τδ
3214 2524 3294 2586 δὲ,
3333 2526 3367 2594 ἠ
3396 2523 3627 2594 σώφρων
3665 2523 3855 2585 αἰδώς·
3890 2524 4021 2579 ἀλλ’

796 2627 981 2683 destia:
1006 2624 1164 2686 tollit,
1192 2634 1384 2693 «atque
1413 2623 1486 2676 ita
1520 2624 1636 2692 pari
1659 2632 1873 2676 constat
1899 2631 2042 2675 statu
2066 2636 2190 2676 cum
2222 2637 2346 2676 era-
2445 2630 2455 2664 ε

2445 2608 2538 2666 οὖν
2565 2614 2731 2683 ἄμφω
2753 2615 2996 2683 κεφαλῆς
3031 2613 3353 2685 περιϐόλαια
3373 2632 3386 2645 ·
3416 2613 3511 2666 καὶ
3535 2613 3720 2683 ὥσπερ
3744 2615 3776 2683 ἡ
3811 2613 4024 2684 ἐξυρηο

789 2734 870 2775 sa.
908 2737 926 2770 ι
952 2716 1067 2772 Una
1098 2716 1260 2785 igitur
1286 2723 1342 2770 et
1361 2714 1550 2769 eadem
1583 2714 1811 2768 habetur
1835 2727 2022 2777 causa,
2049 2728 2148 2767 cur
2178 2712 2344 2766 velari

2449 2701 2584 2771 μένη
2616 2704 2680 2756 τὸ
2712 2703 2946 2771 φυσικὸν
2984 2703 3217 2756 ἀπέθετο
3268 2703 3648 2774 περιϐόλαιον,
3683 2702 3826 2756 οὕτω
3850 2709 3949 2757 καὶ
3983 2709 4023 2777 ἡ

788 2809 982 2862 debeat
1015 2805 1104 2858 illa
1127 2844 1142 2867 ,
1180 2805 1285 2858 iste
1321 2818 1430 2857 non
1471 2804 1620 2857 item.
1644 2803 1779 2867 lmo,
1819 2817 1876 2856 re
1907 2812 2183 2872 perspecta
2221 2803 2346 2856 dili-
2446 2831 2447 2834 η

2446 2793 2756 2856 ἀκάλυπτος
2787 2793 2887 2862 τῆς
2913 2795 3186 2864 σώφρονος
3212 2794 3393 2857 αίεοῦς
3435 2797 3675 2864 περιεῖλε
3703 2799 3762 2849 τὸ
3795 2800 4024 2867 ἀμφία-

789 2907 1006 2968 genter,
1043 2895 1184 2948 haud
1221 2894 1324 2949 ista
1367 2894 1552 2949 subire
1592 2908 1770 2948 causa:
1802 2894 2071 2948 rationem
2103 2893 2344 2959 dabunt;

2449 2901 2581 2952 σμα,
2615 2884 2937 2952 καὶγίνεται
2968 2886 3110 2939 κατά
3148 2887 3308 2939 τοῦτο
3337 2889 3528 2940 ταυτὸν
3559 2890 3625 2958 τῇ
3671 2889 4019 2960 ἐξυρημένῃ.

787 2989 1171 3043 refutationem
1222 2999 1349 3039 vero
1376 2995 1429 3040 et
1467 2989 1802 3055 negationem
1826 2987 2106 3041 continere
2134 3001 2344 3050 eorum,

2447 2975 2564 3029 Μία
2605 2977 2701 3043 μὲν
2730 2972 2822 3029 οὗν
2865 2978 3015 3030 αἰτία
3054 2975 3149 3029 τοῦ
3194 2978 3292 3047 τὴν
3321 2978 3421 3048 μὲν
3449 2979 3560 3033 δεῖν
3600 2980 4028 3035 κατακαλύπτε-

795 3081 888 3148 qui
916 3087 1178 3130 statutqu
1226 3077 1534 3144 vituperare
1572 3077 1783 3141 volunt,
1815 3085 1870 3130 et
1904 3076 2054 3145 paria
2092 3075 2349 3130 mulieres
2451 3097 2454 3115 ι

2451 3071 2594 3136 σθαι,
2647 3073 2740 3123 τὸν
2789 3071 2846 3124 δέ
2875 3072 3108 3141 μηκέτι,
3137 3071 3297 3142 αὓτη.
3333 3074 3552 3126 Μᾶλλον
3577 3075 3634 3126 δέ
3661 3093 3740 3138 τις
3769 3077 4030 3148 ἀκριϐῶς

802 3184 926 3222 cum
962 3166 1091 3219 viris
1126 3166 1375 3219 factitare
1417 3168 1642 3229 volunt,
1676 3175 1956 3236 propterea
1992 3167 2137 3234 quod
2183 3165 2350 3218 utris—
2382 3222 2422 3236 _
2451 3163 2461 3212 l

2382 3222 2422 3236 _
2451 3161 2784 3224 ἐπισκοπῶν,
2841 3162 2962 3214 οὐδὲ
3009 3163 3185 3226 αἰτίας
3235 3164 3487 3218 ἀπόδοσιν
3508 3167 3625 3233 ἐρεῖ
3653 3167 3822 3218 ταῦτα
3843 3182 3859 3198 ο
3893 3171 4030 3222 dva-

800 3276 906 3329 que
930 3259 1001 3312 sit
1043 3267 1245 3310 natura
1291 3258 1596 3311 communis
1640 3276 1652 3311 :
1695 3258 1788 3312 sed
1830 3258 1943 3312 sive
1993 3272 2215 3311 causam
2271 3222 2459 3310 in-c‘

2375 3222 2424 3285 ο
2453 3254 2659 3322 τροπὴν
2691 3222 2778 3306 δέ⁷
2811 3253 2904 3307 καὶ
2940 3222 3218 3324 ἀναίρεσιν
3250 3255 3356 3308 τῶν
3389 3222 3663 3309 αἰτιᾶσθαι
3716 3259 3816 3327 τὴν
3857 3275 4034 3328 νομο-

807 3354 1030 3413 ducaut,
1060 3363 1155 3402 seu
1185 3347 1618 3416 redargutionem
1643 3348 1940 3402 tollentium
1971 3347 2206 3411 illorum,
2238 3345 2353 3401 haec
2455 3347 2466 3397 l

2455 3346 2642 3398 θεσίαν
2689 3345 3110 3416 ἐπιχειρούντων
3135 3385 3152 3409 ,
3180 3347 3274 3400 καὶ
3318 3345 3389 3400 τὰ
3423 3349 3562 3401 αὑτὰ
3604 3351 3717 3411 τοῖς
3759 3350 4034 3419 ἀνδράσιν

803 3454 985 3492 tamen
1024 3452 1091 3490 eo
1118 3451 1280 3490 sensu
1303 3436 1578 3490 dicuntur.
1605 3433 1936 3490 Sententiam
1966 3436 2189 3489 alteram
2213 3434 2354 3488 hanc
2455 3457 2462 3488 ι

2455 3436 2746 3502 ἀξιούντων
2777 3437 2874 3490 καὶ
2916 3440 2974 3490 ἐν
3031 3437 3242 3500 τούτοις
3291 3439 3550 3509 πράττειν
3601 3443 3700 3502 τὰς
3755 3445 4035 3508 γυναῖκας

801 3536 1048 3582 statuunt
1079 3545 1092 3581 :
1129 3525 1330 3580 Natura
1367 3538 1472 3581 stat
1501 3536 1562 3581 ut
1604 3527 1798 3582 mulier
1827 3528 1900 3582 sit
1925 3528 2169 3597 subjecta
2192 3529 2310 3582 viro
2338 3546 2352 3582 :
2455 3550 2460 3574 ‹

2455 3527 2544 3580 διὰ
2567 3530 2667 3596 τὴν
2692 3529 2978 3582 κοινωνίαν
3004 3529 3105 3598 τῆς
3141 3529 3378 3596 φύσεως.
3415 3530 3555 3582 Ἀλλ’
3587 3532 3697 3584 εἴτε
3723 3534 3888 3598 αἰτία,
3912 3535 4038 3588 εἴτε

799 3633 922 3671 nam
960 3619 1029 3670 ab
1059 3618 1154 3670 illo
1191 3617 1462 3686 originem
1493 3626 1647 3671 ortus
1681 3619 1765 3670 sui
1796 3632 1859 3671 ea
1899 3617 2126 3672 derivat.
2173 3616 2355 3672 Multis
2457 3645 2458 3651 η

2457 3620 2566 3672 τῶν
2603 3619 2942 3689 αἰτιωμένων
2974 3621 3218 3690 ἐλεγχος,
3252 3621 3480 3692 τοιαύτη
3510 3621 3576 3675 ἂν
3606 3625 3640 3692 ἡ
3669 3622 3872 3677 διάνοια
3913 3627 4038 3696 εἴη.

792 3710 1015 3781 quidem
1041 3709 1162 3764 aliis
1185 3710 1462 3777 imperitat
1492 3710 1574 3762 vir
1602 3726 1616 3762 :
1645 3709 2074 3763 illustrissimum
2107 3710 2228 3778 ejus
2256 3709 2352 3763 ima

2458 3711 2727 3781 Δεύς-ἐραν
2772 3711 2829 3764 δὲ
2862 3710 3048 3782 τίθησι
3086 3714 3340 3782 τοιαύτην
3363 3730 3378 3744 ο
3413 3713 3476 3765 Ἦ
3514 3713 3672 3783 γυνὴ,
3705 3715 3858 3785 φησὶ,
3921 3718 4042 3771 ὑπὸ

800 3803 1010 3873 perium
1049 3810 1103 3856 et
1155 3811 1400 3870 potestas
1437 3801 1636 3856 eximia
1665 3811 1752 3856 est
1791 3801 1844 3853 in
1888 3802 2189 3855 mulierem.
2245 3800 2359 3856 lloc

2459 3803 2556 3872 τὴν
2579 3801 2826 3867 ἐξουσίαν
2854 3803 3065 3874 πέφυκε
3085 3803 3256 3858 τελεῖν
3275 3805 3372 3858 τοῦ
3393 3805 3585 3876 ἀνδρός
3605 3823 3622 3839 ο
3648 3806 3709 3871 ἐξ
3729 3808 3890 3861 αὑτοῦ
3918 3810 4045 3882 γὰρ

800 3908 962 3948 sensu
997 3891 1197 3948 dicitur
1228 3909 1243 3947 :
1285 3892 1431 3948 «Viri
1471 3893 1639 3964 gloria
1666 3892 1863 3947 mulier
1893 3904 2028 3947 est.»
2064 3892 2199 3947 Cum
2230 3907 2361 3964 ergo

2460 3894 2586 3964 ἔσχε
2617 3894 2758 3948 κατά
2789 3893 3014 3965 πρώτας
3042 3894 3137 3957 τὰς
3170 3895 3489 3964 σωματικὰς
3530 3896 3704 3966 ἀρχὰς
3738 3897 3838 3967 τῆς
3868 3900 4038 3965 γενὲσ

801 3989 1140 4058 principatus
1178 3985 1282 4039 viri
1328 3999 1466 4055 apex
1503 3985 1698 4040 mulier
1740 3984 1849 4050 sit,
1896 3984 2131 4039 debitrix
2170 3994 2255 4039 est
2298 4000 2360 4040 ea

2463 4001 2602 4046 σεως
2625 4001 2638 4015 ·
2673 3985 2766 4037 καὶ
2795 3983 3007 4037 πολλῶν
3033 3984 3136 4053 μιν
3154 3984 3457 4049 ἐξουσιάζει
3489 3989 3582 4039 καὶ
3600 3986 3776 4039 ἀλλων
3795 3987 3824 4039 6
3843 3987 3954 4057 ἀνή
3963 4006 4000 4058 ρ
4028 4005 4044 4019 ο

803 4076 1001 4140 lacere.
1034 4090 1375 4146 quaecunque
1406 4075 1607 4140 virum,
1635 4084 1698 4130 ut
1719 4074 2039 4146 principem,
2073 4076 2359 4130 honorent.
2461 4097 2462 4107 π

2461 4075 2522 4128 τὸ
2550 4075 2608 4127 δὲ
2631 4072 2968 4145 ἐνδοξότερον
2999 4072 3164 4128 αὑτοῦ
3215 4075 3310 4129 καὶ
3365 4075 3690 4148 τιμιώτερον
3736 4077 3837 4145 τῆς
3877 4077 4050 4143 ἐξου-

804 4169 985 4224 Faciet
1026 4179 1206 4223 autem
1257 4166 1464 4222 habens
1503 4176 1827 4236 potestatem
1865 4167 2038 4236 ipsius
2069 4181 2235 4236 super
2274 4182 2364 4222 ca-

2466 4166 2587 4228 σίας
2612 4163 2707 4218 καὶ
2722 4163 2918 4234 ἀρχῆς,
2950 4165 2984 4234 ή
3001 4165 3136 4237 γυνή
3159 4165 3298 4220 ἐστι.
3321 4165 3491 4219 Τοῦτο
3514 4167 3622 4238 γὰρ
3640 4165 3785 4235 λέγει
3807 4183 3818 4195 ·
3842 4185 3861 4218 ι
3885 4167 4051 4240 Γυνὴ

804 4269 941 4333 put,
974 4267 1028 4312 et
1063 4258 1346 4311 declarans
1376 4255 1774 4326 subjectionem
1796 4295 1810 4320 ,
1858 4257 1912 4309 in
1953 4269 2020 4309 eo
2051 4255 2197 4325 quod
2231 4271 2361 4325 pro-

2464 4256 2519 4309 δὲ
2533 4255 2660 4320 δόξα
2675 4254 2866 4325 ἀνδρός
2892 4257 3058 4309 ἐστιν.
3101 4273 3120 4307 ι
3166 4255 3319 4309 Ἐπεὶ
3334 4252 3428 4310 οὖν
3475 4257 3538 4310 τὸ
3569 4256 3907 4327 ἐνδοξότερον
3940 4265 4054 4312 καὶ

804 4352 986 4422 prium
1012 4356 1174 4418 caput
1198 4348 1356 4412 velet,
1397 4348 1547 4400 illum
1579 4358 1762 4401 autem
1791 4356 2004 4415 reputet
2032 4348 2152 4415 ejus
2178 4357 2363 4416 caput,

2466 4346 2862 4417 ἐπισημότερον
2889 4347 2986 4416 τῆς
3015 4345 3110 4400 τοῦ
3142 4347 3333 4417 ἀνδρὸς
3371 4347 3592 4418 ἀρχῆςὴ
3617 4350 3750 4417 γυνή
3781 4350 3919 4408 ἐστι,
3947 4367 4055 4402 κε-

804 4451 860 4496 et
905 4443 956 4494 in
1000 4455 1123 4494 eum
1157 4439 1474 4493 omnimodo
1508 4447 1765 4508 tanquam
1810 4450 2006 4507 caput,
2041 4437 2361 4492 relationem

2467 4437 2812 4508 χρεώστηκεν
2861 4437 2961 4489 ὃσα
3005 4436 3259 4506 τιμῶσιν,
3311 4436 3387 4499 ὡς
3447 4437 3640 4508 ἀρχὴν,
3705 4438 3796 4489 τὸν
3856 4439 4053 4509 ἄνδρα

806 4527 1032 4582 habens.
1065 4528 1355 4596 ltnpudens
1380 4535 1527 4581 certe
1554 4535 1609 4582 et
1642 4527 1913 4596 ingratum
1945 4542 2085 4595 opus
2116 4536 2222 4594 est,
2255 4543 2361 4581 non
2396 4564 2438 4618 Β

2396 4564 2438 4618 D
2473 4530 2747 4599 πράττειν.
2781 4527 3016 4597 Πράττοι
3042 4527 3087 4579 δ’
3117 4527 3183 4579 ἂν
3210 4529 3409 4596 ἔχουσα
3440 4528 3540 4597 τὴν
3573 4528 3822 4593 ἐξουσίαν
3861 4531 4052 4583 αὑτοῦ

805 4633 1097 4691 agnoscere
1138 4619 1291 4673 illum
1325 4619 1658 4688 principium
1691 4628 1747 4673 et
1788 4634 2008 4672 causam
2051 4635 2166 4673 sua:
2216 4622 2362 4673 exsi-

2467 4623 2559 4673 ἐπὶ
2586 4620 2846 4689 κεφαλῆς,
2886 4621 2981 4672 καὶ
3024 4618 3374 4671 ἐπιδεικνῦσα
3417 4620 3518 4690 τὴν
3539 4621 3817 4689 ὑποταγὴν
3854 4623 3918 4674 ἐν
3960 4625 4055 4692 τῷ

807 4711 1020 4765 stentiae
1044 4749 1058 4773 ,
1094 4721 1148 4764 et
1188 4718 1247 4762 ut
1281 4711 1517 4779 principi
1549 4710 1813 4764 honorem
1851 4710 2124 4763 tribuere:
2157 4709 2202 4764 si
2234 4699 2395 4763 nihil-

2469 4711 2764 4763 καλύπτειν
2796 4709 2896 4778 μέν
2928 4708 3024 4778 τὴν
3062 4708 3195 4761 ίδίαν
3221 4725 3234 4738 ’
3261 4711 3466 4762 ἐκεῖνον
3501 4710 3557 4763 δέ
3589 4711 3830 4781 κεφαλὴν
3858 4715 4053 4782 αὐτῆς

811 4805 982 4869 aliud,
1017 4817 1139 4872 quae
1175 4802 1344 4855 multa
1377 4812 1534 4867 sunt,
1565 4804 1857 4871 recogitet,
1897 4803 1943 4856 si
1967 4804 2234 4857 detractet
2266 4804 2367 4857 viri
2468 4821 2470 4829 ·

2468 4801 2731 4871 νομίζειν,
2768 4803 2864 4854 καὶ
2898 4803 2977 4862 είς
3029 4802 3235 4853 ἐκεῖνον
3275 4801 3402 4870 ὃλην
3429 4800 3626 4871 ἑαυτὴν
3657 4801 3732 4864 ὡς
3759 4806 3840 4860 εἰς
3866 4821 4056 4872 ngas-

808 4896 862 4949 in
909 4910 969 4949 se
1011 4895 1334 4962 imperium,
1383 4902 1439 4948 et
1485 4909 1638 4948 suam
1678 4893 2089 4962 subjectionem.
2136 4895 2206 4948 At
2240 4909 2368 4950 vero

2467 4893 2564 4961 λὴν
2585 4893 2962 4963 ἀναφέρουσαν
3004 4890 3336 4944 ἀνατιθέναι.
3383 4892 3761 4962 ’Λναίσχυντον
3784 4895 3896 4964 γὰρ
3943 4902 4056 4950 καὶ

811 4985 1059 5054 angelos,
1081 4984 1258 5052 inquit
1280 5024 1296 5050 ,
1334 4993 1502 5038 testes
1530 4999 1643 5038 sua:
1675 4999 1708 5039 a
1730 4985 1850 5038 viro
1875 4984 2123 5053 originis,
2151 5001 2366 5054 aequum
2469 5015 2470 5024 ι

2469 4982 2779 5052 ἀχάριστον,
2815 4982 2889 5050 μὴ
2919 4982 3039 5050 οὐχὶ
3063 4981 3255 5034 τοῦτον
3279 4983 3454 5052 ἀρχὴν
3487 4985 3583 5035 καὶ
3615 4985 3907 5052 παραίτιον
3937 4988 4054 5056 τῆς

808 5086 893 5132 est
917 5085 976 5130 ut
1020 5085 1227 5129 metuat
1252 5089 1316 5128 ac
1345 5085 1680 5140 revereatur,
1720 5085 1776 5130 et
1816 5085 2036 5146 propter
2069 5077 2193 5132 illos
2223 5079 2368 5131 vela--

2469 5072 2754 5142 ὑπάρξεως
2787 5072 3006 5133 εἰδέναι,
3027 5073 3121 5123 καὶ
3143 5071 3242 5141 τὴν
3263 5073 3496 5142 ἀρχικήν
3518 5073 3683 5142 τιμὴν
3713 5073 4052 5140 ἀπονέμειν.

810 5175 1051 5221 mentum
1065 5165 1258 5234 capitis
1285 5176 1507 5236 gestare,
1523 5167 1575 5220 in
1607 5170 1820 5237 signum
1851 5182 1961 5222 sua:
1989 5169 2365 5238 subjectionis.

2469 5165 2530 5216 Εί
2563 5169 2668 5234 γὰρ
2710 5165 2804 5216 καὶ
2848 5164 3013 5233 μηδὲν
3057 5162 3264 5233 ἕτερον,
3308 5162 3516 5215 πολλῶν
3559 5163 3748 5227 ὄντων,
3778 5165 4059 5234 ὑπολογί-

813 5254 948 5308 Nam
978 5255 1081 5308 hoc
1112 5254 1392 5308 declarant
1437 5255 1576 5308 illa:
1622 5252 1920 5320 «Quocirca
1972 5254 2132 5309 debet
2175 5257 2369 5308 mulier
2471 5288 2472 5299 ι

2471 5256 2634 5321 ζοιτο,
2673 5255 2806 5326 μηδέ
2856 5272 3005 5317 τινας
3035 5255 3350 5324 ,ἀνθρώπων
3392 5255 3702 5324 αἰσχύνοιτο
3732 5254 3833 5324 τὴν
3855 5258 4058 5328 ἀρχὴν

814 5353 1142 5415 potestatem
1173 5345 1375 5398 habere
1408 5345 1463 5398 in
1496 5347 1675 5415 capite
1694 5386 1710 5412 ,
1734 5356 1954 5414 propter
1982 5345 2224 5414 angelos.
2251 5365 2270 5396 ι
2299 5347 2366 5401 At
2470 5376 2473 5397 .

2470 5351 2654 5413 αὑτοῦ,
2683 5349 2777 5400 καὶ
2803 5349 2864 5401 τὸ
2896 5347 3259 5417 ὑποτετάχθαι
3296 5348 3732 5418 παραιτουμένη·
3754 5348 3895 5402 ἀλλά
3911 5353 4061 5416 τοὺς

801 5453 920 5492 -ιιοη
962 5437 1188 5506 perinde
1229 5439 1314 5489 vir
1337 5437 1526 5492 eadem
1564 5439 1678 5506 lege
1711 5438 2065 5505 subiectionis
2110 5446 2364 5491 tenetur:

2469 5441 2598 5506 γοῦν
2628 5440 2914 5507 ἀγγέλους,
2947 5441 3132 5508 φησιν,
3162 5440 3212 5492 οἳ
3236 5438 3465 5491 ἐπόπται
3493 5440 3586 5492 καὶ
3624 5441 3898 5509 μάρτυρές
3933 5446 4060 5496 εἰσι

813 5541 919 5579 non
954 5536 1037 5581 est
1061 5540 1201 5596 opus
1233 5542 1360 5596 ergo
1395 5537 1456 5580 ut
1482 5538 1643 5597 caput
1673 5537 1834 5600 tegat.
1872 5528 1984 5582 lmo
2009 5542 2158 5595 vero,
2193 5531 2370 5600 inquit
2469 5553 2472 5565 ι

2469 5531 2568 5600 τῆς
2603 5532 2658 5597 ἐξ
2685 5531 2875 5602 ἀνδρὸς
2905 5531 3170 5598 γενέσεως
3199 5530 3368 5599 αὑτῆς
3411 5531 3505 5584 καὶ
3560 5532 3784 5600 προόδου
3804 5571 3820 5594 ,
3847 5532 4063 5587 δίκαια

811 5619 953 5688 quis,
986 5631 1084 5671 cur
1121 5617 1203 5671 vir
1224 5658 1238 5680 ,
1271 5619 1364 5687 qui
1399 5631 1560 5687 caput
1587 5635 1745 5672 suum
1776 5619 2052 5674 Christum
2096 5620 2288 5687 habet,
2317 5632 2371 5676 et

2471 5623 2538 5677 ἂν
2561 5626 2644 5693 εἴη
2675 5623 3037 5692 δυσωπεῖσθαι
3062 5626 3155 5676 καὶ
3203 5623 3551 5692 αἰσχύνεσθαι
3576 5661 3592 5685 ,
3625 5622 3956 5675 ὑπόκεισθαί
3993 5643 4062 5678 τε

811 5727 935 5764 cum
981 5710 1056 5764 sit
1101 5710 1220 5778 ejus
1269 5713 1611 5780 principatus
1666 5726 1788 5779 pars
1821 5712 2214 5780 gloriosissima
2267 5714 2371 5775 (est

2472 5714 2562 5768 διὰ
2594 5715 2754 5768 τοῦτο
2773 5714 2851 5784 τῷ
2874 5715 3049 5786 ἀνδρὶ,
3094 5715 3188 5768 καὶ
3219 5714 3320 5783 τῆς
3367 5714 3644 5782 ὑποταγῆς
3687 5713 3966 5782 σύμϐολα,
3995 5718 4066 5768 τὸ

809 5803 955 5856 enim
985 5801 1068 5855 vir
1108 5802 1286 5871 imago
1320 5813 1374 5857 et
1418 5803 1592 5872 gloria
1623 5801 1751 5866 Dei,
1801 5811 1858 5855 ut
1885 5812 1938 5857 et
1970 5803 2163 5857 mulier
2191 5803 2362 5874 ipsius

2473 5807 2566 5859 ἐπὶ
2591 5807 2688 5875 τῆς
2718 5806 2960 5875 κεφαλῆς
2993 5806 3253 5876 κάλυμμα
3299 5807 3502 5875 φέρειν.
3543 5805 3711 5858 Τοῦτο
3755 5805 3863 5872 γὰρ
3916 5807 4066 5878 ἐδή-
