4200 6444
162 426 265 488 ειε

998 420 1096 478 ΑΙ)
1133 418 1724 480 ΑΜΡΗιιοεΗιωι
1766 419 2111 501 ΟΗΑΞΒΤΙΟ
2142 408 2349 492 CVIII,
2376 418 2522 479 CIX.

3288 412 3393 481 διο

164 539 332 591 λωσεν
359 532 552 598 εἰπὼν,
580 546 601 585 ι
634 528 734 585 Διά
764 529 923 584 τοῦτο
951 530 985 600 ἡ
1033 530 1173 600 γυνὴ
1222 529 1427 599 ὀφείλει
1475 528 1726 596 έξουσίαν
1755 540 1797 597 Α
1823 543 1888 585 est

1836 530 1971 599 est),
2000 544 2107 585 non
2166 539 2221 585 et
2250 530 2369 599 ipse
2413 541 2575 584 suum
2622 539 2789 600 caput
2830 528 3003 600 tegit?
3039 526 3139 583 Cui
3164 541 3395 597 respon-

161 629 303 698 ἔχειν
335 627 429 678 επὶ
458 624 554 693 τῆς
585 622 845 693 κεφαλῆς,
868 621 958 675 διὰ
991 622 1117 684 τοὺς
1148 619 1435 690 ἀγγέλους.
1468 636 1488 671 s
1517 620 1576 675 ὀ
1593 619 1721 691 μέν⁸
1829 622 1888 676 de.

1836 621 2088 684 denduni,
2121 619 2267 689 quod
2305 620 2377 674 ob
2409 619 2514 675 hoc
2547 619 2727 689 ipsum
2774 620 3068 691 tegendum
3105 618 3186 674 illi
3232 627 3401 691 caput

163 738 245 774 τοι
290 735 353 783 γε
381 718 541 788 ἀνὴρ.
571 716 754 769 οὑκέτι
782 714 861 785 τῷ
890 713 1039 783 αύτῷ
1064 713 1168 785 τῆς
1201 712 1478 784 ὑποταγῆς
1501 713 1727 766 ὑπόκει-

163 826 256 863 ται
283 810 435 879 νόμῳ
459 823 474 837 ο
514 806 594 860 διὸ
645 806 767 859 οὑδὲ
799 805 988 876 χρείαν
1009 802 1513 879 έχειξιαλύπτεσθαι
1530 803 1630 873 τὴν
1643 818 1728 855 κε-

162 871 361 969 φαλήνί
374 871 552 962 ’Ᾰλλά,
587 896 716 961 Ναὶ,
749 871 937 966 φῆσὶν,
970 871 1112 947 εἴποι
1127 871 1196 949 δν
1226 909 1334 958 τις,
1358 893 1448 948 διὰ
1463 893 1518 947 τί
1540 871 1729 963 ὀάνὴρ

162 990 404 1060 κεφαλὴν
435 989 574 1059 έχων
599 988 692 1042 τδν
716 986 971 1058 Χριστὸν,
1000 987 1098 1039 καὶ
1127 984 1229 1056 τῆς
1268 987 1446 1057 ἀρχῆς
1473 984 1643 1041 αὑτυῦ
1667 984 1731 1039 τὸ

162 1083 499 1147 ἔνδοξότατον
527 1080 790 1149 ὑπάρχων
829 1076 1016 1149 (εἰκῶν
1038 1079 1148 1148 γάρ
1169 1080 1265 1132 καὶ
1288 1077 1416 1143 δόξα
1437 1076 1600 1144 Θεοῦ,
1627 1093 1733 1147 φη-

172 1174 276 1235 σὶν,
308 1172 497 1241 ῶσπερ
524 1171 619 1223 καὶ
640 1168 807 1222 αὑτοῦ
828 1168 1158 1239 χρηματίζει
1209 1170 1244 1240 ἡ
1270 1157 1468 1240 γυνὴ),
1488 1169 1621 1239 οὐχὶ.
1638 1168 1734 1222 καὶ

164 1264 327 1325 αὑτὸς
378 1259 785 1315 κατακαλύπτει
833 1258 935 1329 τῆν
981 1257 1260 1329 κεφαλήν;
1290 1259 1434 1329 Πρὸς
1482 1257 1543 1312 δν
1586 1258 1735 1312 εστιν

164 1349 360 1415 εἰπεῖν,
388 1351 471 1403 ὅτι
502 1348 573 1403 δι’
608 1349 741 1402 αὑτὸ
781 1346 881 1418 μιν
918 1347 1076 1400 τοῦτο
1134 1347 1336 1417 μᾶλλον
1382 1349 1483 1401 οὑκ
1533 1347 1737 1417 ὀφείλει

166 1440 633 1504 κατακαλύπτειν,
656 1439 741 1492 ἶνα
772 1437 867 1490 καὶ
892 1437 1053 1501 αὑτὸς
1074 1437 1132 1491 ιν
1150 1438 1227 1508 τῷ
1246 1437 1434 1509 ἄρχειν
1458 1438 1553 1492 καὶ
1583 1437 1736 1503 i500-

1832 725 1942 764 non
1974 718 2092 770 est.
2131 723 2190 763 ut
2224 710 2283 763 in
2317 707 2639 777 imperando
2664 717 2721 763 et
2762 718 3089 780 potestatem
3122 708 3397 769 habendo,

1832 814 1940 855 non
1969 799 2309 869 subiiciendo
2333 814 2394 854 se
2427 800 2575 868 aliis,
2610 814 2963 855 communem
2980 799 3277 855 Dominum
3302 814 3401 853 ex-

1833 892 2067 963 primere
2095 892 2450 959 ostendatur;
2490 903 2576 950 est
2613 894 2735 964 ejus
2764 895 3012 951 ostensio
3042 904 3209 966 caput
3236 904 3403 951 suum

1834 996 2083 1058 Opertutn
2112 988 2333 1043 habere.
2372 986 2527 1055 Quod
2551 987 2693 1043 Deus
2722 988 2953 1058 imperet
2984 998 3040 1045 et
3065 989 3402 1050 dominetur,

1839 1078 2061 1151 utquod
2094 1088 2260 1149 caput
2280 1079 2385 1133 viri
2422 1080 2515 1143 sit,
2542 1093 2651 1133 non
2688 1078 2794 1133 viri
2826 1079 3021 1145 solius,
3062 1077 3159 1133 sed
3198 1086 3252 1134 et
3279 1092 3404 1133 oma

1839 1168 1992 1224 nium
2021 1183 2202 1223 rerum
2231 1208 2247 1235 ,
2295 1183 2404 1222 non
2443 1177 2527 1223 est
2567 1170 2622 1221 in
2663 1168 2921 1238 ambiguo
2949 1168 3210 1238 positum.
3242 1168 3408 1235 Quo-

1840 1258 1985 1314 circa
2007 1298 2022 1323 ,
2057 1273 2159 1314 nec
2187 1274 2218 1313 a
2260 1258 2526 1329 symbolis
2558 1273 2697 1329 opus
2723 1268 2807 1314 est
2820 1236 3078 1314 inditam
3110 1258 3407 1328 subiectio-

1844 1366 1988 1413 nem,
2012 1364 2136 1404 cum
2166 1358 2474 1419 opponatur
2493 1351 2634 1418 apud
2656 1360 2850 1404 omnes
2874 1349 2929 1403 in
2956 1346 3208 1404 confesso
3237 1348 3408 1416 ipsius

1841 1450 2100 1511 potestas,
2158 1452 2211 1496 et
2266 1440 2570 1495 dominatio
2619 1440 2938 1511 principalis
2991 1454 3157 1510 super
3198 1438 3406 1494 omnia.

168 1532 398 1595 σιάξειν,
432 1530 568 1584 ἀλλὰ
602 1529 678 1601 μὴ
712 1530 887 1582 τελεῐν
910 1528 999 1597 ὑςῖ
1034 1529 1255 1601 έτέρους
1281 1530 1373 1583 τδν
1391 1530 1571 1584 κοινὸν
1595 1532 1740 1583 είκο-
1846 1534 1888 1586 Α

1846 1534 1962 1599 Ast,
2002 1531 2149 1602 quod
2198 1532 2394 1587 mulier
2422 1531 2616 1587 debeat
2641 1533 2760 1587 viro
2795 1533 3060 1602 supponi,
3087 1546 3198 1587 non
3224 1544 3308 1588 est
3338 1547 3408 1588 cx

166 1625 331 1688 νίζων
360 1622 635 1692 Δεσπότην
660 1620 873 1691 δειχθῇεο
894 1613 1066 1690 οὗπερ
1085 1619 1305 1685 ἔνδειξίς
1319 1624 1436 1675 εστι
1460 1620 1522 1675 τὸ
1554 1622 1740 1693 φέρειν
1844 1638 1888 1678 ε

1844 1636 2003 1693 aequo
2030 1621 2285 1676 omnibus
2306 1620 2541 1687 clarum,
2570 1622 2747 1692 ipsam
2775 1638 2908 1679 vero
2953 1623 3059 1678 hoc
3088 1622 3248 1679 lateri
3270 1633 3409 1694 opus

167 1714 479 1769 ἁκάλυπτον
526 1714 625 1783 τὴν
670 1712 936 1782 κεφαλήν.
965 1710 1087 1766 ὀτι
1136 1713 1235 1782 μιν
1269 1711 1379 1784 γὰρ
1410 1711 1566 1783 ἄρχει
1608 1712 1740 1775 Θεὸς
1844 1729 1888 1771 et

1844 1725 1947 1781 est,
1976 1722 2032 1769 et
2059 1728 2152 1784 per
2175 1712 2419 1786 symbola
2441 1712 2583 1767 idem
2614 1714 2913 1769 declarare.
2950 1714 3090 1770 Sunt
3110 1715 3255 1769 enim
3287 1724 3412 1785 qare

172 1806 269 1859 καὶ
302 1804 571 1877 κυριεύει,
599 1802 810 1875 κεφαλὴ
865 1803 1121 1874 πεφηνῶς
1150 1801 1244 1857 τοῦ
1277 1804 1494 1875 ἀνδρὸς,
1517 1804 1618 1858 οὑκ
1645 1805 1744 1857 αύ-
1846 1821 1888 1862 cI

1846 1821 1972 1862 cum
2012 1805 2169 1877 signa
2197 1820 2261 1860 ea
2302 1803 2697 1862 circumferant
2722 1847 2738 1872 ,
2766 1820 2798 1861 a
2827 1805 3017 1861 multis
3051 1807 3324 1874 resiliunt,
3358 1816 3415 1862 et

169 1897 267 1951 τού
299 1898 478 1968 μόνον,
502 1896 640 1950 ἀλλά
668 1896 765 1948 καὶ
808 1895 1164 1965 συμπάντων,
1196 1894 1374 1960 οὐδεὶς
1415 1895 1743 1966 ἀμφιϐολίας
1776 1898 1816 1952 Β
1844 1914 1888 1954 οι

1844 1898 2089 1954 ordinem
2136 1898 2455 1960 invertunt,
2501 1898 2643 1951 unde
2682 1897 2857 1953 turbae
2893 1906 2949 1951 et
2987 1902 3257 1953 tumultus
3301 1913 3413 1953 non

172 1989 350 2057 λόγος.
387 1988 586 2059 Διόπερ
634 1987 753 2040 οὑδι
812 1986 1098 2058 συμϐόλων
1141 1990 1225 2053 είς
1250 1987 1410 2043 τοῦτο
1435 1990 1743 2063 καθέστηκε

173 2082 357 2152 χρεία,
390 2081 489 2149 τὴν
531 2079 815 2148 ὑποταγὴν
862 2078 1480 2149 ενδεικνυμένωνοπισι
1525 2080 1633 2152 γὰρ
1682 2082 1743 2134 τὸ

174 2172 319 2225 κατά
364 2172 585 2223 πάντων
632 2170 798 2224 αὑτοῦ
836 2171 1054 2241 κράτος,
1103 2171 1197 2223 καὶ
1240 2171 1274 2240 ἡ
1314 2172 1619 2242 Δεσποτικὴ
1648 2175 1734 2226 ἀνὁ

174 2263 521 2333 ωμολόγηται
570 2265 847 2336 κυριότης.
914 2264 1037 2317 Ὅτι
1080 2264 1138 2317 δέ
1192 2266 1430 2332 γυναῖκα
1480 2264 1585 2317 ὑπὸ
1643 2264 1743 2335 τὴν

174 2355 425 2420 ἐξουσίαν
456 2356 540 2408 δεί
564 2355 819 2425 τετάχθαι
846 2355 939 2408 τοῦ
960 2354 1174 2424 ἀνδρὸς,
1198 2354 1321 2409 οὑτε
1354 2356 1517 2409 πᾶσιν
1539 2356 1741 2426 ὁμοίως

174 2447 432 2517 φανερὸν,
458 2446 628 2514 αὑτήν
647 2464 707 2499 τε
741 2447 940 2501 είδέναι
964 2446 1201 2517 μάλιστα
1224 2450 1489 2519 προσῆκει
1511 2448 1602 2501 καὶ
1621 2450 1741 2512 τοῖς

178 2536 470 2607 συμϐόλοις
503 2537 893 2593 ἐπιδεικνύναι.
929 2538 1108 2593 Ἔνιαι
1134 2539 1244 2610 γὰρ
1282 2538 1377 2592 καὶ
1394 2538 1464 2592 τὰ
1494 2537 1740 2608 σύμϐολα

177 2629 581 2701 περιφέρουσαι
628 2629 842 2684 πολλῶν
890 2646 951 2684 τε
986 2630 1487 2697 κατεξανίστανται,
1521 2632 1613 2685 καὶ
1641 2633 1740 2703 τὴν

1843 1989 2083 2062 privatas
2115 1989 2296 2045 solum
2325 1989 2491 2055 sedes,
2522 1989 2615 2043 sed
2657 1992 2825 2045 urbes
2850 1989 3195 2059 repleverunt
3227 1990 3414 2061 :quod

1845 2084 1952 2140 nisi
1991 2084 2066 2139 ita
2093 2092 2260 2146 esset,
2295 2092 2355 2138 ut
2375 2082 2769 2149 subiectionem
2810 2099 3030 2140 servare
3055 2085 3407 2155 iuberentur,

1843 2175 1975 2245 quid
2016 2189 2127 2229 non
2165 2168 2475 2229 accideret?
2541 2174 2806 2241 Quocirca
2850 2190 2974 2231 cum
3020 2176 3231 2230 ratione
3275 2190 3415 2231 con-

1836 2268 2086 2336 junctum
2114 2303 2128 2328 ,
2160 2275 2213 2320 et
2240 2282 2270 2319 e
2307 2265 2582 2320 communi
2614 2264 2842 2320 utilitate
2881 2264 3115 2330 Paulus,
3149 2280 3272 2319 cum
3308 2262 3413 2321 alia

1839 2357 1988 2413 dedit
2021 2358 2075 2411 in
2107 2358 2400 2423 mandatis,
2428 2365 2483 2411 et
2510 2356 2789 2426 sapientiae
2822 2357 3018 2427 plenis,
3052 2371 3159 2410 non
3193 2366 3409 2411 tantum

1841 2450 2098 2522 physicae,
2130 2449 2223 2505 sed
2251 2458 2306 2503 et
2333 2450 2569 2520 politice
2598 2450 2988 2521 entltytnemasi
3029 2449 3248 2504 delinita
3295 2451 3408 2504 cir-

1842 2540 2212 2611 cumscripsit,
2236 2540 2437 2610 quibus
2465 2540 2548 2593 vir
2580 2540 2843 2594 nudatum
2874 2546 3057 2611 caput,
3085 2539 3286 2595 mulier
3309 2554 3411 2593 au-

1845 2641 1953 2687 tem
1984 2632 2223 2687 velatum
2250 2632 2451 2687 habere
2477 2630 2723 2701 jubetur.

176 2722 391 2775 οικείαν
420 2720 573 2787 τάξιν
636 2721 962 2792 άμείϐουσαι
1010 2722 1257 2793 θορύϐων
1303 2724 1397 2776 καὶ
1446 2722 1687 2793 ταραχῆς
1722 2723 1785 2777 οὑ
1823 2726 1923 2789 τὰς
1985 2723 2164 2788 οίκίας
2221 2724 2401 2795 μόνον,
2450 2723 2586 2778 ἀλλά
2629 2724 2724 2777 καὶ
2770 2724 2955 2788 πόλεις
2983 2722 3327 2795 έπλήρωσαν.
3354 2714 3423 2776 Εί

179 2813 242 2866 δὲ
270 2813 347 2885 μὴ
374 2813 534 2867 τοῦτο
557 2808 647 2885 ἦν,
678 2815 773 2869 καὶ
817 2816 916 2884 τὴν
941 2815 1217 2886 ὑποταγὴν
1244 2815 1319 2887 μὴ
1342 2816 1751 2886 προσετέτακτο
1789 2816 2096 2886 φυλάττειν,
2126 2818 2179 2871 τί
2241 2816 2307 2871 ἂν
2341 2818 2580 2887 έγεγόνει
2608 2834 2621 2883 ;
2686 2818 2935 2885 Εὑλόγως
2974 2818 3082 2887 ἄρα
3102 2818 3195 2869 καὶ
3218 2815 3419 2887 βιωφε·

186 2905 297 2969 λῶς
326 2908 355 2960 ὀ
386 2905 657 2977 μακάριος
697 2903 1005 2975 Παῦλοςξτά
1050 2922 1111 2959 τε
1144 2905 1281 2961 ἀλλα
1318 2906 1629 2976 διωρίσατο,
1662 2905 1758 2959 καὶ
1795 2908 1979 2976 σοφοῖς
2004 2924 2065 2961 τε
2091 2908 2183 2961 xui
2208 2910 2477 2978 φυσικοῖς,
2509 2907 2643 2963 ἀλλά
2689 2908 2785 2962 καὶ
2849 2910 3144 2969 πολιτικοῖς
3175 2922 3415 2975 συγκατ-

183 3002 521 3057 εσκευάσατο
549 3000 945 3072 ἐνθυμήμασιν,
1015 3002 1091 3066 ῶς
1117 3001 1272 3073 ἀνδρὶ
1313 3001 1414 3072 μὲν
1441 3000 1751 3054 ἀκάλυπτον
1788 3000 1931 3073 έχειν
1987 3003 2083 3074 τὴν
2118 3002 2381 3075 κεφαλὴν,
2406 3006 2622 3072 γυναικὶ
2645 3003 2702 3057 δὲ
2729 3002 2849 3074 οὑχὶ
2904 3003 3124 3074 θεμιτὸν
3150 3003 3225 3073 μὴ
3246 3018 3419 3056 κατα-

183 3091 582 3147 καλύπτεσθαι.

731 3205 1064 3259 ΕΡΩΊἩΣῙΣ
1097 3205 1218 3259 PO'.

265 3292 332 3349 Τί
382 3292 557 3362 δηλοῖ
614 3293 679 3347 τὸ
700 3331 717 3358 ,
761 3312 779 3345 ι
828 3297 951 3348 Οὐκ
1002 3293 1081 3347 ἂν
1118 3293 1305 3415 όρῖῶς
1354 3294 1679 3363 προσενέτ-

796 3380 930 3415 uno.
957 3381 977 3415 s
1013 3381 1068 3415 κ.
1098 3380 1129 3415 τ
1163 3402 1180 3415 .
1233 3380 1249 3415 :

796 3380 930 3432 κῃς,
957 3381 977 3416 s
1013 3381 1068 3418 κ.
1098 3380 1129 3417 τ
1163 3380 1249 3429 ,Ας

1980 3202 2304 3273 QUESTIO
2336 3202 2450 3260 CIX
2478 3204 2664 3277 [CoisL
2710 3215 2761 3259 et
2799 3203 2969 3260 Taur.
3012 3202 3276 3277 CXXXI].

1858 3298 1998 3365 Quid
2028 3299 2128 3352 sibi
2161 3298 2268 3352 vult
2299 3298 2431 3351 illud
2456 3312 2474 3350 :
2512 3314 2532 3349 ι
2564 3298 2685 3351 Non
2712 3297 2762 3350 si
2793 3306 2929 3351 recte
2951 3296 3223 3362 obtuleris,
3262 3316 3281 3349 ι
3312 3306 3419 3352 etc.

191 3476 334 3525 Edita
365 3489 395 3525 a
419 3471 736 3532 Ioniacutio,
782 3486 864 3536 ep.
888 3471 999 3533 2H,
1026 3470 1091 3521 ad
1138 3472 1409 3533 Constat,
1447 3487 1495 3535 p.
1545 3471 1888 3582 509452613:

1836 3470 2088 3594 Ιἲιῖιειιειόο
2134 3472 2185 3521 in
2208 3468 2387 3519 Cenes.
2417 3482 2479 3531 tv,
2534 3469 2563 3519 7
2602 3469 2759 3532 (juxta
2801 3468 3268 3533 interpretationem
3300 3472 3424 3524 LXI

1860 3549 1889 3580 ll
1923 3567 1934 3580 .

262 3620 391 3683 Τοίς
443 3616 833 3689 φιλομαθοῦσιν
868 3617 1045 3687 έγωγε
1086 3618 1227 3689 (πῶς
1255 3618 1757 3687 ἀνεπιφθονῶτερον

194 3713 338 3764 εἴπω
359 3712 401 3780 ;)
429 3709 645 3781 χαρίεις
672 3709 810 3782 εἰμί.
844 3710 924 3763 Δι’
956 3709 986 3763 δ
1009 3709 1118 3764 τῶν
1142 3710 1508 3781 ἠπορημένων
1546 3726 1629 3763 σοι
1658 3708 1759 3778 τὴν

193 3803 375 3865 λύσιν,
405 3804 543 3871 μετά
572 3801 666 3855 τοῦ
695 3800 877 3875 ῥᾳδίου
900 3800 1164 3872 σύντομον
1186 3802 1457 3873 εὑρήσεις.
1483 3801 1557 3856 τὸ
1580 3802 1760 3856 τοίνυν

195 3893 334 3961 πρὸς
382 3892 472 3943 τὸν
529 3891 774 3961 ἀρχηγὸν
824 3889 925 3960 τῆς
977 3887 1394 3959 ἀδελφοκτονίας
1450 3890 1757 3961 εἰρημένον,

198 4000 217 4033 ι
241 3982 358 4036 υύκ
391 3980 458 4034 ἂν
485 3980 661 4051 ὀρθῶς
693 3980 1087 4051 προσενέγκῃς,
1130 3981 1307 4054 ὀρθῶς
1343 3980 1402 4037 δι
1442 3987 1517 4054 μὴ
1557 3981 1758 4054 διέλῃς,

192 4073 469 4141 ἥμαρτες,
498 4070 793 4142 ῆσύχασον,
830 4090 848 4123 ι
883 4070 1176 4142 διαφόρους
1211 4072 1320 4126 ίσθι
1351 4073 1647 4144 δυνάμενον
1675 4074 1761 4127 δέ·

196 4161 395 4226 ξασθαι
438 4162 537 4225 τὰς
591 4162 940 4228 ἀναπτύξεις.
983 4161 1043 4216 ’0
1100 4165 1202 4233 μιν
1235 4165 1346 4236 γὰρ
1381 4164 1762 4235 ἀποφαντικῶς

194 4254 330 4306 αὑτὸ
357 4252 608 4324 εἰρῆσθαι
632 4254 965 4325 ὑπειληφὼς,
1003 4255 1245 4309 τοιοῦτόν
1289 4272 1410 4309 τινα
1443 4256 1535 4309 τὸν
1583 4258 1643 4309 έν
1674 4257 1765 4311 αὑ-

194 4342 273 4412 τῷ
288 4342 580 4413 θεωρήσειε
610 4346 734 4399 νοῦν
751 4362 764 4377 ·
787 4348 901 4400 Οὐκ
924 4347 989 4401 ἂν
1012 4348 1189 4418 ὀρθῶς
1215 4348 1624 4420 προσενέγκοις.
1648 4349 1752 4402 δτι-

197 4450 309 4503 περ
340 4434 475 4503 μηδὲ
503 4434 699 4499 sum;
720 4434 917 4507 ὀρθῶς.
942 4437 1253 4492 Τουτέστιν.
1292 4436 1445 4492 Ἐπεὶ
1478 4440 1552 4509 μὴ
1571 4439 1764 4502 διεῐλες

196 4522 398 4594 ὀρθῶς,
424 4524 546 4578 οὐδέ
579 4529 952 4597 προσήνεγκες
978 4526 1176 4599 ὀρθῶς*
1214 4530 1248 4599 ἠ
1280 4528 1388 4600 γάρ
1426 4528 1561 4599 ὀρθὴ
1593 4544 1763 4600 προσ-

198 4613 377 4679 ένεξις
411 4614 511 4684 τῆς
533 4615 697 4686 ὀρθῆς
731 4616 929 4688 ᾕρηται
964 4625 1003 4649 ’⁸
1027 4618 1347 4688 διαιρέσεως
1383 4634 1399 4651 ⁸
1430 4619 1498 4674 δι’
1530 4619 1559 4673 ὀ
1582 4619 1763 4690 ῆμαρ-

196 4722 315 4769 τες,
354 4707 645 4778 ῆσύχασον.
681 4711 742 4763 Ei
795 4709 853 4764 δέ
895 4728 981 4774 τις
1016 4712 1117 4765 οὑκ
1157 4712 1616 4782 ἀποφαινόμενον,
1650 4710 1765 4765 ἀλλ’

196 4799 257 4846 ἐν
298 4794 452 4866 τύπῳ
472 4800 940 4869 προενηνεγμένον
974 4803 1291 4871 ἐρωτήσεως
1316 4798 1579 4868 τὸνλόγον
1607 4800 1766 4855 έκλά-

1934 3614 1990 3669 ln
2017 3629 2114 3670 eos
2151 3614 2243 3684 qni
2279 3612 2525 3669 discendi
2548 3622 2676 3669 sunt
2701 3614 2884 3685 cupidi
2911 3653 2928 3679 ,
2984 3615 3137 3672 valde
3178 3616 3269 3688 (ne
3290 3619 3424 3689 quid

1861 3705 2034 3777 magis
2074 3704 2402 3760 invidiosum
2446 3704 2644 3774 dicam)
2689 3714 2791 3776 ego
2837 3706 3111 3775 gratiosus
3153 3718 3206 3762 et
3241 3709 3310 3763 ab
3356 3709 3425 3765 iis

1859 3805 2114 3868 acceptus
2140 3812 2261 3853 sum
2308 3813 2322 3850 :
2368 3798 2624 3866 quocirca
2670 3800 3034 3868 quaestionum
3066 3815 3095 3855 α
3130 3809 3182 3855 te
3223 3816 3425 3872 propo-

1859 3891 2089 3945 sitarutn
2138 3888 2487 3953 solutionem,
2519 3896 2573 3943 et
2622 3887 2836 3951 facilem
2880 3899 2937 3947 et
2971 3892 3250 3946 concisam
3285 3896 3426 3948 τεοῖο

1860 3979 1995 4051 pies.
2027 3977 2184 4044 illud,
2211 3978 2279 4033 ad
2312 3992 2434 4034 eum
2461 3978 2556 4047 qui
2588 3979 2839 4048 princeps
2870 3977 3232 4035 fratricidium
3268 3980 3425 4035 inve-

1862 4070 1981 4136 nit,
2016 4068 2225 4125 dictum
2258 4086 2273 4123 :
2313 4066 2404 4122 «Si
2452 4076 2597 4122 recte
2629 4066 2916 4131 obtulerit,
2949 4084 3055 4123 non
3106 4078 3252 4124 recte
3288 4068 3428 4123 divi-

1863 4162 2022 4225 seris,
2058 4159 2314 4230 peccasti,
2338 4157 2562 4228 quiesce
2590 4176 2639 4212 τι
2672 4159 3028 4230 multiplices,
3062 4159 3221 4214 velim
3256 4161 3425 4227 scias,

1862 4252 2111 4307 admittet
2142 4251 2534 4320 expositiones.
2565 4248 2670 4316 Qui
2705 4250 2913 4305 dictum
2957 4262 3110 4321 putat
3139 4254 3421 4318 assertive,

1864 4344 2022 4398 talem
2043 4344 2366 4397 sententiam
2390 4342 2641 4395 latentem
2663 4342 2917 4396 estundet
2952 4359 2967 4395 :
2994 4341 3426 4413 Haudquaquam

1865 4444 2010 4491 recte
2036 4433 2232 4490 σηιξη-ο
2260 4441 2413 4502 potes
2434 4471 2449 4495 ,
2496 4432 2624 4501 quia
2671 4446 2780 4488 non
2822 4440 2969 4487 recte
3009 4431 3246 4487 divisisti
3276 4448 3291 4486 :
3324 4433 3431 4490 hoc

1863 4537 1949 4586 est
1977 4548 1990 4584 :
2024 4528 2162 4597 Quia
2195 4528 2377 4583 minus
2407 4537 2555 4583 recte
2582 4528 2845 4591 divisisti.
2869 4538 2924 4585 et
2953 4531 3136 4586 minus
3158 4537 3306 4587 recte
3330 4532 3429 4587 ob-

1866 4623 2035 4678 tulisti
2058 4664 2075 4686 ,
2103 4638 2226 4675 nam
2256 4629 2401 4675 recta
2435 4620 2642 4676 oblstio
2680 4622 2879 4691 pendet
2908 4636 2939 4676 a
2972 4633 3117 4677 recta
3161 4623 3427 4678 distribu.

1866 4715 2032 4776 tione,
2061 4713 2316 4783 quocirca
2348 4711 2581 4779 peccasti
2611 4719 2668 4766 et
2688 4710 2765 4767 sis
2788 4711 3031 4781 quietus.
3060 4710 3217 4778 Quod
3248 4714 3291 4766 si
3321 4729 3427 4767 inm

1866 4805 2130 4860 :tssertive
2165 4804 2393 4865 dictum,
2437 4810 2495 4855 at
2528 4800 2973 4871 interrogationis
3022 4801 3193 4857 forma
3243 4803 3425 4873 prola-

196 4886 284 4939 60:
342 4890 462 4955 (καὶ⁵
512 4888 621 4960 γάρ
656 4891 752 4942 καὶ
798 4889 955 4943 τοῦτο
1013 4890 1245 4961 μάλιστα
1278 4891 1554 4963 έγχωρεί),
1594 4889 1770 4945 τοιού·-
1802 4896 1888 4957 Di

1836 4904 1845 4945 l
1874 4911 1987 4957 tum
2017 4896 2145 4956 velit
2174 4899 2319 4969 (nam
2350 4908 2403 4953 et
2428 4896 2483 4952 id
2505 4896 2768 4966 videtur),
2800 4907 2915 4953 tum
2947 4898 3036 4954 ltic
3061 4914 3259 4954 sensus
3283 4900 3425 4953 erit:

193 4992 292 5029 τον
325 4978 547 5050 εὑρήσει
575 4979 667 5033 τὸν
700 4977 850 5033 νοῦν·
882 4980 1046 5051 υὺχὶ,
1079 4982 1236 5053 φησὶ,
1265 4979 1368 5034 κᾶν
1397 4980 1575 5049 ὀρθῶς
1596 4992 1764 5050 προσ.

192 5069 457 5140 ενέγκῃς,
482 5068 659 5140 ὀρθῶς
687 5070 745 5123 δέ
773 5070 922 5141 δμως
968 5071 1043 5142 μὴ
1076 5072 1284 5145 διέλῃς,
1314 5072 1599 5144 ῆμαρτεςς
1628 5067 1762 5139 οἷον,

198 5159 348 5227 ’Δρα
393 5160 502 5228 γὰρ
556 5158 693 5213 διότι
748 5158 925 5231 ὀρθῶς
952 5162 1354 5234 προσήνεγκας,
1387 5162 1564 5233 ὀρθῶς
1599 5163 1656 5216 δὲ
1686 5163 1762 5235 μὴ

192 5248 504 5313 διεῐλες,οὑ
546 5249 1067 5323 δοκεῐςιάμαρτεϊνς
1101 5252 1271 5306 Οὑδεν
1330 5258 1440 5324 γάρ
1489 5254 1618 5317 ίιως
1659 5270 1770 5307 κω-

193 5339 318 5394 λύει
362 5338 541 5411 ὀρθῶς
593 5342 693 5412 μέν
748 5347 1158 5413 προσενεγκεῐν,
1180 5346 1274 5398 τὸν
1323 5346 1399 5417 μὴ
1432 5346 1605 5416 ἑτέρῳ
1632 5347 1759 5408 τινὶ,

195 5430 351 5500 μόνῳ
380 5428 439 5483 δέ
472 5428 798 5495 θυσιάζοντα
826 5432 904 5503 τῷ
930 5434 1149 5487 πάντων
1169 5433 1323 5504 Θεῷ·
1350 5435 1428 5506 μὴ
1480 5435 1663 5503 μέντοι
1681 5432 1761 5486 διο

1861 4993 2071 5061 Nonnc,
2107 4992 2231 5047 licet
2260 4999 2407 5047 recte
2442 4989 2727 5055 obtuleris,
2748 4998 2805 5045 et
2828 5004 2936 5045 non
2976 4999 3123 5045 recte
3155 4990 3427 5053 diviseris,

1864 5084 2147 5158 peccasti?
2174 5098 2238 5139 ac
2266 5083 2313 5138 si
2342 5082 2549 5138 diceret
2578 5099 2593 5137 :
2623 5081 2705 5137 An
2748 5081 2917 5152 igitur
2935 5082 3067 5152 quia
3096 5090 3243 5136 recte
3263 5081 3429 5135 obtu-

1864 5177 1971 5233 iisti
1997 5215 2015 5243 ,
2062 5185 2207 5231 recte
2245 5184 2424 5229 autem
2454 5188 2565 5228 non
2594 5172 2870 5239 divisisti,
2904 5188 3012 5228 non
3050 5171 3429 5243 videris,pec-

1863 5267 2061 5325 casse?
2084 5264 2227 5321 Nihil
2256 5271 2400 5321 vetat
2429 5262 2581 5319 illum
2613 5273 2762 5319 recte
2791 5261 2990 5319 oll'erre
3020 5262 3149 5328 dici,
3198 5260 3290 5332 qui
3316 5261 3430 5317 Deo

1865 5359 1967 5416 soli
1992 5398 2009 5425 ,
2056 5358 2149 5429 qui
2186 5371 2348 5427 super
2372 5355 2555 5409 omnia
2590 5364 2675 5411 est
2700 5394 2716 5420 ,
2751 5353 3081 5411 sacriﬁcium
3111 5364 3165 5410 et
3190 5368 3299 5407 non
3333 5351 3429 5407 alii

1867 5450 2022 5506 oﬂ'ert
2048 5465 2064 5516 ;
2095 5458 2151 5503 at
2194 5462 2302 5503 non
2330 5448 2514 5503 statim
2543 5454 2692 5504 recte
2724 5446 2986 5513 dividere,
3014 5459 3140 5500 cum
3179 5457 3289 5499 non
3324 5442 3428 5499 ob-

1474 5570 1709 5628 νΑιιιΔς
1747 5567 2151 5627 ιιιιυτιυδίεδ.

266 5674 314 5706 Ι
338 5663 427 5719 lc.
456 5666 708 5740 ῆρτηται.

1709 5728 1933 5786 ΝΟΤΕ.

268 5832 352 5897 (Ι)
382 5829 651 5890 Eumdem
676 5841 885 5890 textum
939 5832 1164 5903 exponit
1195 5826 1420 5886 Pbotius
1472 5842 1658 5897 supra,
1692 5833 1883 5893 quast.
1918 5821 2006 5875 7|.
