4200 6444
793 423 896 487 ιιι

1936 411 2194 472 ΡῘῘΟΤΙῙ
2232 407 2736 470 ΡΛΤΒΙᾹΒΟΗΕ
2766 409 2876 468 CP.

797 543 974 591 servet
1003 531 1056 586 in
1087 527 1375 583 dividendo
1422 535 1808 596 congruentem
1857 525 2048 595 legem.
2097 524 2201 591 Qui
2237 523 2354 579 sine
2382 525 2429 582 A

2382 525 2429 582 Α
2461 519 2604 573 ελεῖν
2627 518 2824 590 ὀρθῶς,
2855 517 2946 573 τὸν
2977 515 3052 587 μὴ
3079 517 3352 588 τηροῦντα
3367 516 3458 570 τὸν
3479 515 3755 588 πρέποντα
3785 520 3851 589 τῇ
3885 520 4028 572 διαι-

796 621 1220 696 reprehensione
1251 621 1362 674 Deo
1402 619 1516 674 vult
1537 617 1767 682 servire,
1810 617 2063 688 inprimis
2093 627 2242 674 recte
2267 615 2354 671 di-

795 717 1016 777 videre,
1065 722 1120 767 et
1168 709 1423 765 similiter
1466 716 1614 764 recte
1667 707 1862 762 offerre
1893 707 2070 762 debet.
2120 705 2275 773 Quod
2308 705 2356 760 si

798 819 903 859 una
943 801 1168 872 periodo
1193 797 1550 853 concludatur
1595 795 1748 850 locus
1769 835 1786 860 ,
1834 795 2145 850 taliusmodi
2175 793 2358 863 snbja-

796 893 941 948 cebit
962 888 1339 960 speculationi.
1363 885 1518 953 Quod
1547 885 1720 953 silnon
1756 900 1917 940 unam
1941 895 1994 940 et
2022 885 2351 954 simplicem,

797 981 890 1035 sed
930 977 1094 1033 veluti
1149 991 1181 1030 e
1231 975 1455 1037 duabus,
1486 982 1818 1028 contractam
1853 971 2080 1042 figuram
2115 973 2203 1026 hic
2233 972 2358 1041 quis

797 1077 1094 1140 agnoscet,
1127 1074 1183 1121 et
1216 1065 1283 1120 ad
1319 1066 1465 1118 hunc
1501 1061 1722 1117 modum
1752 1061 2033 1132 periodum
2073 1060 2359 1116 absolven-

800 1172 930 1226 tem,
961 1169 1022 1213 ut
1064 1159 1261 1226 partim
1289 1156 1546 1225 elliptice,
1593 1155 1788 1222 partim
1819 1153 2059 1224 plenarie
2097 1154 2311 1208 dicatur
2341 1168 2358 1217 ;

807 1266 909 1308 nec
932 1251 1009 1306 ita
1042 1249 1126 1303 vis
1154 1246 1387 1303 infertur
1411 1246 1646 1306 veritati.
1677 1246 1752 1299 ita
1790 1261 1804 1298 :
1849 1242 1988 1310 Non,
2020 1245 2067 1299 si
2101 1259 2248 1299 recte
2271 1255 2358 1298 at-

799 1341 1010 1406 tuleris,
1038 1339 1254 1394 laudent
1295 1337 1671 1406 consequeris,
1719 1336 1822 1390 nisi
1865 1345 1919 1389 et
1956 1345 2103 1393 recte
2142 1349 2362 1405 quoque

797 1433 1049 1488 diviseris
1079 1448 1094 1486 :
1120 1445 1246 1485 nam
1279 1439 1339 1484 ut
1365 1431 1617 1500 pietatem
1649 1428 1790 1497 sapit
1827 1435 1973 1482 recte
2015 1427 2212 1482 oll‘erre
2236 1466 2253 1492 ,
2285 1427 2360 1480 ita

798 1537 909 1577 non
953 1529 1104 1576 recte
1153 1514 1395 1575 dividere
1439 1517 1732 1588 impietatis
1770 1525 1981 1571 reatum
2011 1516 2185 1570 atl'ert.
2235 1515 2361 1571 Haec

795 1622 882 1669 est
924 1612 1266 1670 constructio
1312 1611 1471 1665 istius
1519 1609 1687 1674 dicti,
1731 1610 1822 1663 hic
1864 1623 2058 1663 sensus
2100 1607 2228 1662 inde
2265 1607 2362 1661 eli-

797 1706 962 1762 citus.

869 1963 1068 2020 Verum
1094 1962 1327 2018 ulterius
1350 2002 1367 2028 ,
1401 1980 1421 2015 t
1464 1972 1607 2019 recte
1636 1963 1834 2019 oﬂerre
1861 1983 1881 2016 ι
1919 1979 2016 2034 per
2041 1980 2100 2020 se
2129 1965 2360 2022 manife-

799 2065 944 2112 stum
971 2063 1056 2111 est
1084 2072 1100 2121 ;
1136 2073 1154 2106 t
1179 2065 1322 2110 recte
1352 2053 1625 2112 dividere»
1659 2055 1863 2125 indiget
1887 2057 2161 2114 ulterioris
2185 2059 2359 2128 expli-

797 2146 1051 2201 cationis.
1093 2145 1190 2201 llle
1216 2145 1381 2216 igitur
1406 2155 1551 2201 recte
1568 2144 1782 2212 dividit,
1807 2147 1899 2216 qui
1923 2147 2063 2201 dona
2092 2163 2198 2201 non
2219 2161 2362 2217 quc-

797 2239 928 2294 libet
955 2237 1067 2294 Deo
1095 2247 1312 2301 sacrat,
1336 2237 1433 2294 sed
1461 2247 1607 2292 recto
1629 2236 1835 2306 judicio
1865 2237 1952 2291 illa
1981 2237 2244 2292 discernit
2297 2252 2360 2292 ac

795 2330 1026 2394 dividit,
1055 2336 1216 2398 atque
1249 2329 1325 2383 ita
1355 2328 1509 2400 longe
1552 2330 1758 2398 Optima
1800 2326 1978 2383 offert.
2025 2327 2170 2383 Fieri
2213 2328 2358 2382 enim

797 2435 906 2476 non
951 2428 1169 2491 potest,
1211 2419 1348 2490 quin
1393 2419 1636 2474 omnium
1670 2418 2114 2489 praestantissima
2156 2428 2208 2472 et
2233 2432 2358 2488 pre-

796 2511 1094 2566 tiosissima
1136 2511 1478 2580 productori,
1525 2509 1701 2564 datori
1755 2519 1809 2564 et
1841 2523 2021 2565 causae
2077 2509 2360 2564 universo-

800 2619 917 2656 rum
963 2600 1072 2656 Deo
1119 2601 1352 2655 debeant
1391 2600 1571 2656 oderri
1626 2612 1677 2656 et
1730 2600 1955 2656 sacrari.
2005 2599 2155 2656 Talis
2191 2599 2363 2656 fuisse

796 2695 1021 2748 docetur
1051 2693 1205 2756 Abel,
1231 2693 1412 2746 animo
1441 2707 1578 2761 puro
1607 2701 1663 2747 et
1705 2694 1921 2748 sincero
1945 2691 2117 2748 Deum
2148 2707 2358 2746 amans.

797 2783 1059 2839 Narratur
1084 2783 1151 2838 de
1181 2783 1292 2846 illo,
1321 2782 1464 2852 quod
1521 2801 1540 2833 ι
1572 2782 1638 2837 de
1702 2781 2074 2852 primogenitis
2123 2789 2178 2836 et
2238 2783 2363 2850 pin-

799 2875 1081 2947 guioribus
1108 2874 1436 2929 oblationem
1467 2873 1628 2940 tulit;
1664 2891 1682 2925 ι
1725 2875 1827 2929 hoc
1869 2882 1954 2928 est
1983 2890 1997 2928 :
2037 2873 2129 2928 illa
2155 2887 2277 2943 quae
2306 2871 2360 2926 in

799 2968 1135 3040 primogenia
1190 2965 1587 3036 productione,
1635 2975 1691 3020 et
1740 2965 1795 3018 in
1841 2978 1907 3019 eo
1951 2965 2102 3033 quod
2143 2964 2361 3033 pinguia

798 3071 955 3116 erant
986 3069 1039 3115 et
1061 3058 1230 3113 altilia
1261 3057 1475 3112 caeteris
1506 3055 1860 3125 praestabant,
1886 3056 2101 3110 obtulit.
2134 3053 2268 3109 Nam
2296 3054 2363 3109 de

2458 612 2605 680 ρέσει
2658 611 2881 681 θεσμόν.
2916 611 3007 662 Δεῖ
3059 610 3116 663 δὲ
3158 611 3249 662 τὸν
3299 611 3676 680 ἀνεπιμώμως
3715 615 3825 674 τοῖς
3857 611 4032 674 Θείοις

2457 702 2938 772 ύπηρετούμενον,
2971 701 3147 770 ὀρθῶς
3196 719 3256 755 τε
3326 702 3660 771 προδιελεῖν,
3717 705 3810 755 καὶ
3849 701 4031 774 ὀρθῶς

2456 795 2658 864 ὁμοίως
2683 796 3095 863 προσενεγκεῖν.
3143 794 3282 847 Ἀλλ’
3323 796 3372 846 εί
3413 794 3509 864 μὲν
3543 794 3684 846 κατά
3715 793 3840 863 μίαν
3865 794 4032 862 περί-

2456 883 2571 936 οδον
2605 884 2691 952 είη
2721 883 2782 936 τὸ
2811 884 3014 953 χωρίον
3043 869 3482 953 τεθεωρημένον,
3513 881 3792 945 τοιαύταις
3828 883 3896 935 ἂν
3921 885 4029 933 ὐπ-

2457 976 2641 1040 ἀγοιτο
2673 975 2952 1044 θεωρίαις.
3005 975 3070 1028 Εί
3094 974 3151 1026 δέ
3179 990 3263 1036 τις
3282 975 3382 1043 οὐχ
3401 974 3581 1044 ἁπλῆν
3603 977 3695 1027 καὶ
3727 974 3876 1043 μίαν,
3909 973 4032 1026 ἀλλ’

2458 1059 2567 1118 οἷον
2606 1067 2669 1118 ὲκ
2705 1065 2799 1119 δύο
2844 1064 3004 1118 τινῶν
3044 1064 3393 1135 βραχυτέρων
3449 1066 3834 1134 συγκειμένην,
3893 1068 4031 1118 ὐπο-

2460 1157 2610 1211 λάδοι
2648 1159 2708 1212 τὸ
2739 1157 2832 1212 τοῦ
2861 1158 3298 1227 ἀποφαινομένου
3340 1156 3527 1226 σχῆμα
3548 1200 3560 1217 ,
3594 1156 3688 1208 καὶ
3726 1156 3868 1209 οὕτω
3923 1175 4032 1225 φυ-

2460 1251 2760 1304 λάττουσαν
2792 1251 2894 1320 τὴν
2953 1249 3201 1321 περίοδον
3221 1289 3236 1310 ,
3258 1249 3354 1300 καὶ
3375 1248 3435 1299 τὸ
3467 1249 3565 1316 μὲν
3589 1246 3757 1314 αὐτῆς
3789 1247 3912 1300 κατ’
3937 1247 4027 1299 ελ-

2459 1340 2658 1409 λειψιν,
2703 1341 2764 1394 τὸ
2813 1340 2872 1392 δὲ
2917 1339 3220 1401 αὐτοτελῶς
3281 1336 3572 1406 εἰρῆσθαιο
3613 1339 3723 1391 οὐδ’
3760 1338 3904 1390 οὕτω
3966 1340 4032 1406 τῇ

2461 1429 2623 1498 φύσει
2653 1429 2754 1498 τῆς
2787 1428 3046 1500 ἀληθείας
3077 1428 3396 1497 λυμανεῖται
3422 1443 3435 1457 ·
3471 1421 3615 1478 οἷον·
3655 1427 3790 1496 Οὐχὶ
3821 1428 3890 1479 ἂν
3941 1428 4033 1493 ὀρ-

2460 1521 2568 1583 θῶς
2606 1522 2703 1591 μὲν
2741 1520 3115 1592 προσενέγκῃς
3147 1519 3534 1586 εὐδοκιμήσας,
3574 1517 3640 1572 ἂν
3671 1519 3729 1571 δὲ
3751 1519 3826 1588 μὴ
3853 1517 4032 1586 ὀρθῶς

2460 1615 2658 1688 διέλῃς,
2680 1616 2948 1687 ἥμαρτες.
2981 1615 3094 1669 Καὶ
3116 1616 3225 1683 γὰρ
3251 1613 3440 1682 ῶσπερ
3462 1614 3522 1666 τὸ
3542 1612 3714 1683 ὀρθῶς
3736 1628 4036 1684 προσενεγ-

2465 1708 2578 1758 κεῖν
2628 1707 2870 1771 εὐσεϐὲς,
2931 1705 3077 1760 οὕτω
3131 1704 3194 1759 τὸ
3226 1705 3304 1776 μὴ
3325 1706 3502 1777 ὀρθῶς
3550 1707 3743 1761 διελεῖν
3771 1708 4034 1770 ἀσεϐείας

2463 1798 2784 1852 ὑπεύθυνον.
2819 1798 2930 1853 Καὶ
2952 1800 2981 1852 ὀ
3007 1798 3107 1868 μὶν
3134 1797 3234 1868 τῆς
3264 1799 3361 1853 τοῦ
3396 1798 3564 1871 ῥητοῦ
3611 1801 3916 1865 συντάξεως
3942 1801 4035 1854 M-

2391 1877 2434 1932 Β
2462 1905 2575 1956 γος,
2591 1889 2684 1943 καὶ
2705 1893 2738 1959 ἡ
2751 1889 2847 1943 ἀπ’
2872 1888 3043 1958 αὐτῆς
3059 1889 3463 1962 ἀναφαινομινη
3475 1890 3703 1955 διάνοια,
3720 1893 3778 1945 εν
3790 1891 4032 1956 τούτοις.

2547 1978 2707 2032 Ἀλλά
2736 1978 2846 2050 γὰρ
2889 1981 2951 2031 τὸ
2997 1979 3119 2049 μὲν,
3172 1982 3560 2049 προσενεγκεῖν
3600 1981 3796 2054 ὀρθῶς,
3860 1983 4025 2036 αὐτό·

2465 2066 2555 2120 θεν
2608 2065 2886 2134 δῆλονοτδ
2932 2066 3012 2132 δὲ,
3072 2067 3148 2138 μὴ
3199 2067 3398 2121 διελεῖν
3442 2067 3644 2133 ὀρθῶς,
3705 2069 3837 2134 ῖσως
3862 2072 4035 2126 δεῖται

2466 2157 2780 2226 σαφηνείας.
2817 2157 3054 2220 Ἐκεῖνος
3088 2159 3376 2227 τοιγαροῦν
3420 2158 3600 2229 ὀρθῶς
3641 2159 3863 2230 διαιρεῖ,
3891 2164 3926 2216 ὀ
3957 2165 4036 2234 μὴ

2463 2251 2533 2301 τὰ
2558 2250 2790 2316 τυχόντα
2857 2249 3006 2319 δῶρα
3035 2249 3216 2320 φέρων
3239 2249 3378 2320 Θεῷ,
3404 2251 3520 2304 ἀλλ’
3536 2251 3670 2323 ὀρθῇ
3688 2253 3870 2324 κρίσει
3892 2253 4037 2307 διαε-

2469 2341 2729 2411 ρούμενός
2754 2356 2813 2393 τε
2841 2341 2937 2393 καὶ
2963 2339 3277 2411 διακρίνων,
3303 2342 3398 2395 καὶ
3419 2341 3902 2414 δωροφορούμενος
3948 2346 4040 2396 αύ-

2466 2427 2543 2498 τῷ
2586 2430 2654 2481 τὰ
2697 2428 2876 2499 πολλῷ
2906 2428 3015 2480 τῶν
3059 2427 3235 2483 ἄλλων
3298 2429 3728 2502 προφερέστερα.
3767 2431 3894 2495 ιιῶς
3925 2432 4039 2502 γὰρ

2469 2521 2593 2589 οὐχὶ
2638 2520 2707 2572 τὰ
2761 2518 2981 2573 πάντων
3037 2520 3096 2572 ιν
3138 2520 3384 2592 ὑπεροχῇ
3414 2521 3845 2594 τιμιώτερα,τῷ
3875 2541 4040 2593 γενε-

2469 2609 2708 2679 σιουργῷ
2761 2610 2857 2663 καὶ
2906 2607 3093 2678 δοτῆρι
3139 2609 3235 2662 καὶ
3283 2610 3502 2663 πάντων
3525 2611 3682 2681 αίτίῳ
3712 2612 3821 2665 τῶν
3851 2612 4040 2666 καλῶν

2467 2699 2608 2768 Θεῷ,
2641 2700 2716 2769 μὴ
2757 2698 3032 2769 προσῆκεν
3070 2697 3310 2768 ἐξαίρειν
3345 2701 3440 2752 καὶ
3475 2700 3808 2770 ίεροθυτεῖνς
3841 2701 4042 2754 Τοιού-

2467 2806 2556 2850 τος
2585 2787 2854 2841 δέδεικται
2877 2787 2970 2839 καὶ
2994 2785 3182 2848 Ἅϐελ,
3209 2787 3552 2858 εὐγνομονῶν
3596 2804 3660 2842 τε
3676 2790 3849 2843 καὶτὸ
3876 2790 4044 2844 Θεῖον

2468 2875 2723 2946 καθαρῶς
2753 2875 2959 2946 φιλῶν⁹
2987 2874 3218 2942 καὶγὰρ
3279 2873 3496 2946 εἴρηται
3543 2877 3673 2946 περὶ
3719 2875 3908 2940 αὑτοῦ,
3964 2879 4044 2942 ὡς

2474 2987 2493 3021 t
2543 2971 2677 3023 Ἀπὸ
2701 2969 2810 3022 τῶν
2837 2971 3194 3038 πρωτοτόκων
3219 2969 3313 3022 καὶ
3335 2967 3443 3020 ἀπὸ
3465 2967 3571 3021 τῶν
3599 2969 3839 3022 πεάτων
3862 2987 4046 3040 προσ-

2468 3062 2734 3131 ήνεγκενο
2765 3077 2784 3110 ι
2819 3059 3122 3123 τουτέστιν,
3152 3058 3188 3113 ἂ
3211 3058 3322 3112 τῶν
3359 3057 3536 3113 ἀλλων
3578 3058 3636 3112 ιν
3677 3075 3737 3113 τε
3764 3059 3845 3130 τῷ
3877 3079 4045 3132 πρω-

800 3151 1143 3216 omentosis,
1174 3149 1312 3204 bene
1353 3148 1526 3219 pastis
1567 3158 1622 3202 et
1663 3145 2044 3218 pinguefactis,
2089 3157 2145 3203 et
2193 3147 2362 3202 multa

2475 3151 2674 3203 τότοκα
2698 3145 2860 3215 εἶναι,
2883 3150 2979 3202 καὶ⁵
2995 3149 3052 3201 ιν
3075 3149 3173 3222 τῷ,
3196 3149 3270 3212 ῶς
3287 3147 3354 3202 ἂν
3375 3149 3517 3201 εῖποι
3539 3164 3646 3214 τις,
3666 3149 4047 3206 ιστεατῶσθαι

803 3245 1088 3300 sedulitate
1116 3251 1306 3297 curata
1332 3255 1454 3312 quae
1476 3238 1712 3314 fuerant,
1746 3238 2030 3294 selectiora
2065 3247 2120 3291 et
2157 3237 2365 3306 optima
2392 3222 2435 3281 C

2392 3222 2435 3281 ο
2467 3243 2562 3294 καὶ
2600 3237 3065 3293 καταλελιπάνθαι
3095 3238 3333 3309 διέφερε,
3377 3237 3553 3292 ταῦτα
3600 3239 3932 3312 προσέφερε.
3970 3243 4044 3296 Τὸ

803 3337 967 3390 dedit.
1015 3333 1253 3403 Uterque
1287 3330 1456 3386 frater
1487 3331 1728 3386 studium
1756 3329 1812 3384 in
1843 3327 2119 3384 offerendo
2152 3343 2250 3398 par
2270 3327 2370 3382 ba.

2467 3332 2575 3402 γὰρ
2604 3330 2712 3386 ἀπὸ
2740 3329 2847 3384 τῶν
2871 3329 3132 3396 στεατων,
3162 3330 3271 3382 τῶν
3308 3329 3595 3399 εύτραφῶν
3627 3332 3720 3384 καὶ
3762 3333 4043 3387 ιστεατω-

803 3421 958 3476 buit:
989 3427 1045 3473 at
1087 3418 1356 3473 dividendi
1414 3427 1469 3473 et
1513 3418 1743 3488 eligendi
1789 3418 2027 3487 optima,
2088 3432 2198 3470 non
2250 3427 2370 3473 erat

2471 3424 2646 3495 μένων
2665 3421 3040 3495 φησὶμχαὶπῇ
3065 3420 3235 3492 πολλῇ
3257 3421 3542 3493 ἐπιμελείᾳ
3559 3422 3958 3493 παρεχομένων
3982 3426 4047 3478 τὸ

805 3526 900 3582 par
925 3527 940 3578 ;
968 3509 1061 3567 sed
1093 3508 1247 3577 Abel,
1279 3520 1337 3563 ut
1368 3518 1513 3564 recte
1544 3507 1758 3573 obtulit,
1793 3509 1862 3562 ita
1892 3517 1946 3562 et
1976 3517 2123 3562 recte
2150 3507 2368 3564 divisit:

804 3600 936 3656 Cain
991 3599 1077 3654 vel
1109 3609 1214 3654 non
1245 3604 1396 3654 recte
1425 3596 1657 3663 obtulit,
1689 3596 1816 3666 quia
1844 3609 1952 3650 nou
1981 3603 2126 3652 recte
2158 3595 2367 3662 divisit,

805 3691 888 3748 vel
932 3692 979 3746 si
1028 3690 1187 3746 detur
1229 3706 1354 3746 eum
1401 3700 1551 3746 recte
1583 3689 1882 3755 obtulisse,
1919 3700 2097 3744 tamen
2145 3690 2201 3745 in
2232 3691 2368 3755 ele-

808 3788 986 3840 ctione
1031 3792 1087 3839 et
1135 3785 1481 3853 separatione
1509 3783 1743 3838 multum
1799 3780 2035 3847 defecit;
2082 3797 2206 3836 nam
2256 3796 2367 3836 non

805 3873 1154 3944 praestantia,
1224 3875 1318 3928 sed
1373 3874 1689 3943 imperfecta
1741 3872 1957 3927 obtulit.
2029 3869 2087 3926 Id
2142 3880 2368 3941 apparet

805 3966 950 4036 quod
998 3969 1051 4020 ιιι
1080 3983 1099 4017 ι
1134 3966 1255 4035 ejus
1296 3963 1566 4020 sacrificia
1598 3962 1737 4018 Deus
1768 3977 1878 4017 non
1909 3962 2167 4032 respexit,
2211 3980 2233 4014 ι
2265 3975 2367 4017 nec

805 4061 1066 4115 divinitus
1121 4061 1243 4131 igne
1276 4059 1544 4121 immisso,
1593 4066 1653 4111 ut
1697 4057 1881 4111 Abelis
1914 4056 2215 4127 assumpsit
2243 4072 2259 4110 :
2291 4055 2367 4111 ita

805 4156 952 4208 enim
991 4152 1225 4223 produnt
1272 4151 1496 4212 factum,
1547 4159 1601 4204 et
1652 4148 1780 4203 inde
1811 4151 2123 4203 convictum
2151 4149 2219 4204 de
2255 4163 2366 4203 non

808 4252 954 4299 recte
984 4241 1127 4297 facta
1155 4240 1439 4296 divisione.
1470 4239 1648 4307 Atque
1676 4238 1752 4292 ita
1782 4252 1841 4292 se
1881 4237 2062 4299 habet,
2098 4256 2118 4290 ε
2153 4235 2364 4302 Nonne,

808 4335 852 4387 si
879 4341 1021 4387 recte
1051 4329 1336 4392 obtuleris,
1362 4343 1469 4381 non
1497 4336 1551 4380 et
1579 4333 1725 4381 recte
1745 4324 2014 4389 diviseris,
2037 4325 2312 4394 peccasti?
2340 4342 2360 4376 ›

807 4421 962 4489 Quod
1028 4422 1272 4489 sequitur
1303 4435 1318 4472 :
1346 4417 1584 4483 Quiesce,
1617 4416 1773 4485 quasi
1805 4415 2008 4470 diceret
2038 4414 2106 4468 ad
2133 4428 2363 4484 peccan-

810 4527 939 4578 tetn,
968 4510 1057 4567 Sis
1089 4511 1232 4581 apud
1266 4520 1316 4562 te
1350 4509 1526 4562 solum
1556 4507 1796 4576 quietus,
1839 4513 1892 4558 et
1919 4505 2208 4575 diligenter
2233 4519 2362 4560 con-

2469 3513 2810 3585 ὶξῃρημένον
2847 3512 2940 3566 καὶ
2980 3513 3222 3583 ἄριστον.
3273 3511 3436 3566 Ἀλλά
3470 3510 3566 3566 τοῦ
3599 3513 3696 3583 μὶν
3729 3530 4043 3584 προσενεγ-

2469 3609 2609 3670 κεῖν,
2632 3606 2834 3675 ἀμφοῖν
2862 3603 3108 3672 εγεγόνει
3145 3604 3181 3674 ἡ
3209 3601 3428 3673 φροντίς
3450 3618 3464 3633 ·
3491 3603 3586 3656 τοῦ
3630 3603 3689 3656 δι
3709 3603 3904 3658 διελεῖν
3945 3607 4050 3659 καὶ

2469 3694 2795 3760 ἐκλέξασθαι
2827 3695 2898 3748 τά
2933 3694 3163 3766 ἀμείνω,
3198 3693 3383 3748 οὐκέτι
3408 3693 3607 3764 ὁμοίως
3647 3697 3879 3764 ἀμφοῖν·
3916 3697 4046 3751 ἀλλ’

2466 3788 2496 3838 ὀ
2526 3786 2624 3856 μιν
2667 3783 2855 3848 Ἅϐελ,
2879 3783 3068 3855 ῶσπερ
3098 3783 3291 3836 διεῖλεν
3330 3783 3528 3852 ὀρθῶς,
3561 3783 3702 3837 οὕτω
3744 3785 3837 3838 καὶ
3862 3802 4045 3856 προσ.

2468 3879 2720 3946 ενήνοχεν
2739 3892 2755 3910 ο
2783 3879 2813 3930 ὀ
2833 3876 2894 3930 δι
2927 3875 3146 3944 Κάῖν,ἢ
3176 3875 3297 3928 οὐδε
3326 3876 3702 3945 προσήνεγκεν
3720 3877 3923 3947 ὀρθῶς,
3959 3880 4044 3933 ὅτι

2469 3967 2608 4038 μηδὲ
2637 3967 2828 4021 διεῖλεν
2847 3983 2863 4000 ο
2913 3966 2947 4036 ἢ
2977 3966 3025 4019 εί
3048 3966 3140 4018 καὶ
3166 3964 3283 4035 δοίη
3307 3982 3389 4030 τις
3414 3965 3591 4036 ὀρθῶς
3620 3974 4042 4036 προσενεγκεῖν,

2465 4058 2601 4112 ἀλλά
2640 4058 2766 4129 περί
2803 4073 2869 4127 γε
2909 4055 3010 4128 τὴν
3057 4056 3328 4128 ιξαίρεσιν
3371 4057 3466 4111 καὶ
3495 4057 3721 4127 ἐκλογὴν
3779 4059 4044 4114 πλεῖστον

2466 4151 2590 4204 ὅσον
2642 4149 2981 4221 διήμαρτενο
3009 4147 3134 4202 οὐδὲ
3176 4147 3284 4219 γάρ
3332 4150 3404 4202 τὰ
3455 4149 3802 4218 κρείσσω,τά
3847 4151 3911 4204 δὲ
3964 4160 4043 4223 μὴ

2464 4239 2714 4302 τοιαῦτα,
2767 4239 3134 4312 προσήνεγκε.
3179 4239 3289 4293 Καὶ
3342 4237 3504 4308 δῆλον
3553 4240 3613 4305 ιε
3639 4234 3714 4294 ῶν
3755 4258 3816 4294 τε
3842 4259 3862 4294 ε
3894 4243 4043 4308 Θεὸς

2465 4334 2584 4394 ταῖς
2608 4330 2771 4384 αὐτοῦ
2803 4330 3018 4394 θυσίαις
3067 4331 3144 4400 μὴ
3160 4329 3449 4399 ἑπέδλεψε,
3481 4348 3500 4381 ι
3543 4331 3679 4402 μηδι
3717 4333 3850 4403 πυρὶ
3870 4332 4040 4405 θείῳ,

2465 4421 2654 4491 ῶσπερ
2687 4423 2755 4474 τά
2788 4421 2885 4475 τοῦ
2917 4419 3085 4473 ’Δδελ
3114 4419 3474 4474 ὡλοκαύτωσε
3495 4437 3513 4454 ο
3544 4422 3702 4476 τοῦτο
3744 4424 3852 4494 γάρ
3881 4441 4042 4489 τινες

2465 4511 2819 4573 ἐκδεδώκασι,
2851 4509 2944 4564 καὶ
2989 4508 3050 4574 ιξ
3104 4502 3181 4563 ὧν
3233 4509 3326 4562 τὸν
3352 4509 3570 4580 ἔλεγχον
3598 4511 3700 4580 τῆς
3733 4514 3831 4566 οὐκ
3858 4512 4041 4583 ὀρθῆς

810 4607 986 4662 sidera
1043 4601 1432 4658 absurditatem
1468 4599 1596 4653 facti
1631 4599 1708 4652 tui
1753 4607 1806 4651 et
1850 4613 1944 4667 per
1989 4597 2357 4667 paenitentiam
2398 4597 2469 4651 "l

2398 4597 2436 4622 ¹¹
2464 4602 2688 4655 ἀπέτισε
2727 4599 3064 4673 διαιρέσεως.
3111 4600 3269 4654 usus
3306 4599 3368 4652 τὸ
3393 4601 3515 4669 μὲν,
3551 4619 3570 4653 ε
3605 4603 3718 4654 Οὐκ
3752 4602 3820 4656 ἂν
3847 4603 4039 4674 ὀρθῶς

809 4703 1027 4767 peccato
1074 4695 1290 4749 veniam
1342 4690 1586 4760 acquire.
1651 4691 1754 4744 Per
1783 4690 2016 4759 quietem
2063 4700 2117 4743 et
2149 4691 2367 4745 sedatas

809 4788 1093 4857 passiones
1155 4782 1374 4837 facilius
1408 4781 1460 4834 id
1490 4791 1545 4834 et
1577 4779 1911 4834 discernitur
1963 4789 2017 4832 et
2063 4778 2365 4846 iudicatur,

809 4877 954 4946 quod
1009 4873 1437 4945 praetermissum
1475 4869 1595 4924 fuit.
1627 4869 1731 4924 Sed
1792 4879 1845 4922 et
1870 4870 2009 4923 forte
2031 4871 2250 4924 volebat
2276 4885 2364 4925 re-

808 4968 1042 5038 primere
1071 4965 1218 5020 illius
1239 4963 1526 5032 impetum,
1556 4977 1664 5031 quo
1698 4961 1786 5014 ille
1815 4961 2014 5015 misere
2053 4960 2326 5016 ferebatur
2351 4979 2364 5016 :

815 5076 832 5109 ι
855 5054 1118 5115 Peccasti,
1152 5051 1346 5122 inquit,
1399 5051 1617 5120 quiesce
1652 5069 1665 5103 :
1707 5069 1726 5101 ι
1789 5065 1856 5104 ne
1895 5049 2174 5117 iniustitiae
2199 5064 2364 5104 accu-

809 5149 983 5203 mnles
1007 5146 1165 5200 aliam
1196 5163 1208 5197 :
1243 5143 1510 5197 insaniam
1539 5142 1590 5194 in
1616 5156 1702 5195 me
1733 5151 1878 5195 tuam
1904 5140 2363 5207 circnmscribito,

809 5258 838 5296 a
865 5241 1100 5294 fraterno
1127 5236 1392 5306 sanguine
1424 5244 1478 5288 et
1533 5248 1726 5288 manus
1768 5242 1822 5288 et
1883 5246 2118 5288 mentem
2167 5236 2365 5290 immu-

809 5346 905 5386 nes
939 5338 1152 5399 praesta.
1188 5327 1254 5380 At
1287 5325 1417 5380 illud
1453 5343 1465 5378 :
1505 5343 1523 5376 ι
1560 5325 1639 5378 Ad
1679 5333 1728 5379 te
1770 5325 1874 5378 erit
1905 5327 2191 5381 conversio
2221 5327 2360 5396 ejus,

807 5429 861 5476 et
900 5430 955 5473 tu
1008 5418 1085 5472 illi
1111 5414 1497 5476 dominaberis,
1540 5432 1558 5464 ι
1599 5413 1683 5468 vel
1722 5413 1789 5466 de
1821 5413 1999 5467 oblato
2044 5429 2268 5469 munere
2291 5415 2366 5468 di-

809 5511 970 5573 citur,
1001 5507 1156 5577 quasi
1184 5505 1365 5566 vellet,
1397 5503 1677 5570 Indignum
1720 5513 1825 5565 est,
1878 5503 2018 5571 quod
2067 5518 2167 5571 ego
2216 5518 2370 5557 acce-

810 5612 978 5672 ptem,
1033 5599 1290 5668 quocirca
1326 5611 1578 5650 aversum
1607 5604 1688 5648 est
1718 5595 1782 5647 ad
1821 5604 1892 5653 te.
1923 5605 1978 5647 et
2011 5605 2064 5647 tu
2098 5595 2242 5648 illius
2273 5595 2371 5648 do-

813 5695 994 5748 minus
1047 5691 1339 5746 etiamnum
1393 5689 1525 5752 eris,
1565 5695 1623 5739 ut
1654 5685 1826 5747 fuisti,
1858 5684 2172 5752 priusquam
2205 5685 2366 5740 offer-

809 5794 1004 5840 retur:
1064 5783 1166 5846 vel,
1213 5795 1320 5834 non
1369 5779 1513 5848 quod
1567 5779 1933 5844 offerebatur,
1994 5779 2086 5832 sed
2152 5778 2206 5831 in
2261 5793 2368 5848 quo

2464 4691 2856 4761 προσενέγκῃς,
2883 4689 3058 4760 ὀρθῶς
3079 4690 3137 4742 δι
3164 4689 3239 4759 μὴ
3265 4688 3465 4761 διέλῃς,
3487 4690 3761 4761 ἦμαρτεςς
3796 4710 3814 4742 ι
3845 4694 4044 4747 toto?»

2461 4800 2574 4837 τον.
2621 4785 2695 4836 Τδ
2720 4785 2796 4848 δὲ,
2838 4783 3201 4851 Ἠσύχασον,
3243 4783 3329 4835 ἵνα
3360 4783 3521 4854 εῖπῃς
3550 4783 3683 4852 πρὸς
3711 4784 4038 4853 ἡμαρτηκὰ

2463 4891 2550 4939 τα,
2593 4875 2900 4944 Ἦρίμησον
2930 4871 3072 4925 κατὰ
3098 4871 3344 4932 σεαυτὸν,
3375 4873 3470 4925 καὶ
3485 4871 3848 4949 διασκόπησον
3873 4874 4044 4944 ἀκριο

2466 4967 2575 5029 ϐῶς
2609 4965 2703 5019 τοῦ
2757 4964 3146 5034 πεπραγμένου
3183 4963 3245 5014 τὸ
3293 4962 3513 5025 ἄτοπον,
3540 4963 3633 5015 καὶ
3684 4964 3950 5034 μετανοίᾳ.
3979 4968 4042 5018 τὺ

2474 5057 2791 5128 ἀμαρτηθὲν
2829 5056 3132 5120 ὲξιλέωσαι.
3174 5054 3260 5106 Ἐν
3296 5054 3496 5124 ἡσυχίᾳ
3536 5055 3645 5123 γάρ
3672 5053 3762 5106 καὶ
3795 5053 3873 5122 τῷ
3898 5057 4041 5108 ἀτα-

2477 5148 2626 5218 ράχῳ
2681 5145 2789 5198 τῶν
2845 5143 3122 5211 λογισμῶν
3178 5140 3376 5211 μᾶλλον
3433 5142 3725 5211 συνορᾶται
3757 5142 3853 5194 καὶ
3917 5146 4044 5214 κρί-

2472 5253 2619 5290 νεται
2654 5237 2714 5289 τὸ
2743 5235 3077 5305 παροραθέν.
3127 5233 3279 5302 Τάχα
3304 5233 3360 5286 δὲ
3389 5234 3484 5285 καὶ
3507 5232 4039 5302 προαναστέλλοντος

2468 5325 2536 5398 ἦν
2567 5328 2665 5396 τὴν
2696 5328 2872 5397 ὁρμὴν
2897 5327 2995 5395 τὴν
3021 5325 3105 5393 ιφ⁹
3125 5317 3278 5394 ᾧπερ
3294 5323 3455 5386 αὐτὸς
3474 5323 3669 5386 ἀθλίως
3686 5323 4000 5393 εκσισηκεν
4020 5344 4035 5358 ο

2474 5437 2492 5469 ε
2524 5419 2834 5487 Ἤμαρτες,
2873 5416 3060 5484 φησὶν.
3087 5415 3390 5484 ὴσύχασον·
3429 5431 3448 5465 ι
3473 5413 3548 5482 μὴ
3577 5413 3816 5484 πρόσθῃς
3841 5414 4040 5486 ιτερον

2469 5507 2547 5577 τῷ
2577 5507 2871 5575 ἀδικήματι
2895 5523 2907 5534 ·
2948 5505 3109 5576 μέχρι
3137 5505 3235 5574 τῆς
3257 5505 3332 5568 είς
3359 5505 3457 5574 ἐμὲ
3483 5502 3849 5574 πλημμελείας
3875 5508 4039 5574 περί-

2471 5598 2681 5668 γραψον
2733 5597 2831 5664 τὴν
2901 5597 3200 5658 ἀπόνοιαν,
3273 5595 3578 5662 ἀδελφικῶν
3639 5594 3890 5663 αἱμάτων
3966 5598 4040 5664 μὴ

2471 5690 2568 5752 τὰς
2602 5691 2787 5756 χεῖρας
2841 5689 3033 5758 μόνον,⁶
3057 5689 3191 5740 ἀλλά
3232 5688 3325 5740 καὶ
3362 5688 3459 5754 τὴν
3510 5685 3730 5756 γνώμην
3779 5685 4044 5756 καθαρὰν

2472 5779 2814 5848 ὃιαφύλαξον.
2851 5779 2923 5831 Τὸ
2948 5779 3027 5842 δὲ,
3062 5797 3078 5830 t
3112 5779 3252 5848 Πρὸς
3299 5778 3358 5830 σὲ
3394 5779 3426 5846 ὴ
3470 5777 3785 5848 ἀποστρςφὴ
3833 5778 4038 5843 αὑτοῦ,
