4200 6444
186 415 300 477 643
1137 423 1233 479 AD
1287 419 1867 480 AMPIIILOCIIIUM
1903 422 2247 491 QUIESTIO
2281 424 2430 481 CIX.
3298 432 3411 497 650

199 534 294 583 καὶ
320 531 381 581 σὺ
409 529 571 581 αὑτοῦ
592 530 793 600 ἄρξεις,
822 533 891 599 »ἢ
917 534 1043 599 περὶ
1061 532 1221 585 αὑτοῦ
1246 531 1339 584 τοῦ
1362 531 1750 601 προσενεχθέν·
1784 540 1858 595 ΑΙ

1746 560 1750 570 ι
1784 528 2189 595 Apcccabatur,
2223 544 2347 585 cum
2396 531 2702 595 offerretur,
2747 534 2969 604 intelligi
3017 535 3221 590 debet:
3252 552 3316 593 ac
3359 541 3405 593 si

195 637 290 682 τος
335 620 569 687 εἴρηται,
626 616 755 682 οἷον,
812 622 1071 685 Ἀνάξιον,
1107 622 1295 691 φησὶν,
1339 622 1439 686 τῆς
1464 621 1602 691 ἐμῆς
1630 624 1743 673 ἐστι
1842 636 1854 670 ι

1842 617 2047 673 diceret
2074 636 2089 673 :
2121 620 2201 674 Tu
2228 624 2431 689 peccati
2462 622 2641 687 istius.
2677 634 2730 678 et
2761 639 2868 678 non
2896 626 3061 690 alius,
3093 625 3244 681 fuisti
3268 643 3405 682 cau-

196 714 534 781 προσιρορᾶς.
580 712 661 764 διδ
705 713 1100 781 ἀποστρέφεται
1135 731 1214 764 σοι
1238 713 1333 764 καὶ
1373 714 1531 773 αὐτὸς
1559 711 1743 775 αὑτοῦ,
1845 725 1855 763 t

1845 725 1938 772 sa;
1979 725 2151 779 quare
2201 712 2323 781 ejus
2368 716 2652 768 conversio
2702 725 2756 769 et
2831 718 3023 771 relatio
3065 721 3131 771 ad
3177 728 3229 772 te
3265 722 3404 782 erit,

195 801 385 871 ὥσπερ
453 803 543 853 καὶ
594 801 723 868 πρὶν
751 802 784 870 ἢ
832 800 1258 871 προσενεχθῆναι
1310 800 1497 868 κύριος
1546 799 1680 868 ἔσῃ’
1712 799 1745 867 ἢ
1846 818 1854 862 ι

1846 816 2013 877 tuque
2064 808 2473 873 dominaberis;
2516 808 2626 861 dux
2677 808 2798 877 ejus
2847 817 3193 877 contemptus
3236 809 3409 862 divini

196 892 321 960 οὐχὶ
383 892 444 943 τὺ
508 892 905 959 προσενεχθὲν,
955 891 1069 943 ἀλλ’
1135 890 1265 944 αὐτὸ
1332 890 1392 942 τδ
1444 890 1747 958 διαμαρτη-

200 983 292 1035 θέν
360 984 489 1053 περὶ
532 984 629 1050 τὴν
653 983 962 1050 προσένεξιν
987 984 1015 1033 6
1038 982 1193 1049 λόγος
1233 979 1419 1050 δηλοῖ·
1445 979 1747 1034 τουτέστιν.

202 1076 277 1127 Σὺ
318 1075 412 1128 τοῦ
463 1076 882 1145 ἁμαρτήματος,
908 1075 1008 1125 οὐκ
1058 1074 1234 1135 ἀλλος,
1281 1074 1511 1141 γέγονας
1542 1072 1749 1134 αῖτιος’

199 1167 284 1217 διὸ
334 1168 369 1233 ή
417 1166 731 1234 ἀποστροφὴ
784 1165 978 1227 αὑτοῦ,
1007 1167 1101 1217 καὶ
1144 1167 1176 1234 ὴ
1222 1157 1468 1234 ἀναφορά
1528 1163 1666 1233 πρὸς
1696 1162 1754 1215 σὲ

200 1259 482 1325 ἐπανήξει,
516 1260 613 1311 καὶ
637 1259 701 1309 σὺ
731 1257 896 1310 αὐτοῦ
946 1258 1128 1325 ἄρξεις
1165 1258 1408 1327 ἀρχηγὸς
1443 1256 1629 1323 ὀφθεὶς
1656 1254 1758 1323 τῆς

201 1349 331 1414 περὶ
346 1348 405 1399 τὸ
423 1348 575 1399 Θείον
591 1347 900 1417 ὀλιγωρίας,
925 1348 984 1410 ἐξ
1002 1340 1061 1400 οὗ
1080 1349 1173 1400 καὶ
1193 1349 1260 1401 τὰ
1277 1347 1440 1400 λοιπά
1453 1346 1559 1398 τῶν
1580 1347 1760 1416 ἀμαρ-

201 1438 461 1506 τημάτων
502 1438 845 1507 προέρχεται.
875 1439 935 1490 El
963 1437 1019 1490 δέ
1046 1455 1130 1500 τις
1163 1438 1310 1489 εἴποι
1342 1438 1437 1490 καὶ
1478 1436 1553 1500 ὡς
1578 1454 1760 1506 παρα-

199 1528 380 1596 ψυχῆς
408 1528 569 1579 ἕνεκα
594 1527 749 1581 τοῦτο
790 1528 1004 1598 εἴρηται
1028 1527 1347 1599 (ἐλελύπητο
1393 1526 1500 1597 γάρ
1534 1530 1561 1581 ὁ
1588 1529 1755 1589 Κάῖν,

200 1621 251 1669 εἰ
276 1620 369 1671 καὶ
398 1618 472 1689 μὴ
496 1618 630 1671 διότι
676 1620 1018 1688 ἡμάρτηκεν,
1062 1619 1178 1671 ἀλλ’
1206 1619 1286 1671 ὅτι
1319 1618 1379 1670 τὸ
1406 1612 1571 1687 ἦττον
1605 1616 1760 1686 ἔσχεν

200 1710 299 1762 ἐπὶ
326 1712 445 1772 ταῖς
474 1709 685 1772 θυσίαις
712 1710 861 1779 παρὰ
886 1710 977 1762 τὸν
1010 1710 1277 1776 ἀδελφὸν),
1307 1708 1428 1761 οὺδέ
1467 1707 1624 1760 τοῦτο
1657 1725 1760 1775 μα-

200 1803 335 1869 κρὸν
372 1803 470 1869 τῆς
497 1803 723 1871 ἀπείρου
771 1802 864 1855 καί
910 1800 1308 1871 ἀνεξιχνιάστον
1353 1798 1759 1870 φιλανθρωπίας

1849 904 2110 966 numinis,
2157 901 2301 956 unde
2350 913 2543 958 cetera
2593 908 2809 968 peccata
2855 910 3262 969 processerunt.
3312 900 3408 956 Sitt

1848 994 1975 1045 vl-lit
2024 994 2243 1063 aliquis.
2281 994 2384 1046 hoc
2426 994 2745 1046 consolandi
2797 1008 2963 1046 causa
3008 993 3215 1046 dictum
3260 994 3408 1063 (nam

1853 1084 2080 1129 mmstus
2134 1084 2251 1129 erat
2302 1075 2462 1138 Cain.
2515 1089 2623 1128 non
2652 1090 2719 1129 eo
2747 1076 2892 1145 quod
2945 1086 3280 1145 peccaverat,
3313 1078 3408 1134 sed

1854 1165 1997 1233 quod
2052 1168 2106 1218 in
2156 1165 2408 1219 secundis
2465 1176 2584 1233 post
2637 1164 2856 1220 fratrem
2903 1167 3083 1235 quoad
3132 1168 3407 1222 sacrificia

1858 1257 2076 1325 fuerat),
2099 1273 2203 1311 non
2243 1260 2343 1311 hoc
2375 1258 2530 1326 longe
2560 1258 2759 1312 recedit
2788 1259 2856 1311 ab
2885 1259 3090 1314 infinita
3112 1268 3168 1315 et
3194 1262 3410 1316 inseru-

1858 1347 2004 1402 tabili
2022 1346 2409 1407 misericordia
2429 1348 2552 1413 Dei;
2587 1363 2651 1403 ac
2680 1349 2724 1403 si
2754 1349 3036 1420 indulgens
3062 1361 3211 1419 pater
3239 1350 3415 1405 lilium

1860 1440 2255 1509 delinquentem
2321 1440 2718 1509 alloqueretur,
2776 1440 2895 1496 Noli
2956 1443 3261 1509 concidere,
3318 1454 3416 1497 aut

1863 1544 2097 1584 maerore
2125 1528 2425 1593 absorberi,
2469 1530 2611 1598 quod
2651 1528 2819 1583 frater
2850 1540 2901 1585 te
2929 1531 3087 1585 donis
3112 1532 3226 1586 suis
3251 1546 3415 1600 supe-

1864 1617 2101 1671 raverit:
2158 1617 2203 1671 si
2251 1618 2396 1671 enim
2425 1618 2529 1671 rite
2563 1617 2869 1688 praefertur,
2910 1620 2979 1674 ob
3014 1620 3063 1674 id
3090 1621 3234 1689 quod
3269 1630 3415 1676 recte

1862 1708 2003 1772 fecit,
2061 1717 2241 1761 tamen
2291 1708 2484 1762 iterum
2516 1710 2604 1763 ille
2653 1710 2718 1763 ad
2758 1721 2808 1764 te
2838 1723 3202 1774 convertetur.
3229 1711 3333 1766 sub
3363 1724 3416 1765 te

1860 1799 1980 1858 erit.
2006 1806 2059 1851 et
2088 1796 2527 1867 primogenitum
2554 1799 2922 1868 praerogativis
2965 1800 3236 1868 praecedes
3262 1814 3412 1861 eum.

199 1894 297 1945 τοῦ
362 1893 527 1946 Θεοῦ·
561 1894 636 1955 ὡς
692 1896 757 1946 ἂν
808 1895 950 1945 εἴποι
1002 1893 1352 1963 φιλόστοργος
1413 1890 1593 1961 πατὴρ
1622 1891 1756 1959 πρὸς
1790 1902 1858 1953 B:

1790 1902 1827 1953 Β
1856 1889 1899 1943 si
1930 1903 2025 1957 per
2055 1888 2480 1956 resipiscentiam
2516 1896 2567 1942 te
2589 1891 2892 1944 correxeris
2922 1904 2949 1942 a
2980 1901 3205 1959 peccato
3234 1910 3247 1945 :
3280 1907 3415 1958 pra:-

197 1984 557 2052 ἠμαρτηκότα
578 1983 761 2045 παῖδα,
790 1984 879 2053 Μὴ
918 1984 1225 2052 συμπέσῃς,
1268 1982 1402 2050 μηδὲ
1435 1980 1751 2049 καταπθῇς

196 2077 267 2143 τῇ
332 2074 499 2144 λύπῃ,
527 2076 637 2136 τοῖς
686 2073 876 2141 δώροις
928 2091 988 2125 σε
1048 2073 1616 2141 παρευδοκιμήσαντος
1660 2071 1751 2123 τοῦ

1860 1982 2097 2049 rogativa
2133 1981 2219 2032 illa
2252 1981 2342 2033 tibi
2376 1997 2479 2033 non
2516 1980 2815 2046 auferetur,
2851 1998 3014 2051 quam
3046 1983 3307 2051 accepisti
3357 1982 3411 2035 in

1855 2086 1921 2125 eo
1946 2072 2089 2141 quod
2121 2084 2393 2127 maternos
2423 2074 2636 2128 dolores
2670 2074 2879 2143 primus
2913 2076 3161 2129 solveris.

194 2165 428 2232 ἀδελφοῦ
453 2183 466 2194 ·
504 2168 551 2218 εί
582 2164 689 2235 γάρ
716 2168 809 2218 καὶ
832 2165 889 2230 ἐξ
917 2158 990 2220 ὧν
1017 2165 1176 2225 αὐτὸς
1206 2164 1366 2227 ὁσίως
1408 2162 1643 2233 ἔπραξεν
1670 2162 1750 2214 δι-

199 2256 547 2325 καιοπρεπῶς
572 2258 983 2328 προτετίμηται,
1006 2257 1120 2310 ἀλλ’
1141 2252 1234 2308 οὖν
1270 2252 1750 2324 ἀποστραφήσεταί
1792 2269 1872 2304 σοι
1909 2252 2068 2304 πάλιν
2097 2254 2191 2305 καὶ
2222 2252 2326 2305 ὑπὸ
2356 2250 2417 2304 σὲ
2477 2252 2650 2317 ἔσται,
2719 2252 2810 2304 καὶ
2853 2253 2929 2322 τῷ
2984 2255 3264 2324 προνομίῳ
3305 2253 3414 2305 τῶν

196 2350 582 2418 πρωτοτοκίων
635 2350 794 2412 αὐτὸς
840 2350 1003 2403 πάλιν
1059 2348 1120 2401 τὸ
1169 2348 1456 2417 πρεσϐεῖον
1486 2348 1649 2412 ἔξεις,
1683 2346 1751 2399 ἂν
1793 2345 2122 2415 μεταμελείᾳ
2146 2344 2340 2398 σαυτὸν
2376 2345 2467 2398 τοῦ
2530 2347 2866 2416 πταίσματος
2921 2345 3270 2419 ἀνορθώσῃς·
3319 2346 3414 2399 ἀν⁶

194 2443 492 2512 ἀφαίρετον
520 2444 626 2509 γὰρ
659 2444 809 2497 ἔσται
844 2460 923 2496 σοι
950 2441 1009 2495 τὸ
1054 2442 1175 2494 κατ’
1202 2442 1365 2495 αὑτοῦ
1397 2441 1590 2512 κύρος,
1614 2442 1749 2507 ὅπερ
1785 2438 2008 2509 εἴληφας
2027 2439 2085 2503 ἐξ
2133 2432 2207 2492 ὧν
2232 2439 2445 2509 πρῶτος
2488 2440 2583 2502 τὰς
2620 2440 2892 2509 μητρικάς
2946 2441 3138 2503 ἔλυσας
3196 2441 3410 2502 ὠδῖνας.

279 2532 440 2584 Ἀλλά
466 2534 583 2585 κατ’
604 2534 887 2603 ἐπιστολὴν
918 2534 1079 2587 ίκανά
1099 2534 1384 2588 καὶταῦτα
1419 2530 1595 2603 οἶμαι.
1621 2528 1751 2585 Οἶδα
1922 2534 1938 2583 l

1922 2533 2094 2600 Atque
2142 2531 2253 2586 haec
2302 2531 2611 2585 suli'ecerint
2660 2532 2917 2600 epistolae.
2970 2530 3102 2586 Novi
3147 2533 3411 2602 quosdam

190 2622 252 2673 δέ
277 2623 426 2684 τινάς
478 2639 606 2674 ποτε
658 2622 763 2674 τῶν
814 2622 1187 2675 παλαιοτάτων
1240 2624 1506 2676 Ἰουδαίων
1549 2639 1752 2691 γεγρα-

1851 2637 1935 2676 res
1980 2621 2288 2677 Judzeorum
2354 2623 2763 2691 antiquissimas
2813 2625 3087 2679 memoriae
3148 2626 3411 2680 mandan-

193 2715 390 2778 φότας,
426 2712 557 2765 οἶ”τδ
590 2714 866 2782 ἐλλόγιμον
888 2715 994 2766 τῶν
1027 2715 1199 2768 ἀλλων
1224 2715 1369 2782 ἔχειν
1404 2715 1643 2774 ἐδόκουν,
1668 2715 1752 2766 διὰ
1850 2726 1852 2759 I

1850 2721 1950 2774 tes.
2001 2712 2091 2781 qui
2161 2722 2283 2765 ante
2348 2712 2482 2766 alios
2543 2712 2765 2766 scientia
2831 2713 3041 2782 praediti
3090 2713 3189 2768 visi
3264 2724 3411 2771 sunt.

193 2802 357 2855 τοῦτο
384 2802 630 2871 εἰρῆσθαι
653 2804 745 2855 τὸν
782 2806 921 2856 Κάῖν
947 2804 1019 2873 μὴ
1044 2805 1236 2857 διελεῖν
1280 2804 1453 2874 ὀρθῶς
1481 2805 1615 2857 διότι
1646 2804 1753 2856 ἀπὸ
1848 2827 1852 2850 ι

1848 2804 1938 2872 qui
1987 2804 2105 2857 ideo
2142 2803 2458 2857 existimant
2507 2803 2641 2858 Cain
2693 2804 2918 2859 minime
2968 2814 3114 2860 recte
3166 2806 3415 2860 divisisse

193 2893 308 2945 τῶν
357 2893 599 2962 ἀψύχων,
649 2895 763 2947 ἀλλ’
799 2897 898 2947 οὑκ
929 2896 1036 2947 ἀπὸ
1058 2896 1164 2948 τῶν
1192 2896 1472 2965 ἐμψύχων,
1506 2896 1694 2966 ὥσπερ
1725 2900 1752 2949 ὁ

1858 2896 1988 2955 dici.
2018 2895 2143 2964 quia
2179 2911 2283 2948 non
2304 2911 2333 2949 a
2365 2895 2689 2959 viventibus,
2728 2904 2787 2949 ut
2819 2896 2972 2957 Abel.
3004 2897 3096 2950 sed
3132 2896 3200 2950 ab
3235 2895 3416 2949 inani-

197 2984 391 3046 Ἀϐελ,
432 2984 499 3035 τά
523 2984 669 3054 δῶρα
716 2988 1052 3053 προσέφερεν
1088 2987 1457 3056 (καθυστερεῖν
1509 2988 1616 3058 γὰρ
1661 2989 1753 3039 καὶ

1858 2986 2019 3039 matis
2064 3001 2286 3039 munera
2338 2997 2556 3055 accepta
2601 2986 2748 3041 dedit
2794 2987 2999 3055 (multis
3048 2987 3194 3040 enim
3240 2986 3415 3041 modis

193 3072 554 3126 ἐλαττοῦσθαι
603 3075 781 3145 πολλῷ
814 3077 919 3129 τῶν
961 3076 1218 3146 ἐμψύχων
1250 3076 1319 3129 τὰ
1360 3078 1562 3147 ἀψυχα)
1590 3096 1602 3107 ·
1628 3079 1694 3131 δι’
1725 3079 1752 3131 ὃ

195 3166 299 3217 καὶ
341 3165 430 3216 τὸν
459 3165 565 3217 τῶν
593 3166 729 3219 ὅλων
753 3128 884 3219 δεδν
917 3128 1027 3219 τσᾶ
1046 3128 1503 3239 μένῡέφησθῆναῖ
1526 3128 1633 3233 τόῖς
1656 3170 1754 3221 δώ-
1780 3128 1823 3190 C

197 3271 320 3320 ροις
343 3252 413 3313 ὡς
449 3254 729 3322 ἐμψύχοις,
760 3256 851 3306 τοῦ
887 3255 945 3308 δὲ
973 3257 1069 3325 τὴν
1093 3256 1279 3309 θυσίαν
1305 3258 1575 3327 ὑπεριδεῖν
1598 3257 1671 3320 ὼς
1694 3261 1756 3311 ἐκ

194 3344 312 3397 τῶν
336 3344 556 3413 ἀψύχων
582 3346 1092 3416 είσκεκομισμένην.
1134 3348 1273 3401 Ἀλλ’
1307 3349 1464 3418 εἴπερ
1486 3347 1655 3411 οὕτως
1680 3346 1756 3400 εί·-

196 3452 316 3503 χεν,
346 3435 445 3487 οὐκ
475 3435 541 3488 ἀν
566 3438 592 3485 6
614 3436 752 3488 Κάῐν
779 3438 874 3506 τὴν
911 3437 1194 3508 διαίρεσιν,
1226 3438 1340 3490 ἀλλ’
1368 3438 1537 3508 αὐτὴν
1570 3440 1635 3491 ἂν
1661 3439 1756 3507 τὴν

194 3526 394 3577 θυσίαν
416 3524 737 3588 ὠνειδίζετο,
770 3529 963 3595 ὅτιπερ
995 3528 1115 3580 ἀντὶ
1145 3528 1253 3581 τῶν
1291 3529 1519 3598 καρπῶν
1553 3530 1627 3597 μὴ
1644 3530 1758 3592 ζῶα

196 3616 595 3684 προσήνεγκεν.
644 3617 787 3669 Ἀλλ’
818 3617 1055 3686 οὐδαμοῦ
1097 3618 1343 3685 φαίνεται
1377 3618 1533 3671 τοῦτο
1571 3623 1603 3690 ή
1636 3622 1756 3673 θεία

197 3706 679 3775 καταμεμψαμὲνη
728 3709 874 3777 φωνή
898 3722 911 3735 °
946 3708 1081 3761 ἀλλά
1115 3708 1223 3760 τῶν
1262 3708 1362 3777 μὲν
1398 3708 1584 3779 δώρων
1606 3713 1757 3764 οὐδὲν

195 3799 486 3867 ᾐτιάσατο.
514 3799 649 3868 ὑπὲρ
688 3798 743 3851 δὲ
773 3802 870 3868 τῆς
910 3799 1231 3867 διαιρέσεως
1270 3800 1367 3870 τὴν
1420 3802 1626 3871 μέμψιν
1657 3804 1757 3855 ἐπ-

198 3890 456 3954 ήνεγκεν.
509 3888 647 3939 Ἀλλ’
677 3888 816 3940 ὥστε
842 3889 897 3939 δὲ
926 3890 972 3941 εἱ
998 3890 1026 3939 6
1055 3889 1152 3955 μὲν
1174 3889 1423 3959 ἀπαρχῆς
1443 3889 1554 3958 βίον
1575 3891 1635 3942 τὺ
1655 3908 1755 3959 γη-

198 3980 408 4039 πονείν,
446 3979 473 4029 6
494 3978 548 4029 δέ
573 3978 631 4029 τὸ
657 3978 963 4047 ποιμαίνειν
989 3978 1216 4039 ἐτίθετο,
1254 3979 1372 4041 πῶς
1420 3979 1520 4031 οὐκ
1565 3980 1759 4044 ἄλογον

196 4067 607 4134 ὑπολαμϐάνειν
640 4067 730 4119 ὑπ’
771 4067 943 4120 αίτίαν
994 4067 1243 4132 γενέσθαι
1279 4067 1373 4120 τὸν
1420 4070 1581 4133 Κάῖν,
1625 4069 1758 4121 διότι

199 4158 283 4226 μὴ
308 4159 416 4209 ἀπὸ
444 4158 550 4209 τῶν
587 4157 900 4225 ἀλλοτρίων,
928 4158 1039 4211 ἀλλ’
1067 4160 1173 4210 ἀπὸ
1200 4159 1310 4210 τῶν
1333 4160 1547 4211 οἰκείων
1582 4177 1753 4228 προσ-

194 4251 433 4317 ήνεγκεν
460 4250 723 4315 ;Κάκεῖνο
742 4250 798 4301 δέ
823 4267 907 4313 τις
923 4251 1203 4318 προσθείη,
1232 4252 1304 4311 ὼς
1325 4252 1423 4304 οὐκ
1439 4254 1497 4303 ἐν
1516 4255 1580 4321 τῇ
1602 4269 1762 4321 προσ-

192 4339 373 4403 ενὲξει
389 4340 485 4409 τῆς
503 4340 690 4401 θυσίας
734 4342 950 4409 μᾶλλον,
972 4342 1087 4395 ἀλλ’
1108 4343 1360 4411 ἀπαρχῆς
1383 4343 1481 4412 τῆς
1502 4344 1609 4396 τῶν
1627 4343 1756 4411 βίων

191 4431 467 4500 αἱρέσεως
501 4430 604 4483 ἔδει
629 4431 719 4483 τὸν
747 4432 845 4500 μὲν
862 4432 1138 4499 φαυλίζειν
1158 4434 1257 4485 ’ὅτι
1286 4437 1541 4501 γηπονεῖν
1561 4436 1749 4499 εἵλετο,
1782 4460 1831 4519 D

191 4522 292 4571 τὸν
319 4520 374 4572 δέ
402 4520 751 4588 ποιμαίνοντα
798 4522 1171 4591 ἀποδέχεσθαι.
1207 4524 1280 4575 Τδ
1306 4525 1413 4593 γὰρ
1434 4526 1541 4577 τῶν
1564 4528 1755 4596 ἐπιτη-

190 4610 483 4678 δευμάτων
512 4610 764 4680 διάφορον
798 4612 935 4682 ἁρχὴ
970 4613 1065 4666 καὶ
1094 4612 1243 4665 αἰτία
1288 4614 1629 4684 καθέστηκεν
1657 4617 1750 4669 τοῦ

189 4698 292 4749 τὶν
326 4697 445 4764 μὲν,
478 4696 550 4757 ὠς
574 4699 848 4765 ἐνόμισαν,
884 4701 1145 4768 ἁμαρτεῖν
1164 4701 1392 4770 καρποῖς
1416 4700 1754 4765 θυσιάζοντα,

189 4788 290 4840 τὸν
347 4786 403 4839 δὲ
458 4789 925 4859 παρευδοκιμῆσαι
977 4789 1092 4853 ζῶα
1125 4790 1194 4842 τὰ
1235 4789 1384 4859 δῶρα
1414 4791 1753 4859 ποιούμενον.

196 4876 327 4936 Πῶς
374 4876 429 4926 δὲ
478 4877 576 4929 κάν
612 4880 734 4939 ταῖς
774 4878 1114 4946 νομοθεσίαις
1138 4878 1361 4949 ὕστερον
1387 4878 1669 4947 σεμίδαλις
1694 4898 1754 4933 τε

193 4968 296 5017 καὶ
328 4966 556 5034 στάχυες
575 4967 670 5019 καὶ
698 4968 850 5037 ἀρτοι
877 4968 1183 5039 προθέσεως
1203 4970 1283 5031 είς
1309 4971 1621 5039 προσφορὰν
1641 4969 1758 5039 Θεῷ

193 5054 547 5122 ἐλογίζοντο;
589 5057 649 5109 Εἰ
678 5057 734 5110 δὲ
785 5058 877 5109 καὶ
904 5076 922 5109 ι
956 5058 1094 5112 καλά
1122 5058 1237 5110 λίαν
1270 5078 1287 5109 ι
1320 5060 1439 5129 οὐχί
1482 5076 1603 5111 τινα
1647 5059 1757 5111 τῶν

190 5151 717 5218 δημιουργημάτων,
753 5150 888 5202 ἀλλά
914 5151 1092 5204 πάντα
1120 5151 1194 5218 τῷ
1219 5150 1583 5219 γενεσιουργῷ
1615 5151 1756 5218 λόγῳ

191 5240 441 5307 εἴρηται,
492 5242 584 5291 καὶ
626 5239 937 5305 πεποίηται,
970 5239 1089 5292 τίνα
1128 5240 1283 5306 λόγον
1319 5239 1452 5307 ἔχει,
1499 5240 1623 5302 τοὺς
1653 5240 1760 5291 ἀπὸ

189 5331 304 5398 γῆς
336 5331 598 5401 καρποὺς,
639 5332 732 5383 καὶ
758 5330 795 5385 ἃ
820 5330 1019 5399 μᾶλλόν
1057 5332 1209 5383 ἐστιν
1258 5330 1527 5400 ἀνθρώπῳ
1560 5331 1756 5399 τροφὴ,

194 5427 261 5475 ἐν
302 5422 481 5491 ἀτίμῳ
514 5422 677 5493 μοίρᾳ
706 5425 800 5476 καὶ
832 5423 1159 5491 βδελύγματι
1186 5423 1277 5475 τὸν
1322 5422 1759 5491 δημιουργήσαν-

193 5532 271 5565 τα
305 5514 770 5583 παραπέμπεσθαι
798 5534 812 5574 ς
843 5516 932 5569 Διὸ
961 5517 1058 5585 τῆς
1082 5515 1333 5583 τοιαύτης
1373 5515 1631 5584 ἐπιϐολῆς
1660 5515 1758 5585 τὴν

196 5601 733 5672 προτεθεωρημένην
761 5602 1018 5672 ἐξήγησιν
1051 5602 1247 5672 μᾶλλον
1283 5602 1581 5672 ἐγκριτέον.
1611 5602 1757 5671 Αὕτη

196 5692 317 5761 γὰρ
367 5692 461 5744 καὶ
493 5685 573 5754 οἷς
623 5692 651 5743 6
676 5691 775 5760 τῆς
818 5692 1062 5761 καθαρᾶς
1098 5691 1254 5761 ἡμῶν
1302 5692 1395 5743 καὶ
1424 5691 1759 5758 ἀναιμάκτου

196 5786 400 5848 θυσίας
431 5786 585 5851 λόγος
626 5786 907 5855 ἠγνόηται,
944 5787 1090 5839 δοκεῖ
1128 5805 1242 5849 πως
1294 5787 1437 5856 ᾄδειν
1464 5786 1715 5854 ὁμόφωνα
1741 5803 1754 5817 ⁸

197 5867 360 5939 ὲξῶν
393 5877 481 5929 καὶ
511 5877 538 5927 6
564 5877 660 5944 τῆς
685 5878 1010 5939 ἀποστασίας
1055 5878 1335 5938 Ἰουλιανὸς
1372 5877 1506 5928 κατά
1546 5878 1638 5947 τῆς
1664 5877 1746 5929 5-3-

1858 3074 2152 3128 inanimata
2182 3075 2381 3130 cedunt
2416 3076 2687 3146 animatis)
2717 3094 2729 3129 :
2761 3076 2925 3130 Deum
2958 3077 3138 3145 itaque
3164 3076 3414 3130 universa

1858 3167 2001 3219 illius
2024 3167 2161 3221 dona
2186 3168 2423 3221 animata
2458 3177 2675 3235 accepta
2712 3169 2985 3227 habuisse,
3016 3166 3177 3235 hujus
3207 3168 3414 3222 sacriﬁ-

1856 3257 1996 3309 cium
2049 3257 2329 3325 rrjecisse,
2368 3257 2511 3326 quod
2555 3256 2623 3309 de
2678 3256 2986 3311 inanimatis
3039 3262 3410 3326 appararetur.

1858 3346 1960 3400 Sed
1991 3348 2034 3401 si
2072 3348 2122 3400 id
2156 3350 2225 3401 ita
2258 3348 2367 3409 ﬁet.
2407 3347 2825 3417 haudquaquam
2860 3347 3075 3412 divisio,
3109 3348 3202 3401 sed
3236 3346 3413 3415 ipsum

1857 3437 2181 3491 sacrilicium
2241 3447 2628 3501 accusaretur,
2679 3436 2823 3508 quod
2872 3453 2977 3491 non
3028 3436 3277 3490 animalia
3316 3451 3415 3505 pro

1860 3528 2097 3598 frugibus
2129 3528 2361 3583 oﬂ‘erret.
2405 3528 2510 3582 Sed
2554 3545 2659 3583 non
2696 3529 2905 3583 videtur
2958 3530 3058 3583 hoc
3110 3530 3289 3583 divina
3325 3530 3413 3583 illa

1856 3629 1989 3668 voce
2022 3616 2387 3680 increpatnm;
2418 3616 2485 3668 de
2522 3616 2675 3669 donis
2707 3632 2811 3668 non
2847 3626 3085 3678 accusat,
3125 3617 3406 3685 repreheu~

1858 3706 1932 3757 dit
1967 3713 2171 3759 tantum
2206 3707 2550 3761 divisionem.
2591 3709 2745 3761 Certe
2789 3709 2833 3762 si
2864 3709 2930 3761 ab
2962 3710 3117 3762 initio
3146 3710 3411 3779 agricola-

1860 3798 2058 3851 tionem
2100 3797 2207 3859 ille,
2239 3799 2573 3865 pastoritiam
2617 3798 2717 3853 iste
2747 3801 3092 3868 sequebatur,
3129 3814 3160 3853 a
3207 3800 3414 3853 ratione

1860 3888 2080 3941 omnino
2124 3888 2361 3943 alienum
2410 3898 2493 3943 est
2535 3890 2849 3943 existimare
2892 3890 3115 3945 Cainum
3168 3890 3219 3943 in
3255 3891 3413 3960 culpa

1861 3975 2047 4040 fuisse,
2085 3978 2211 4046 quia
2243 3993 2349 4031 non
2382 3978 2448 4032 de
2478 3978 2689 4044 alienis,
2715 3980 2807 4033 sed
2839 3982 2905 4034 de
2939 3980 3052 4034 suis
3082 3980 3410 4034 oblationem

1858 4066 2130 4120 oll‘erebat.
2165 4067 2372 4121 Addere
2401 4068 2543 4129 licet.
2580 4069 2723 4136 quod
2755 4085 2858 4123 non
2908 4071 2956 4121 in
2993 4070 3287 4135 offerendo,
3320 4071 3414 4125 sed

1860 4157 1913 4210 in
1957 4158 2203 4227 eligendo
2245 4158 2365 4212 vita:
2410 4160 2655 4213 instituto
2696 4162 3031 4215 accusandus
3083 4171 3199 4215 erat
3234 4180 3245 4214 :
3285 4164 3413 4229 quia

1859 4246 2242 4313 agriculturam
2276 4247 2517 4316 elegerit,
2544 4254 2597 4299 et
2635 4245 2786 4300 fratri
2815 4248 3087 4316 reliquerit
3116 4258 3411 4317 pasturam.

1860 4333 2165 4388 Differentia
2214 4336 2411 4403 quippe
2456 4336 2715 4390 institutae
2765 4338 2884 4390 Viue
2924 4354 3143 4393 causam
3188 4339 3335 4393 dedit
3361 4350 3416 4393 et

1860 4429 2207 4498 principium,
2249 4430 2391 4499 quod
2443 4431 2733 4500 opinantur
2765 4431 2913 4485 illum
2954 4448 3234 4501 peccasse.
3284 4434 3411 4488 dttm

1854 4519 1920 4572 de
1962 4518 2225 4573 fructibus
2259 4520 2584 4575 sacrificium
2620 4520 2851 4586 oll'erret,
2878 4537 3001 4577 cum
3033 4524 3120 4577 illc
3143 4524 3411 4591 laudetur,

1856 4612 1947 4680 qui
1976 4611 2228 4665 animalia
2256 4611 2421 4665 dedit.
2450 4611 2554 4666 Sed
2578 4612 2828 4681 deinceps
2849 4615 3008 4667 etiam
3034 4614 3087 4667 in
3116 4614 3249 4683 lege.
3277 4631 3415 4685 quo-

1858 4702 2017 4756 modo
2051 4702 2245 4763 simila.
2274 4703 2487 4762 aristtn.
2536 4717 2701 4771 panes
2726 4705 3111 4773 propositionis
3155 4706 3217 4760 ad
3260 4707 3415 4762 obla-

1858 4791 2030 4845 tiones
2060 4790 2268 4845 divinas
2303 4791 2913 4860 deputahanturiQuod
2954 4793 3000 4847 si
3052 4813 3069 4845 ι
3108 4794 3262 4849 valde
3315 4796 3415 4850 bo-

1857 4897 1925 4935 na
1958 4901 1975 4931 ι
2012 4898 2118 4935 non
2167 4882 2359 4951 aliquae
2389 4892 2594 4937 tantum
2628 4899 2713 4938 res
2751 4896 2962 4949 creatae,
2995 4886 3085 4940 sed
3118 4889 3412 4944 universim

1858 4970 2035 5023 omnia
2067 4972 2227 5025 verbo
2255 4971 2567 5028 Conditoris
2601 4975 3065 5036 commendantur.
3114 4992 3234 5045 qua:
3275 4979 3416 5035 ratio

1859 5062 2089 5115 suaserit
2145 5071 2200 5114 ut
2242 5061 2451 5117 fructus
2504 5077 2533 5115 e
2580 5073 2743 5129 terra,
2780 5081 2897 5133 quae
2932 5065 3178 5120 humanae
3206 5067 3414 5125 alitioni

1862 5161 1973 5203 ltllll
2016 5153 2437 5220 depntnhantur.
2482 5154 2851 5209 inhonoranda
2898 5165 2991 5211 aut
3029 5157 3152 5211 vilia
3180 5158 3417 5230 despue-

1862 5241 2083 5293 rentur?
2116 5240 2381 5307 Quocirca
2413 5244 2643 5313 priorem
2682 5246 2823 5299 illam
2859 5249 3247 5316 expositionem
3291 5251 3411 5305 lon-

1862 5348 1921 5400 ge
1953 5335 2277 5400 praetulerim
2321 5336 2421 5390 hac
2447 5336 2736 5405 adjectitia.
2797 5337 2927 5391 Nam
2963 5339 3088 5400 ista.
3132 5340 3197 5393 iis
3219 5342 3415 5409 quibus

1860 5425 1997 5479 ratio
2027 5425 2305 5495 ignoratur
2335 5428 2461 5491 puri
2490 5430 2657 5482 nostri
2681 5437 2735 5483 et
2763 5430 2880 5483 sine
2918 5432 3177 5500 sanguine
3205 5435 3381 5487 sacrifi
3400 5466 3414 5477 -

1862 5517 1954 5578 cii.
2004 5518 2405 5585 quodammodo
2445 5520 2654 5575 videtur
2704 5522 3007 5577 consentire
3040 5540 3053 5575 :
3092 5524 3233 5578 unde
3276 5539 3411 5593 apo-

1861 5619 2000 5662 Stata
2036 5606 2283 5662 Julianus
2315 5609 2402 5663 ille
2429 5619 2618 5663 contra
2644 5609 2955 5680 religionem
2991 5610 3254 5676 scribens.
3288 5630 3410 5668 cum

1860 5694 2021 5747 stulta
2054 5702 2109 5747 et
2150 5694 2369 5748 ridicula
2414 5694 2713 5763 proferret.
2766 5697 3044 5750 videbatur
3080 5706 3256 5752 tamen
3305 5717 3410 5754 non

1862 5782 2037 5849 inepte
2067 5796 2163 5835 nec
2202 5781 2435 5835 absurde
2464 5782 2801 5837 Christianos
2830 5784 3235 5853 reprehendere,
3268 5787 3412 5854 quod

1860 5887 2197 5942 nequaquam
2247 5870 2450 5927 Numen
2491 5874 2810 5930 animalibus
2860 5876 3015 5931 Caesis
3062 5877 3407 5931 ltonorarent.
