4200 6444
776 427 870 489 651

1915 425 2176 488 ΡΗΟΤΙῙ
2205 421 2706 486 PATRIARCH/E
2730 422 2817 482 ΟΡ

3923 431 4039 491 $2

779 539 993 604 σεσείας
1019 541 1279 612 γράφων,
1314 541 1578 596 ἀλλόκοτα
1608 542 1704 612 μὲν
1742 543 1836 597 καὶ⁵
1880 542 2038 611 μωρά
2083 541 2333 612 γράφων,
2370 540 2520 605 ὅμως
2563 533 2743 599 ἔδοξέν
2803 554 2856 590 τι
2922 537 3084 607 σοφὸν
3124 541 3219 592 καὶ
3255 540 3678 611 δυσεπιτίμητον
3735 543 4038 595 uitta-30::

777 637 1263 706 Χριστιανοὺς,ὄτι
1311 638 1387 708 μὴ
1441 636 1765 702 ζωοθυσίαις
1826 638 1885 691 τὺ
1937 637 2089 692 Θεῖον
2151 636 2522 706 γεραίρουσιν.
3481 640 3484 643 ’

923 749 1244 816 ουΑεδτιο
1267 752 1354 806 cx
1398 751 1586 823 [00551.
1619 764 1666 806 et
1702 752 1863 810 Taur.
1890 750 2174 823 cxxxu].

3009 750 3342 802 ΕΡΩΤΗΣΙΣ
3378 752 3480 804 PI'.

866 861 1010 912 Edita
1029 878 1056 912 a
1080 862 1392 925 Montacutio,
1413 878 1496 927 ep.
1517 867 1628 926 215,
1659 864 1724 914 ad
1745 863 2060 932 Euschgmgn.
2086 879 2136 926 p.
2165 862 2419 932 315.__1’_5H.
2460 863 2533 913 De
2558 863 2738 915 Christi
2777 861 3084 924 apparitione
3109 862 3160 912 in
3181 863 3540 925 Hierosolymis
3564 865 3842 928 promissam
3875 868 3938 914 in

1905 924 2103 975 Galilaea
2126 924 2481 986 apparitionem
2525 932 2870 988 prevertente.

850 1004 1185 1071 Promissum
1243 1012 1499 1078 prevenit
1526 1011 1781 1066 Servator
1814 1021 2030 1081 propter
2053 1010 2351 1080 discipulo-

2527 1010 2817 1079 Συντέμνει
2841 1008 2940 1080 τὴν
2972 1009 3262 1079 ὑπόσχεσιν
3288 1011 3317 1062 ό
3345 1010 3555 1080 Σωτὴρ,
3589 1010 3677 1062 διὰ
3701 1010 3796 1080 τὴν
3830 1011 4038 1077 ὀλιγοο

780 1115 900 1153 rum
947 1101 1457 1169 parvauimilatem:
1511 1113 1565 1157 et
1612 1113 1736 1159 ante
1779 1117 2058 1156 accessum
2104 1103 2158 1154 in
2203 1100 2352 1153 Gali-

781 1190 932 1244 laeam
982 1193 1122 1262 apud
1165 1193 1566 1264 Hierosolymas
1615 1210 1672 1248 se
1726 1192 2086 1248 manifestat:
2141 1208 2249 1245 non
2299 1192 2352 1245 in

781 1279 885 1333 hoc
917 1280 1248 1347 promissum
1287 1297 1446 1336 suum
1484 1284 1728 1347 violavit,
1761 1298 1862 1338 nec
1888 1283 2046 1353 longe
2085 1282 2352 1344 differtur,

781 1370 924 1438 quod
973 1379 1192 1438 propter
1248 1387 1498 1441 magnam
1572 1375 2003 1430 misericordiam
2084 1383 2194 1427 tam
2245 1373 2354 1426 cito

781 1458 1198 1527 adimplebatur.
1239 1458 1296 1516 Si
1323 1461 1446 1530 quis
1483 1464 1668 1517 animo
1697 1478 1950 1534 perverso
1980 1464 2259 1518 veritatem
2297 1464 2351 1516 in

784 1552 1127 1606 mendacium
1159 1561 1370 1608 vertere
1395 1554 1544 1617 velit.
1582 1564 1635 1609 et
1662 1556 1805 1611 dicat
1837 1572 1943 1609 non
1973 1570 2093 1611 esse
2117 1555 2350 1619 veracis,

780 1643 1094 1710 promittere
1141 1645 1403 1700 visionem
1435 1646 1488 1702 in
1528 1645 1780 1714 Galilaea,
1818 1647 1965 1704 illam
1996 1662 2124 1701 vero
2157 1645 2352 1701 Hiero-

781 1735 1005 1804 solymis
1061 1735 1362 1794 exhibere:
1417 1740 1753 1806 consideret,
1822 1739 1965 1808 quod
2008 1739 2095 1793 ubi
2142 1740 2354 1794 dixerat

784 1824 1043 1880 Servator
1075 1842 1134 1881 se
1167 1827 1475 1884 fruitionem
1510 1830 1679 1894 beata:
1708 1831 1880 1901 ipsius
1910 1831 2134 1890 visionis
2163 1831 2215 1885 in
2245 1829 2351 1885 Ga-

779 1915 919 1982 lilzea
949 1918 1340 1988 exbibiturum,
1379 1932 1433 1977 et
1481 1925 1704 1978 omnino
1755 1940 1860 1979 non
1899 1925 2177 1986 exhiberet
2210 1943 2226 1980 :
2267 1924 2351 1978 vel

779 2009 823 2061 si
859 2009 1120 2078 adjiceret
1162 2010 1556 2086 Hierosolymis
1605 2017 2021 2087 haudquaquam
2055 2017 2233 2086 ipsum
2273 2017 2353 2069 vi-

781 2115 970 2166 suros,
1006 2111 1061 2156 et
1101 2112 1280 2159 tamen
1329 2107 1594 2171 viderent,
1647 2122 1754 2162 non
1801 2108 1920 2163 sine
1953 2107 2097 2177 justa
2123 2107 2349 2162 forsitan

779 2192 992 2259 ratione
1021 2193 1145 2263 quis
1167 2196 1235 2250 de
1271 2198 1555 2257 mendacio
1582 2201 1902 2269 postularet.
1943 2199 2100 2264 Quod
2125 2200 2172 2253 si
2205 2198 2351 2253 Gali-

777 2284 969 2338 laicam
1002 2288 1388 2355 apparitionem
1429 2291 1764 2359 praemittens
1799 2302 1854 2346 et
1884 2292 2030 2352 illam
2068 2291 2346 2360 prastitit,

2452 1101 2650 1169 ψυχίαν
2676 1100 2786 1153 τῶν
2815 1099 3072 1170 μαθητῶν
3091 1116 3104 1131 ο
3133 1102 3224 1154 καὶ
3261 1101 3365 1171 πρδ
3391 1103 3492 1167 τῆς
3521 1101 3805 1165 Γαλιλαίας
3830 1105 3901 1155 ἐν
3938 1105 4038 1154 αῦ-

2451 1191 2837 1262 τοῖςἹεροσολύ
2847 1210 2967 1262 μοις
3002 1192 3183 1256 αὐτοῖς
3213 1192 3572 1262 ἐμφανίζεται
3594 1211 3606 1223 ·
3639 1194 3731 1245 καὶ
3755 1195 3813 1246 οὐ
3836 1195 4036 1263 δήπου

2452 1284 2608 1336 τοῦτο
2658 1285 2760 1352 τῆς
2814 1284 3144 1352 ἐπαγγελίας
3202 1285 3439 1354 ὑπάρχει
3488 1285 3838 1354 παράϐασις,
3901 1286 4038 1337 οὐδὲ

2454 1374 2648 1426 πολλοῦ
2685 1375 2767 1427 δεῖ
2788 1390 2802 1406 °
2843 1377 3035 1446 ταχεῖα
3063 1375 3120 1428 δὲ
3155 1375 3356 1445 μᾶλλον
3385 1379 3448 1429 ἐκ
3475 1377 3676 1445 πολλῆς
3704 1377 3904 1445 φιλανθ
3916 1394 4034 1447 ρω-

2453 1462 2581 1525 πίας
2611 1464 2981 1533 ἐκπλήρωσις.
3009 1464 3072 1516 Et
3100 1463 3144 1516 δ’
3167 1464 3249 1516 ἔτι
3274 1481 3359 1526 τις
3396 1464 3728 1532 ἀγνωμονῶν
3757 1465 3838 1528 είς
3876 1462 4036 1532 ψεῦ-

2450 1555 2539 1616 δος
2570 1555 2750 1607 ἕλκειν
2777 1555 2876 1626 τὴν
2905 1554 3164 1623 ἀλήθειαν
3196 1554 3530 1618 ἐκϐιάζοιτο,
3556 1555 3656 1607 οὐκ
3674 1551 3811 1608 εἶναι
3838 1554 4037 1622 λέγων

2453 1644 2913 1715 ἑπαληθεύοντος,
2948 1646 3007 1698 ἐν
3044 1645 3142 1714 μὲν
3170 1647 3237 1715 τῇ
3274 1645 3538 1716 Γαλιλαίᾳ
3578 1647 3882 1714 παρασχεῖν
3928 1644 4036 1712 τὴν

2451 1736 2572 1805 ὄψιν
2604 1736 3051 1806 ἐπαγγείλασθαι.
3082 1739 3141 1789 ἐν
3176 1737 3569 1808 Ἰεροσολύμοις
3591 1738 3648 1790 δέ
3677 1737 3878 1805 ταύτην
3913 1735 4034 1788 δω-

2453 1828 2727 1896 ρήσασθαι
2751 1846 2764 1860 ·
2803 1830 2980 1883 ἐκεῖνο
3013 1829 3215 1901 μᾶλλον
3247 1830 3496 1894 συνιέτω,
3534 1829 3633 1893 ὡς,
3664 1829 3818 1898 εἰπερ
3840 1827 4036 1880 εἰπὼν

2451 1923 2478 1971 ὁ
2508 1920 2718 1991 Σωτὴρ,
2750 1921 2808 1974 ἐν
2834 1923 2902 1993 τῇ
2935 1920 3197 1992 Γαλιλαίᾳ
3229 1921 3411 1974 δοῦναι
3453 1924 3568 1983 τοῖς
3613 1921 3878 1991 μαθηταῖς
3925 1921 4035 1988 τὴν

2451 2009 2752 2064 ἀπόλαυσιν
2778 2013 2879 2082 τῆς
2908 2013 3183 2084 μακαρίας
3213 2013 3340 2075 θέας
3365 2020 3394 2050 υ
3434 2012 3652 2082 ἐκείνης
3673 2052 3687 2074 ,
3737 2006 3853 2064 εἶτα
3891 2012 4032 2081 μηδ’

2451 2101 2586 2165 ὅλως
2612 2102 2888 2173 παρέσχεν
2908 2120 2921 2133 ⁸
2957 2103 2991 2173 ἢ
3020 2104 3278 2175 προσθεὶς
3321 2106 3380 2156 ἐν
3412 2102 3803 2173 Ἰεροσολύμοις
3838 2105 4032 2170 μηδα-

2455 2192 2572 2261 μῶς
2603 2194 2784 2258 αὐτοῖς
2805 2193 3059 2265 ὀφθῆναι,
3093 2193 3286 2247 ἔπειτα
3313 2193 3467 2264 ὤφθη
3489 2235 3504 2257 ,
3536 2195 3640 2247 οὐκ
3663 2193 3729 2246 ἂν
3760 2195 4033 2261 ἀφρόνως

2452 2285 2571 2337 λίαν
2603 2290 2683 2350 είς
2711 2287 2965 2341 ὖπόνοιάν
2993 2304 3078 2350 τις
3106 2286 3393 2358 ἐξεφέρετο
3441 2285 3536 2339 τοῦ
3567 2285 3829 2360 ψεύδους·
3869 2286 3930 2337 εί
3970 2287 4032 2337 δὲ

777 2393 840 2432 ac
870 2379 1032 2433 etiam
1057 2382 1110 2434 in
1135 2379 1527 2453 Hierosolymis
1552 2383 1821 2443 addiderit
1846 2385 2031 2451 aliam,
2074 2387 2167 2441 ubi
2195 2403 2346 2440 men-

2451 2381 2550 2450 τὴν
2581 2381 2638 2432 ἐν
2667 2383 2734 2450 τῇ
2781 2380 3040 2452 Γαλιλαίᾳ
3087 2381 3410 2450 ἐπιφάνειαν
3461 2378 3858 2447 προαγγείλας,
3927 2378 4032 2431 καὶ

787 2469 928 2535 dacii
972 2486 1284 2540 processus,
1307 2473 1431 2530 licet
1474 2474 1530 2530 in
1561 2475 1690 2530 exili
1739 2475 2030 2546 phantasia
2073 2478 2350 2547 relinqua-

775 2561 901 2613 tur?
946 2560 1064 2616 lmo
1112 2579 1285 2632 quare
1334 2580 1444 2620 non
1489 2567 1673 2636 potius
1710 2568 1962 2623 veritatis
1999 2569 2198 2637 duplex
2246 2571 2351 2625 erit

776 2651 1108 2722 adimpletio,
1146 2655 1295 2711 illius
1321 2671 1487 2725 quam
1512 2659 1782 2729 promisit,
1808 2669 1864 2714 et
1887 2662 2006 2729 ejus
2042 2678 2207 2730 quam
2233 2661 2351 2716 sine

776 2744 1048 2811 promisso
1081 2746 1370 2814 praestitit?
1397 2746 1503 2802 Sed
1551 2747 1782 2804 ulterius
1826 2749 2046 2804 adverte
2080 2767 2094 2802 :
2140 2750 2186 2805 si
2216 2750 2350 2805 sim-

776 2831 991 2898 pliciter
1051 2832 1335 2905 discipulis
1380 2835 1654 2904 pollicitus
1685 2845 1829 2890 esset
1866 2853 1924 2892 se
1961 2837 2138 2892 visum
2187 2837 2252 2892 iri
2293 2839 2345 2892 in

775 2918 1016 2986 Galilaea,
1052 2931 1107 2974 et
1140 2922 1228 2977 ille
1256 2922 1406 2991 prius
1435 2923 1636 2979 alicubi
1672 2924 1966 2989 videretur,
2009 2925 2062 2978 in
2096 2925 2349 2980 confesso

775 3007 880 3060 erit
921 3023 1031 3062 non
1082 3012 1389 3066 mentitum.
1434 3010 1532 3066 Sin
1571 3012 1833 3067 abeuntes
1862 3013 2069 3070 diceret
2109 3015 2348 3081 visuros,

777 3101 831 3145 at
862 3093 934 3148 illi
967 3108 1076 3149 non
1107 3095 1339 3162 abirent,
1372 3098 1576 3167 quippe
1610 3100 1700 3168 qui
1737 3100 2057 3154 miraculum
2091 3102 2221 3158 illud
2260 3116 2349 3157 re-

777 3169 1131 3237 surrectio'nis
1163 3199 1505 3256 nequaquam
1532 3188 1761 3245 ﬁrmiter
1783 3188 2084 3254 credentes,
2116 3199 2196 3254 ut,
2221 3191 2349 3245 rell-

782 3278 886 3331 ctis
914 3278 1326 3352 Hierosolymis,
1351 3283 1502 3337 illum
1529 3284 1580 3338 in
1606 3286 1822 3340 Galilaea
1845 3287 2135 3343 videndum
2161 3305 2351 3360 exspe-

779 3379 988 3426 ctarent
1023 3390 1038 3426 :
1071 3375 1342 3443 quomodo
1380 3391 1488 3431 non
1543 3377 1873 3434 irrationalis
1917 3390 1999 3433 est
2051 3381 2235 3448 opinio
2285 3382 2352 3434 de

780 3461 1068 3518 mendacio
1122 3473 1175 3518 et
1225 3468 1619 3536 sycophantia?
1683 3471 1789 3525 Sed
1847 3480 1899 3525 ct
1950 3472 2157 3541 absque
2229 3473 2350 3527 istis

781 3553 1092 3623 praedictis,
1145 3557 1344 3613 intueri
1389 3559 1641 3630 inprimis
1682 3571 1937 3632 oportet,
1999 3564 2166 3633 quod,
2224 3564 2351 3619 licet

784 3643 1171 3716 Hierosolymis
1216 3647 1420 3714 adfuit,
1469 3660 1525 3706 et
1570 3653 1721 3711 visus
1780 3663 1863 3708 est
1914 3653 2193 3723 discipulis
2232 3656 2349 3711 suis

2450 2471 2655 2542 ταύτην
2682 2471 2990 2542 ἐπλήρωσε.
3021 2471 3118 2523 καὶ
3161 2469 3260 2541 τὴν
3299 2473 3357 2524 ὲν
3397 2471 3790 2542 Ἱεροσολύμοις
3826 2469 4031 2539 ἐχαρί-

2454 2580 2602 2626 σατο,
2634 2561 2735 2615 ποῦ
2762 2561 2840 2632 τῷ
2867 2561 3055 2630 ψεύδει
3089 2564 3342 2634 πᾶροδος,
3367 2563 3471 2616 κάν
3503 2562 3634 2631 γοῦν
3658 2564 3716 2615 ἐν
3743 2561 3869 2631 ψιλῇ
3908 2578 4029 2616 τινι

2451 2655 2832 2709 καταλείποιτο
2860 2656 3170 2726 φαντασίᾳ;
3201 2655 3417 2709 Μᾶλλον
3445 2655 3500 2708 δὲ
3521 2697 3536 2720 ,
3564 2654 3682 2719 πῶς
3710 2654 3809 2707 οὐκ
3842 2654 4028 2718 ἐστιν,

2448 2746 2524 2810 ὡς
2552 2747 2616 2800 ἄν
2641 2765 2725 2809 τις
2754 2747 2918 2809 εἴποι,
2941 2747 3102 2817 διπλή
3129 2763 3214 2810 τις
3242 2747 3340 2817 τῆς
3364 2745 3618 2816 ἀληθείας
3645 2745 4028 2816 ἐκπλήρωσις,

2450 2833 2525 2891 ὦν
2557 2854 2616 2889 τε
2652 2837 2938 2907 ὑπέσχετο,
2987 2837 3085 2890 καὶ
3127 2830 3204 2890 ὧν
3256 2835 3392 2907 μηδέ
3434 2836 3804 2905 ὑποσχόμενος
3837 2835 4030 2904 ἐχαρί-

2452 2943 2618 2991 σατο;
2646 2927 2787 2996 Ὅρα
2812 2927 2870 2980 δὲ
2899 2928 3154 2980 κάκεῖνοο
3180 2927 3229 2980 εί
3257 2927 3355 2996 μὲν
3387 2924 3577 2988 ἁπλῶς
3605 2921 3674 2995 ἦν
3715 2924 4026 2994 προαγγεῖ-

2448 3018 2547 3081 λας
2577 3019 2634 3072 ἐν
2661 3021 2727 3087 τῇ
2761 3017 3022 3089 Γαλιλαίᾳ
3047 3020 3157 3081 τοῖς
3184 3017 3452 3088 μαθηταῖς
3483 3017 3871 3087 ὀραθήσεσθαι,
3908 3017 3939 3069 ό
3965 3016 4028 3070 δέ

2450 3108 2686 3179 ἀλλαχοῦ
2717 3109 2980 3180 πρότερον
3009 3108 3221 3178 ὼράθη,
3267 3107 3720 3178 συγκεχωρείσθω
3757 3107 3853 3159 καὶ
3880 3106 4028 3176 μηδέ

2452 3199 2634 3272 χώραν
2666 3182 2788 3269 ἔχον
2816 3201 2878 3253 τὸ
2907 3199 3121 3268 ψεῦδος.
3171 3201 3231 3251 Et
3262 3198 3318 3252 δὲ
3359 3197 3695 3260 ἀπελθόντας
3744 3196 3847 3266 ἔφη
3888 3196 4029 3264 ὀψε-

2454 3291 2597 3353 σθαι,
2630 3295 2679 3345 οἱ
2711 3293 2768 3345 δὲ
2792 3290 2946 3344 οὔπω
2975 3290 3360 3361 παρεγένοντο,
3404 3289 3527 3342 οὐδὲ
3571 3289 3680 3357 γάρ
3723 3285 3792 3359 ἦν
3835 3288 4028 3350 αὐτοῖς

2450 3384 2905 3455 ἐνεστηριγμένον
2946 3383 3007 3435 τὸ
3035 3382 3136 3452 τῆς
3183 3383 3532 3443 ἀναστάσεως
3560 3379 3769 3450 θαῦμα,
3801 3379 3887 3430 ἵνα
3929 3378 4028 3429 τὸν

2452 3477 2781 3542 ἀναστάντα,
2813 3476 2881 3528 τὰ
2921 3474 3265 3544 Ίεροσολύμα
3287 3474 3554 3538 λιπόντες,
3597 3474 3677 3535 είς
3719 3471 3819 3543 τὴν
3855 3471 4026 3524 Γαλιο

2451 3567 2609 3631 λαίαν
2642 3568 2770 3620 ἰδεῖν
2805 3565 3248 3638 προσδοκήσωσι·
3298 3565 3416 3627 πῶς
3454 3567 3558 3618 οὐκ
3585 3562 3846 3625 ἀσύνετος
3879 3563 4026 3630 σφό-

2456 3660 2557 3730 δρα
2585 3660 2684 3728 τῆς
2710 3659 2804 3712 ἐπὶ
2832 3658 2910 3730 τῷ
2949 3659 3133 3728 ψεύδει
3184 3656 3549 3726 συκοφαντίας
3577 3657 3610 3726 ἡ
3639 3653 3798 3720 δόξας
3834 3653 4027 3722 Χωρὶς

786 3735 1065 3804 Servator,
1102 3754 1212 3793 non
1256 3749 1434 3796 tamen
1479 3743 1849 3812 principaliter
1879 3745 1954 3798 illi
1999 3763 2124 3800 eum
2168 3746 2346 3802 intue-

2453 3748 2510 3802 δὲ
2539 3748 2648 3801 τῶν
2676 3748 2984 3820 εἰρημένων
3010 3747 3240 3818 συνορᾷν
3277 3745 3513 3814 μάλιστα
3552 3743 3738 3813 δεήσει
3761 3780 3776 3803 ,
3805 3738 3881 3802 ὡς
3921 3739 4028 3792 κᾶν

785 3829 1002 3884 bantur.
1040 3828 1144 3896 Qui
1184 3834 1327 3886 enim
1361 3844 1615 3903 possent,
1661 3837 1753 3904 qui
1796 3850 1856 3890 se
1881 3835 2133 3905 spiritum
2167 3838 2350 3891 videre

783 3921 1081 3992 putabant?
1109 3921 1261 3988 Quod
1294 3924 1340 3980 si
1367 3935 1546 3980 autem
1591 3937 1774 3996 postea
1806 3927 2117 3992 credebant,
2167 3939 2346 3984 tamen

785 4031 885 4069 nec
929 4015 1061 4070 illud
1116 4032 1372 4085 magnum
1417 4017 1541 4076 fuit.
1604 4019 1745 4085 Quid
1790 4019 1937 4079 enim
1984 4032 2179 4090 preter
2222 4022 2347 4086 hoc,

791 4124 810 4156 ι
849 4105 1109 4175 Spiritum
1140 4123 1361 4164 carnem
1410 4119 1464 4165 et
1494 4125 1616 4165 ossa
1653 4108 1759 4166 non
1791 4111 2070 4179 habere",
2108 4131 2127 4163 ι
2180 4115 2348 4181 quod.

785 4199 876 4266 qui
903 4208 1127 4254 mortem
1159 4201 1387 4267 obierat,
1422 4203 1762 4257 resurrexit?
1799 4204 2062 4269 Quocirca
2098 4205 2218 4260 illos
2269 4206 2351 4259 in-

787 4305 1016 4359 crepans
1045 4291 1120 4350 ait
1154 4309 1167 4344 :
1195 4311 1213 4344 ι
1274 4293 1413 4358 Quid
1440 4295 1641 4350 turbati
1671 4296 1844 4350 estis?
1879 4295 2149 4361 Quorsum
2198 4300 2351 4366 cogi-

787 4382 1020 4437 tationes
1065 4384 1448 4458 ascenduntin
1488 4388 1650 4441 corda
1695 4396 1878 4442 vestra
1896 4389 1978 4441 '7?
2013 4407 2031 4439 ε
2081 4388 2196 4443 Hoc
2241 4404 2350 4443 non

786 4481 905 4526 erat
931 4487 1119 4534 eorum
1159 4475 1252 4545 qui
1287 4477 1483 4532 animis
1515 4478 1733 4532 fuerant
1762 4477 2089 4541 conﬁrmati,
2125 4481 2215 4548 qui
2251 4482 2353 4533 im-

787 4564 1079 4619 mobilibus
1101 4567 1314 4622 veritati
1338 4569 1641 4630 rationibus
1664 4570 2029 4624 adbaarebant.
2055 4569 2111 4623 ln
2134 4571 2350 4624 Galilcea

786 4670 970 4711 revera
1013 4657 1265 4714 viderunt
1288 4675 1436 4723 eum,
1476 4660 1673 4718 ibidem
1705 4663 1939 4715 revelato
1982 4664 2144 4716 modo
2177 4665 2349 4716 mani-

787 4745 1126 4808 festabatur:
1178 4749 1324 4818 quod
1378 4765 1540 4819 quem
1591 4751 1938 4806 intuebantur
1981 4755 2185 4812 oculis.
2239 4753 2352 4820 ipse

785 4846 949 4900 esset,
1007 4855 1025 4889 ι
1084 4839 1178 4907 qui
1242 4841 1436 4899 mortis
1505 4841 1808 4901 dominium
1870 4843 2284 4912 spoliaverat";
2324 4862 2342 4895 ι

787 4926 922 4995 ipse,
951 4946 970 4979 ι
1010 4928 1103 4996 qui
1142 4945 1322 4984 rerum
1356 4934 1601 4987 omnium
1635 4950 1755 5003 quae
1796 4935 1848 4988 in
1875 4934 2012 4988 caalo
2047 4945 2176 4988 sunt
2201 4949 2265 4988 ac
2295 4934 2348 4986 in

788 5025 936 5068 terra
967 5025 1284 5085 potestatem
1313 5032 1597 5090 acceperat
1624 5031 1678 5078 et
1704 5023 2002 5080 dominium
2020 5022 2085 5085 ",
2125 5041 2142 5072 ι
2176 5038 2349 5091 quan-

2450 3843 2508 3893 ἐν
2542 3839 2932 3908 Ἰεροσολύμοις
2961 3839 3199 3909 ἐπέστη,
3229 3837 3324 3890 καὶ
3354 3835 3514 3904 ὤφθη
3542 3836 3654 3895 τοῖς
3684 3831 3958 3901 μαθηταῖς
4000 3833 4029 3882 ὁ

2449 3932 2675 4003 Σωτὴρ,
2722 3931 2837 3985 ἀλλ’
2881 3931 2975 3986 οῦν
3026 3932 3084 3983 οὐ
3139 3929 3345 4000 κυρίως
3381 3928 3580 3980 ἐκεῖνοι
3628 3922 3817 3978 τοῦτον
3859 3920 4028 3973 ἐθεά-

2450 4042 2610 4078 σαντο
2629 4042 2642 4054 ·
2681 4024 2796 4086 πῶς
2821 4023 2930 4093 γὰρ
2957 4023 3166 4092 ἐώρων,
3221 4021 3273 4074 οἵ
3297 4037 3362 4088 γε
3395 4017 3616 4086 πνεῦμα
3649 4014 3875 4083 θεωρεῖν
3906 4013 4026 4065 s66-

2450 4134 2610 4182 κουν;
2641 4117 2706 4168 ΕΞ
2734 4114 2792 4168 δὲ
2825 4115 2919 4168 καὶ
2975 4112 3198 4185 ὕστερον
3230 4112 3534 4174 ἐπίστευον,
3576 4108 3694 4162 ἀλλ’
3717 4105 3840 4160 οὐδὲ
3873 4103 4027 4157 οὕτω

2451 4208 2623 4276 μέγαο
2658 4207 2709 4260 τί
2745 4206 2875 4276 γὰρ,
2906 4204 3046 4275 πλὴν
3099 4205 3181 4259 ὅτι
3214 4224 3232 4260 ι
3268 4201 3490 4273 Πνεῦμα
3530 4201 3708 4269 σάρκα
3729 4197 3822 4252 καὶ
3852 4195 4029 4248 ὀστέα

2447 4302 2545 4351 οὐκ
2563 4298 2728 4369 ἔχει,ι
2762 4299 2858 4351 καὶ
2886 4297 2968 4350 ὃτι
3000 4297 3161 4358 αὐτὸς
3183 4297 3211 4348 ὁ
3240 4293 3568 4355 θανατωθεὶς
3594 4290 3688 4344 καὶ
3717 4288 4017 4356 ἀνέστηκε;

2449 4390 2540 4442 Διὸ
2568 4389 2662 4441 καὶ
2689 4387 2959 4457 ἐπιτιμῶν
2999 4385 3183 4448 αὐτοῖς
3233 4384 3417 4450 ἔλεγε·
3470 4400 3489 4433 ι
3520 4381 3586 4433 Τί
3617 4376 4024 4446 τεταραγμένοι

2451 4483 2594 4547 ἐστὲ,
2628 4484 2723 4534 καὶ
2755 4480 2843 4534 διὰ
2869 4480 2922 4532 τί
2948 4479 3197 4547 λογισμοὶ
3223 4475 3606 4530 ἀνασαίνουσιν
3636 4474 3693 4526 ἐν
3714 4471 3836 4531 ταῖς
3881 4485 4022 4536 καρ-

2448 4574 2588 4635 δίαις
2610 4571 2799 4640 ὑμῶν;
2830 4590 2848 4622 ι
2886 4571 3023 4641 ὅπερ
3054 4569 3154 4621 οὐκ
3185 4563 3253 4639 ἦν
3279 4563 3699 4636 ἐστερεωμένων
3730 4563 3853 4622 ταῖς
3873 4558 4020 4627 γνὼ-

2412 4700 2415 4701 ν
2452 4679 2599 4731 μαις,
2646 4661 2754 4712 οὐδ’
2788 4661 3064 4728 ἀκινήτοις
3111 4655 3412 4728 χρωμένων
3453 4654 3582 4723 περὶ
3615 4654 3714 4720 τὴν
3754 4649 4018 4718 ἀλήθειαν

2447 4753 2557 4812 τοῖς
2585 4749 2885 4817 λογισμοῖς.
2904 4745 2993 4799 Ἐν
3013 4748 3078 4815 τῇ
3111 4743 3374 4814 Γαλιλαίᾳ
3395 4742 3453 4795 δὲ
3482 4739 3696 4810 ἀληθῶς
3722 4739 4019 4790 ἐθεάσαντο

2449 4842 2542 4893 καὶ
2564 4834 2700 4890 εἶδον
2720 4855 2734 4869 ⁶
2759 4839 2934 4890 ἐκεῖσε
2952 4834 3061 4906 γάρ
3085 4834 3266 4907 αὐτοῖς
3293 4830 3675 4899 ἀποκαλυΨΘέν
3703 4828 4014 4898 ἐτρανώθη,

2447 4932 2520 4992 ὡς
2541 4931 2600 4983 ὃν
2627 4929 2880 4999 βλέπουσι
2902 4927 2996 4980 καὶ
3018 4925 3240 4995 ὁρῶσιν,
3268 4924 3430 4985 αὐτὸς
3465 4924 3562 4993 μέν
3593 4925 3739 4974 ἐστιν
3773 4938 3791 4968 ι
3833 4921 3862 4971 ὁ
3920 4917 4015 4969 τοῦ

2453 5021 2684 5074 θανάτου
2725 5017 3025 5079 σκυλεύσας
3055 5016 3117 5067 τὸ
3150 5014 3385 5085 κράτος·
3414 5013 3576 5075 αὐτὸς
3615 5010 3671 5063 δὲ
3722 5011 3750 5062 ὁ
3795 5008 4016 5060 πάντων

789 5107 860 5162 do
906 5123 1173 5163 summam
1221 5120 1276 5166 et
1331 5114 1602 5169 excelsam
1651 5116 1985 5183 apostolatus
2029 5115 2344 5184 dignitatem

2455 5113 2675 5165 ἃπασαν
2705 5110 2812 5162 τῶν
2841 5109 2931 5160 ἐπὶ
2959 5111 3060 5176 γῆς
3093 5107 3188 5158 καὶ
3232 5102 3468 5174 οὐρανῷ,
3501 5103 3600 5172 τὴν
3629 5099 3879 5164 ἐξουσίαν
3919 5098 4017 5149 καὶ

789 5209 951 5264 super
979 5195 1164 5251 orbem
1200 5199 1511 5253 universum
1540 5203 1790 5256 etllatam
1822 5203 2174 5270 accipiebant.
2198 5200 2344 5267 Qua-

789 5298 848 5338 re
873 5284 1148 5340 doctorem
1186 5302 1345 5342 suum
1375 5289 1622 5360 discipuli
1649 5307 1834 5346 revera
1870 5293 1919 5344 in
1951 5291 2172 5346 Galilma
2203 5293 2348 5346 vide-

790 5372 940 5440 bant,
987 5371 1275 5432 Dominum
1306 5388 1357 5432 et
1389 5395 1511 5434 cun.
1548 5389 1810 5448 potestate
1839 5382 2090 5436 omnibus
2126 5380 2347 5450 imposi-

2454 5203 2750 5273 κυριότητα
2792 5197 3213 5267 ἀναδεδεγμένος
3239 5204 3263 5230 °
3286 5212 3301 5226 ·
3337 5214 3355 5246 ι
3389 5195 3477 5248 ὅτε
3509 5195 3603 5246 καὶ
3631 5192 3694 5244 τὸ
3734 5191 3881 5260 μέγα
3921 5188 4014 5239 καὶ

2455 5293 2656 5363 ὑψηλὸν
2683 5293 2781 5360 τῆς
2812 5291 3112 5356 ἀποστολῆς
3151 5286 3386 5356 ἀξίωμα,
3425 5284 3526 5354 τῆς
3557 5282 3659 5338 ἀνά
3698 5281 3876 5333 πᾶσαν
3915 5277 4013 5363 τὴν

2454 5362 2780 5451 οἰκουμένην
2807 5377 3207 5449 περιεϐάλοντο.
3227 5371 3546 5457 Τοιγαροῦν,
3575 5373 3631 5424 ἐν
3655 5371 3721 5440 τῇ
3752 5362 4011 5430 Γαλιλαίᾳ

862 5531 904 5560 ⁷⁸
928 5527 1060 5585 Luc.
1089 5534 1344 5600 xx:v,39.
1435 5538 1476 5567 ⁷⁷
1511 5537 1639 5592 ibid.
1671 5539 1757 5593 58.
1833 5540 1880 5570 ⁷⁸
1927 5537 2086 5591 llcbr.
2147 5555 2206 5601 ll,
2259 5539 2345 5592 l-l.
2420 5539 2464 5574 ⁷ο
2496 5537 2682 5590 Matth.
2710 5551 2894 5598 xxvm,
2931 5534 3118 5589 18-20.

2091 5690 2320 5748 VARIE
2372 5691 2659 5747 LECTION
2669 5691 2769 5745 ES.

873 5834 902 5878 ξλ
927 5827 989 5880 (ὲ.
1029 5827 1098 5893 Μ.
1132 5830 1380 5899 θεωρίας.
1462 5842 1483 5867 ο
1516 5833 1574 5886 C.
1611 5832 1674 5886 Μ.
1709 5833 2168 5900 ἀναόεόειγμένος.
