4200 6444
224 434 331 497 653

1154 431 1250 488 AD
1289 428 1877 491 AMPHILOCHIUM
1909 430 2252 502 ΟυιΒΞΤΙΟ
2283 432 2401 505 CX,
2438 432 2587 493 CXI.

3346 438 3455 500 654

224 545 316 596 τὸν
346 541 690 603 διδάσκαλον,
721 540 797 603 ὡς
823 538 1037 608 ἀληθῶς
1060 577 1075 599 ,
1108 539 1156 589 οἱ
1190 537 1430 607 μαθηταὶ
1472 536 1783 591 ἐθεάσαντο·
1817 557 1860 611 Α

1817 557 1860 611 Α
1890 549 2003 593 tum
2054 541 2249 597 divina
2306 540 2542 611 Spiritus
2598 542 2773 598 sancti
2832 544 3015 613 gratiae.
3066 544 3451 615 elargitorem:

222 636 429 704 Κύριον
454 636 563 702 γὰρ
593 631 1069 699 καῌξουσιαστὴν
1102 628 1196 681 τοῦ
1220 630 1442 689 παντὸς.
1474 629 1572 698 τῆς
1597 645 1655 681 τε
1690 628 1789 697 χά-

222 742 373 793 ριτος
421 724 517 779 τοῦ
564 723 831 790 παναγίου
880 720 1197 790 Πνεύματος
1246 719 1503 789 χορηγὸν,
1554 718 1792 771 καὶτῶν

221 817 401 870 ἄλλων
430 816 650 883 ἀγαθῶν
680 814 887 884 ταμίαν
915 813 1039 865 τότε
1081 809 1281 880 μᾶλλον
1329 810 1362 879 ἢ
1410 813 1675 879 πρότερον
1708 809 1790 861 δι·

222 907 518 975 δαχθέντες
544 946 559 966 ,
609 905 969 972 κατενόησαν.
1012 900 1345 970 Παναληθῶς
1392 900 1501 970 ἄρα
1548 902 1641 953 καὶ
1679 900 1793 953 θεο-

224 994 453 1065 πρεπῶς
485 993 587 1063 ἔφη
621 995 651 1045 ὁ
670 992 927 1062 Χριστὸς,
956 990 1061 1043 κᾶν
1088 992 1147 1041 ἑν
1172 988 1566 1058 Ἱεροσολύμοις
1598 988 1791 1041 ἑαυτὸν

226 1084 637 1153 προῠπὲδειεεν,
694 1084 887 1151 ὅτιπερ
932 1083 983 1133 οῖ
1038 1079 1280 1149 μαθηταὶ
1341 1080 1439 1148 τὴν
1505 1078 1791 1133 Γαλιλαίαν

226 1174 650 1239 καταλαϐόντες,
673 1174 793 1226 εκεῖ
823 1174 984 1226 αὑτὸν
1008 1172 1249 1241 ὀψονται.
1470 1164 1473 1169 ’

763 1283 1093 1337 ΕΡΩΤΗΣῙΣ
1130 1285 1279 1337 PlA'.

1889 633 2116 685 aliorum
2145 648 2363 702 quoque
2397 634 2667 689 bonorum
2699 649 2949 704 promum
2990 636 3229 691 condum
3261 657 3274 692 :
3307 642 3454 708 quod

1889 722 2089 778 clarius
2118 738 2281 793 quam
2304 734 2464 780 antea
2490 726 2914 796 cognoscebant.
2940 726 3210 793 Quocirca
3236 731 3459 786 verissi-

1890 829 1975 866 rne
2003 820 2084 877 tet
2109 814 2289 870 divine
2315 816 2454 871 dixit
2479 817 2751 883 Christus,
2778 829 3053 888 utcunque
3080 836 3139 874 se
3166 833 3461 891 prmosten-

1888 904 2050 959 debat
2076 903 2486 977 Hierosolymis,
2529 910 2675 979 quod
2705 910 2907 980 ipsum,
2936 925 3062 966 cum
3097 913 3378 967 venissent
3404 916 3459 965 in

1891 994 2189 1063 Galileam,
2220 999 2392 1054 visuri
2420 1010 2585 1056 erunt

2010 1276 2335 1344 ρυιεδτιο
2362 1280 2479 1335 CXI
2518 1279 2705 1352 [CoisL
2740 1292 2789 1335 et
2821 1282 2985 1336 Tur.
3019 1281 3327 1351 CXXXI‘J].

378 1396 516 1444 Edtta
559 1411 588 1452 ι
614 1396 926 1454 lontacutio,
961 1410 1044 1459 ep.
1069 1395 1194 1453 2N,
1217 1398 1284 1444 ad
1323 1396 1639 1459 Stephanum,
1676 1411 1723 1459 p.
1751 1394 1972 1445 315-517.
2020 1395 2071 1444 In
2098 1397 2220 1458 psal.
2246 1412 2445 1459 cxxxrv,
2478 1398 2555 1458 15,
2580 1405 2634 1447 et
2654 1402 2772 1461 psal.
2798 1415 2909 1458 ειν,
2935 1402 2981 1457 4,
3003 1400 3140 1460 juxta
3160 1397 3301 1447 LXX.

314 1516 333 1548 ι
356 1499 436 1550 Τὰ
465 1497 660 1551 εἴδωλα
682 1496 787 1551 τῶν
810 1496 977 1550 ἐθνῶν
1003 1496 1269 1566 ἀργύριον
1296 1499 1390 1549 καὶ
1413 1495 1635 1567 χρυσίον
1663 1494 1800 1566 ἔργα

229 1590 431 1659 χειρῶν
472 1588 794 1656 ἀνθρώπων.
831 1608 850 1640 ι
904 1587 971 1641 Τί
1017 1588 1075 1640 δὲ
1123 1587 1194 1641 τὰ
1260 1588 1510 1641 σπονδεῖα
1556 1586 1658 1653 τῆς
1694 1586 1800 1640 τῶν

231 1679 578 1749 Χριστιανῶν
610 1680 927 1747 θρησκείας,
959 1679 1051 1731 καὶ
1079 1680 1128 1732 οί
1154 1681 1448 1749 κρατῆρες,
1476 1678 1569 1731 καὶ
1594 1678 1651 1730 αἱ
1678 1676 1798 1730 θυῖ-

232 1786 389 1831 σκαι,
430 1769 523 1820 καὶ
547 1770 597 1821 oi
624 1769 716 1821 τοῦ
749 1768 983 1837 σταυροῦ
1012 1768 1174 1820 τύποι
1198 1768 1292 1821 καὶ
1326 1768 1495 1839 μυρία
1532 1768 1697 1834 dum;
1725 1767 1799 1820 δῶ

232 1863 348 1931 γὰρ
381 1863 555 1913 εἰπεῖν
578 1860 678 1930 τῆς
715 1860 1015 1930 Μωσαῖκῆς
1046 1860 1236 1924 θυσίας
1265 1862 1335 1913 τὰ
1364 1860 1635 1931 σύμϐολα*
1678 1858 1800 1930 οὐχὶ
1830 1898 1874 1956 Β

234 1953 526 2024 ἀργύριον,
560 1954 654 2003 καὶ
679 1954 920 2021 χρυσίον,
950 1952 1042 2003 καὶ
1068 1950 1223 2014 ξύλα,
1252 1953 1345 2005 καὶ
1378 1952 1665 2021 χρώματα,
1706 1950 1802 2003 καὶ

233 2044 376 2113 ἔργα
403 2042 601 2113 χειρῶν
645 2041 982 2113 ἀνθρώπωνς
1023 2042 1113 2111 Μὴ
1140 2043 1353 2110 γένοιτο
1370 2059 1383 2072 ·
1413 2043 1473 2095 οὑ
1500 2043 1608 2113 γὰρ
1632 2040 1803 2112 ἀργύ-

236 2131 359 2199 ριόν
415 2132 570 2192 εἰσιν,
619 2129 735 2182 ἀλλ’
782 2130 840 2196 ἐξ
882 2130 1167 2201 ἀργύρου’
1218 2131 1333 2184 οὐδὲ
1385 2132 1627 2202 χρυσίον,
1666 2131 1805 2186 ἀλλὰ

237 2221 441 2288 χρυσοῦ
489 2221 870 2291 πεποιημέναο
903 2222 1023 2274 οὐδὲ
1054 2222 1208 2287 ξύλα,
1260 2223 1294 2292 ἢ
1339 2224 1607 2293 χρώματα
1633 2264 1649 2288 ,
1689 2223 1802 2279 ἀλλ’

238 2310 377 2380 ὓλην
412 2310 512 2380 μὲν
546 2311 657 2381 ἔχει
686 2310 877 2365 ταῦτα.
906 2312 1131 2383 Ἕτερον
1152 2313 1208 2366 δὲ
1236 2313 1288 2366 τί
1316 2316 1463 2368 ἐστιν
1488 2316 1551 2369 ὲκ
1579 2316 1801 2382 τούτων,

238 2402 547 2473 θαυμάσιον
592 2399 704 2457 οἷον
751 2404 1261 2473 συντετελεσμένον·
1302 2407 1363 2459 οὑ
1398 2406 1500 2477 μὴν
1542 2408 1651 2462 οὐδ’
1690 2408 1804 2461 ἔστι

236 2494 441 2563 χειρῶν
467 2494 768 2561 ἀνθρώπων
793 2493 1095 2557 παιζόντων
1119 2496 1247 2567 περὶ
1264 2497 1363 2568 τὴν
1380 2496 1532 2567 ὕλην,
1562 2499 1726 2570 χωρίς
1745 2516 1804 2552 τε

238 2586 423 2654 πάσης
462 2585 744 2654 ἔνεργείας
776 2585 925 2650 θείας
957 2587 1018 2639 τὸ
1060 2587 1447 2658 παρεμπίπτον
1475 2590 1654 2642 αὐτῶν
1684 2593 1805 2654 ταῖς

236 2675 500 2738 διανοίαις
544 2678 1017 2731 ἀναπλαττόντων.
1064 2680 1163 2730 Διά
1197 2678 1376 2743 τοῦτο,
1417 2680 1487 2733 τὰ
1525 2682 1621 2750 μὲν
1655 2681 1806 2734 οὐδὲν

238 2771 429 2838 ἕτερόν
460 2771 575 2823 ἐστι
603 2771 744 2842 πλὴν
772 2773 909 2842 αὑτὴ
944 2774 977 2841 ἡ
1007 2772 1107 2843 ῦλη
1135 2773 1568 2845 περιυϐρισμένη
1593 2816 1608 2839 ,
1648 2776 1742 2828 καὶ
1778 2780 1806 2830 ὁ

238 2862 351 2913 τῶν
378 2863 736 2933 ἀνθρωπίνων
764 2867 964 2937 χειρῶν
994 2870 1397 2934 ἁνεπίσκεπτός
1445 2888 1504 2923 τε
1551 2873 1645 2924 καὶ
1676 2872 1794 2924 ἀλό·

240 2971 431 3020 γιστος
460 2956 742 3017 πόνοςοτὰ
772 2958 828 3010 δὲ
890 2959 1226 3028 μορφάζεται
1276 2962 1375 3032 μὲν
1423 2965 1517 3015 ἐπὶ
1568 2967 1635 3033 τῇ
1682 2963 1804 3033 ὕλῃ,

240 3047 342 3097 καὶ
383 3048 483 3115 τὴν
529 3052 686 3117 χεῖρα
716 3050 1096 3120 ὑπηρετοῦσαν
1145 3051 1255 3121 ἔχει
1282 3093 1297 3116 ,
1336 3054 1451 3107 ἀλλ’
1480 3056 1687 3109 ἄνωθεν
1718 3073 1807 3107 κιο

240 3139 511 3208 νουμένην
532 3156 546 3169 ·
594 3142 946 3212 ὑπηρετεῖται
974 3143 1081 3213 γὰρ
1114 3147 1232 3207 ταῖς
1261 3145 1464 3198 ἄνωθεν
1498 3147 1807 3209 ἐπιπνοίαις

1983 1494 2156 1548 ιιάοΙα
2192 1496 2433 1565 gentium
2472 1504 2760 1567 argentum
2794 1504 2848 1549 rt
2886 1510 3115 1556 aurum,
3147 1508 3309 1563 opera
3348 1510 3465 1545 ma-

1904 1601 2072 1639 nuum
2123 1586 2510 1641 humanarum.
2546 1606 2565 1638 ι
2596 1585 2736 1641 Vasa
2791 1586 3040 1640 libatoria
3100 1588 3154 1638 in
3207 1585 3468 1652 religione

1900 1678 2211 1734 Christiana
2232 1720 2247 1745 ,
2283 1688 2560 1744 crateres,
2604 1678 2906 1745 thuribula,
2944 1678 3126 1733 crucis
3155 1678 3380 1748 eﬂlgies,
3413 1689 3470 1731 et

1901 1783 2157 1826 sexcenta
2203 1772 2308 1825 alia
2346 1789 2360 1825 :
2404 1773 2759 1842 pratermitto
2793 1771 2938 1825 enim
2964 1770 3208 1842 symbola
3242 1768 3466 1823 Mosaici

1901 1861 2195 1929 sacrificii;
2234 1878 2419 1918 nonne
2460 1875 2746 1935 argentum
2787 1871 2994 1918 suntet
3026 1878 3245 1922 aurum,
3294 1861 3464 1930 ligna,

1901 1944 2112 2009 colores
2136 1996 2151 2016 ,
2208 1970 2371 2025 opera
2406 1970 2661 2009 manuum
2700 1955 3058 2009 humanarum
3087 1955 3111 2007 τ
3142 1952 3258 2008 lmo
3301 1954 3465 2017 absit,

1899 2055 2182 2113 argentum
2223 2062 2329 2099 non
2357 2056 2505 2110 sunt,
2545 2047 2638 2101 sed
2665 2058 2938 2116 argentea,
2970 2062 3076 2101 non
3107 2063 3325 2110 aurum,
3362 2047 3458 2101 sed

1900 2148 1966 2185 ex
2039 2147 2173 2187 auro
2228 2133 2407 2196 facta,
2480 2148 2588 2187 non
2652 2133 2831 2204 ligna,
2894 2149 3003 2188 non
3061 2135 3311 2193 colores.
3372 2136 3468 2187 sed

1901 2224 2181 2279 materiem
2232 2224 2381 2277 illam
2432 2223 2654 2279 habent.
2728 2224 2887 2279 Aliud
2925 2236 3011 2279 est
3050 2240 3115 2279 ex
3146 2226 3286 2289 istis,
3321 2226 3470 2294 quod

1902 2316 2178 2385 perticitur
2221 2331 2359 2385 opus
2402 2317 2601 2369 mirum
2648 2333 2662 2369 :
2711 2332 2820 2370 non
2872 2325 2999 2371 sunt
3044 2332 3307 2370 manuum
3364 2317 3468 2370 hu-

1903 2421 2185 2460 manarum
2236 2408 2291 2460 in
2350 2407 2577 2461 materia
2627 2407 2970 2471 ludentium,
3037 2416 3089 2460 et
3135 2408 3257 2460 sine
3318 2410 3467 2461 omni

1903 2495 2219 2564 operatione
2270 2495 2453 2550 divina
2495 2496 2557 2550 id
2596 2496 2740 2565 quod
2790 2496 3175 2564 cogitationem
3242 2496 3472 2550 subierit

1903 2586 2307 2640 fabricantium.
2349 2586 2618 2653 Quocirca
2665 2586 2753 2641 illa
2786 2586 2921 2641 nihil
2950 2587 3095 2641 aliud
3121 2597 3269 2642 sunt.
3301 2603 3468 2656 quam

1903 2680 2126 2732 materia
2167 2678 2559 2732 contumeliose
2595 2688 2840 2743 tractata,
2883 2689 2936 2731 et
2971 2694 3228 2731 manuum
3284 2679 3470 2732 huma-

1905 2786 2094 2825 narum
2118 2771 2271 2824 labor
2291 2771 2411 2825 sine
2438 2771 2644 2824 ratione
2659 2780 2713 2823 et
2739 2769 3173 2824 consideratione
3198 2770 3305 2825 ulla
3327 2788 3341 2826 ε
3365 2771 3468 2824 ista

1905 2873 2084 2917 autem
2117 2862 2397 2917 eﬂormata
2428 2862 2482 2915 in
2507 2862 2754 2924 materia,
2785 2869 2843 2915 et
2865 2875 3060 2914 manus
3090 2860 3291 2915 habent
3330 2862 3467 2915 suh-

1908 2955 2301 3016 ministrantes,
2339 2952 2436 3008 sed
2468 2962 2642 3007 motas
2680 2968 2709 3005 a
2744 2952 2887 3005 caelo
2922 2970 2934 3004 :
2969 2967 3093 3004 nam
3130 2952 3471 3006 subservitur

1905 3047 2216 3100 caelestibus
2235 3045 2703 3113 inspirationibus.
2725 3053 2778 3097 et
2801 3043 2995 3096 rationi
3021 3044 3291 3111 prudenti,
3309 3051 3363 3097 et
3378 3042 3469 3111 jn-

1906 3138 2105 3193 dicium
2120 3139 2336 3207 pietatis
2352 3136 3062 3207 promoventibus.Attende,
3080 3135 3462 3193 lconomacbe.

240 3230 342 3280 καὶ
364 3228 642 3296 λογισμοῖς
681 3232 937 3301 ἐμφροσι,
969 3236 1065 3288 καὶ
1100 3235 1233 3305 πρὸς
1258 3236 1357 3307 τὴν
1392 3236 1589 3309 εὐσεσῆ
1629 3238 1809 3309 κρίσιν
1834 3233 1877 3291 C

1834 3233 1877 3291 (Ξ
1911 3245 2010 3285 nec
2052 3230 2293 3285 ediscere
2342 3240 2393 3282 te
2438 3228 2637 3298 pudeat
2674 3229 2761 3282 illa
2806 3242 2901 3297 per
2929 3243 3048 3297 qua:
3088 3228 3405 3281 liberaberis
3439 3243 3469 3279 ιι

240 3322 591 3391 ἀνηγμένοις.
634 3323 910 3395 Προσύχες
964 3335 1013 3388 P,
1048 3327 1405 3397 Είκονομάχε,
1450 3329 1543 3382 καὶ
1589 3330 1663 3399 μὴ
1708 3332 1810 3383 ἐπ-

238 3412 539 3482 αισχυνθῇς
594 3414 809 3484 μαθεῖν,
860 3416 927 3469 δι’
976 3410 1052 3471 ὧν
1098 3419 1362 3488 αἰσχύνης
1421 3423 1655 3490 φρικτῆς
1704 3423 1810 3474 ἁπ-

237 3504 481 3576 αλλάττῃ
499 3514 550 3567 ιι,
597 3508 689 3558 καὶ
750 3507 906 3576 δίκην
950 3508 1190 3575 ἄφυκτον
1236 3513 1425 3577 φυγεῖν
1471 3512 1804 3583 ἐξευρήσεις.

240 3594 455 3663 Ὠσπερ
499 3594 555 3646 δὲ
591 3597 658 3648 τὰ
698 3597 943 3667 ἡμέτερα
988 3598 1238 3652 σπονδεῖα
1288 3602 1381 3653 καὶ
1417 3602 1466 3653 οῖ
1514 3606 1805 3673 κρατῆρες,

239 3684 341 3735 καὶ
381 3685 437 3736 αί
481 3684 731 3748 θυῖσκαι,
769 3688 863 3740 καὶ
895 3689 943 3740 οῖ
977 3688 1070 3740 τοῦ
1104 3689 1341 3759 σταυροῦ
1388 3691 1569 3753 τύποι,
1616 3696 1711 3745 καὶ
1740 3694 1809 3746 τὰ

240 3775 624 3842 παραπλήσια,
654 3778 714 3829 οὺ
750 3779 966 3847 χρυσὸς,
1014 3782 1116 3833 οὐκ
1162 3782 1423 3850 ἄργυρος,
1464 3783 1581 3835 οὐδὲ
1612 3782 1804 3848 ξύλων,

239 3865 273 3931 ἧ
305 3866 609 3932 χρωμάτων
644 3864 765 3935 ὕλη,
797 3866 906 3919 οὐδ’
940 3867 1076 3937 ἔργα
1106 3868 1307 3937 χειρῶν
1341 3870 1680 3939 ἀνθρώπων.
1714 3873 1808 3924 οὗ,

237 3970 349 4015 τως
378 3954 497 4007 οὐδὲ
528 3955 598 4007 τὰ
625 3956 745 4024 ἱερὰ
775 3956 929 4027 ἡμῶν
976 3958 1085 4010 τῶν
1132 3959 1530 4028 είκονισμάτων
1556 3961 1805 4014 ἐκτυπώ-

241 4063 410 4113 ματα,
441 4047 539 4099 οὐκ
577 4047 725 4101 εστιν
750 4048 1033 4119 ἀργύριον,
1065 4050 1186 4103 οὐδὲ
1213 4051 1455 4121 χρυσίον,
1509 4053 1632 4106 οὐδὲ
1673 4054 1805 4123 χαλ.

238 4140 361 4198 κός,
383 4138 444 4189 οὐ
474 4137 577 4207 μὴν
599 4139 719 4191 οὐδὲ
744 4140 1009 4209 χρώματα
1032 4140 1143 4193 οὐδ’
1167 4141 1304 4210 ἔργα
1335 4143 1487 4213 (μήτι
1515 4145 1742 4212 γένηται
1762 4147 1802 4213 ι)

239 4227 443 4295 χειρῶν
477 4228 853 4298 ἀνθρωπίνων.
879 4231 988 4299 Τῆς
1012 4231 1124 4301 γὰρ
1152 4232 1417 4285 ἀνέκαθεν
1440 4234 1803 4305 ἁποστολικῆς

236 4334 300 4369 τε
330 4317 426 4370 καὶ
470 4322 741 4388 πατρικῆς
789 4320 1139 4390 παραδόσεως
1164 4360 1180 4385 ,
1231 4323 1292 4375 τὸ
1321 4322 1464 4376 θεῖον
1508 4324 1604 4378 καὶ
1654 4326 1805 4378 ἀδιά-

238 4424 453 4461 πτωτον
482 4409 764 4479 κήρυγμα,
796 4408 906 4463 οἷόν
940 4429 1022 4475 τις
1047 4412 1286 4482 ἔμπνους
1316 4416 1507 4482 σοφία,
1536 4418 1635 4487 τὴν
1673 4416 1805 4489 ῦλην

236 4501 722 4570 ἀπολαμϐάνουσα,
757 4506 849 4557 καὶ
892 4509 1033 4559 κατὰ
1073 4508 1201 4571 τοὺς
1250 4509 1412 4572 ἰδίους
1468 4510 1564 4563 καὶ
1626 4512 1805 4581 ἱεροὺς

236 4595 476 4663 θεσμοὺς
505 4597 850 4667 ἐργαζομένη
877 4640 892 4662 ,
926 4599 1130 4669 ταύτην
1162 4600 1258 4653 καὶ
1289 4602 1690 4671 τεχνιτεύουσα,
1728 4605 1803 4655 εἰ·

237 4686 447 4748 κονίζει
488 4704 548 4739 τε
587 4690 682 4740 καὶ
729 4694 1048 4758 μορφοποιεῖ
1095 4691 1247 4744 οὐδὲν
1294 4691 1391 4761 τῆς
1434 4692 1624 4763 ὑλικῆς
1669 4694 1800 4746 ἀκο-

238 4774 441 4842 σμίας,
479 4777 513 4847 ἢ
558 4779 656 4845 τῆς
686 4778 1031 4847 ἀνθρωπίνης
1079 4781 1461 4849 περιεργείας,
1509 4781 1565 4832 ὲν
1615 4781 1799 4846 αὐτοῖς

235 4866 386 4918 ἐῶσα
441 4868 947 4937 παρρησιάζεσθαι·
994 4870 1116 4923 ὅλον
1167 4870 1221 4923 δὲ
1280 4871 1340 4923 τὸ
1390 4870 1549 4941 ἔργον
1597 4873 1797 4942 ἑαυτῆς

1910 3322 2114 3391 pudore
2148 3322 2371 3376 terribili
2394 3360 2410 3383 ,
2446 3334 2499 3374 et
2547 3322 2688 3374 unde
2718 3320 2977 3373 rationem
3010 3319 3173 3373 inibis
3202 3319 3467 3387 judicium

1909 3414 2216 3468 inevitabile
2242 3412 2550 3468 declinandi
2580 3429 2593 3465 :
2625 3411 2789 3465 veluti
2823 3427 2946 3464 cum
2980 3410 3228 3464 libatoria
3258 3420 3465 3471 nostra,

1908 3509 2127 3570 calices.
2161 3518 2214 3562 et
2248 3508 2545 3569 thuribula,
2574 3507 2753 3561 crucis
2788 3507 2989 3573 ﬁguras,
3020 3520 3083 3558 ac
3109 3504 3331 3567 similia,
3360 3520 3467 3559 non

1909 3610 2036 3653 sunt
2075 3614 2301 3660 aurum,
2353 3613 2462 3653 non
2503 3607 2820 3667 argentum,
2866 3612 2972 3649 non
3014 3595 3322 3664 lignorum,
3358 3610 3471 3648 non

1909 3692 2150 3747 colorum
2183 3690 2471 3755 materies,
2512 3704 2690 3757 neque
2713 3702 2876 3757 opera
2913 3703 3168 3740 manuum
3203 3688 3473 3740 humana-

1910 3798 2028 3835 rum
2063 3798 2077 3835 :
2112 3780 2183 3833 ita
2217 3788 2443 3836 sacrata:
2480 3779 2774 3849 imaginum
2820 3778 3322 3847 repmsenlatiorres
3353 3792 3460 3831 non

1910 3880 2039 3927 sunt
2061 3886 2280 3935 aurum,
2312 3880 2616 3939 argentum,
2651 3885 2747 3933 tes,
2770 3871 3002 3934 colores,
3034 3884 3141 3923 non
3168 3883 3333 3937 opera
3357 3884 3469 3922 rna-

1907 3980 2075 4018 nttum
2118 3964 2284 4033 (Deus
2312 3963 2538 4017 meliora
2562 3963 2600 4033 l)
2632 3963 3011 4016 humanarum.
3040 3960 3358 4015 Praedicatio
3387 3961 3471 4014 di-

1905 4054 2028 4106 vina
2082 4061 2138 4107 et
2180 4052 2446 4106 invariata
2506 4051 2815 4107 traditionis
2859 4051 2927 4105 ab
2966 4050 3120 4104 initio
3162 4050 3470 4119 apostolica:

1904 4154 1958 4199 et
1986 4144 2224 4214 patritae,
2280 4152 2533 4212 tanquam
2576 4142 2749 4196 vivida
2777 4142 3021 4211 quaedam
3067 4141 3469 4210 sapientia'ma-

1907 4238 2094 4291 teriem
2127 4234 2518 4304 apprehensatn
2542 4233 2695 4302 juxta
2726 4233 2973 4302 proprias
3004 4241 3058 4286 et
3088 4232 3301 4285 divinas
3326 4232 3469 4301 leges

1906 4339 2145 4397 operata,
2181 4336 2233 4381 et
2258 4326 2548 4381 artiﬁciose
2587 4335 2844 4385 tractans,
2883 4323 3114 4378 formam
3150 4334 3204 4378 et
3236 4327 3467 4394 tiguram

1908 4419 2156 4489 imaginis
2193 4420 2249 4472 in
2276 4432 2395 4471 eam
2424 4417 2652 4480 inducit,
2690 4416 2822 4470 nihil
2858 4416 3019 4485 plane
3057 4415 3141 4469 vel
3183 4416 3469 4469 deordina-

1910 4510 2072 4565 tionis
2107 4510 2424 4574 materialis,
2453 4510 2535 4563 vel
2564 4510 2815 4563 humanae
2849 4508 3183 4564 curiositatis
3219 4508 3291 4562 ibi
3340 4522 3465 4575 per-

1909 4603 2127 4656 mittens
2158 4601 2322 4655 libere
2347 4611 2602 4665 exstare;
2629 4600 2721 4654 sed
2755 4615 2893 4669 opus
2930 4614 3091 4655 suum
3145 4600 3373 4652 omnino
3408 4609 3463 4651 et

1909 4696 1961 4749 in
1989 4694 2221 4750 solidum
2261 4700 2580 4753 ostentans,
2625 4706 2791 4761 puras
2823 4701 2878 4746 et
2932 4690 3300 4759 impermistas
3338 4705 3464 4758 pro-

1907 4793 2213 4856 totyporum
2243 4784 2765 4853 repraesentationes,
2796 4792 2851 4836 ut
2880 4782 2957 4836 rei
2987 4797 3163 4836 sacra:
3212 4782 3465 4836 convenit

1903 4885 1959 4929 et
1990 4883 2215 4929 sacrata:
2254 4872 2429 4934 tantae.
2461 4873 2699 4927 exhibet.

234 4958 495 5011 δεικνῦσα
541 4963 635 5013 καὶ
670 4960 1043 5028 ἀποφαίνουσα
1089 4961 1336 5030 καθαρὰς
1378 4964 1509 5031 ἡμῖν
1539 4964 1634 5015 καὶ
1680 4965 2091 5041 ακιϐδήλουςιὲν
2112 4967 2223 5029 τοῖς
2254 4965 2468 5026 σεπτοῖς
2516 4964 2855 5033 εἰκονίσμασι
2914 4967 3010 5024 τὰς
3074 4963 3183 5015 τῶν
3247 4979 3461 5033 πρωτοο

232 5048 427 5102 τύπων
459 5051 725 5119 ἐμφάσεις
760 5053 1097 5121 ἱεροπρεπῶς
1124 5070 1182 5105 τε
1210 5054 1303 5105 καὶ
1332 5054 1632 5123 ίεροτύπως
1654 5056 1969 5127 παρέχεται.

314 5140 502 5208 Ἔχεις
554 5136 670 5204 οὖν,
711 5142 789 5203 ὡς
841 5143 899 5193 ἐν
952 5141 1229 5213 βραχέσιν,
1275 5141 1450 5213 οἶμαι,
1500 5143 1566 5196 δι’
1621 5137 1696 5197 ὧν
1742 5161 1802 5195 τε

1969 5147 2043 5201 Ita
2078 5147 2244 5201 habes
2264 5187 2278 5210 ,
2310 5146 2506 5214 opinor
2526 5186 2541 5209 ,
2575 5145 2720 5198 unde
2747 5143 2959 5198 fructus
2987 5144 3207 5212 pic-tatis
3238 5152 3458 5199 tuorum

236 5234 436 5284 σαυτὸν
481 5232 579 5301 τὴν
638 5234 968 5302 προγονικὴν
1018 5233 1303 5288 εὐσέϐειαν
1349 5234 1802 5305 καρποφοροῦντα

1799 5276 1802 5284 ,
1897 5234 2300 5304 progenitorurn
2345 5233 2625 5302 percipere
2663 5233 2907 5287 declares
2932 5274 2949 5297 ,
2991 5245 3045 5286 et
3080 5235 3458 5288 luereticorurn

238 5320 445 5388 μᾶλλον
485 5322 792 5388 ἐπιδείξεις,
831 5325 924 5377 καὶ
953 5325 1080 5387 τοὺς
1114 5326 1487 5393 αίρετίζοντας
1517 5328 1802 5394 ἐπιστομί-

235 5428 375 5473 σεις.
414 5412 505 5482 Τῷ
538 5415 636 5483 μὲν
687 5415 797 5485 γὰρ
844 5418 944 5486 τῆς
980 5416 1112 5486 ῦλης
1159 5416 1300 5487 λόγῳ
1338 5419 1429 5470 καὶ
1461 5418 1542 5487 τῷ
1585 5418 1802 5471 ὐποκει·

235 5502 407 5573 μένῳ.
438 5505 627 5577 ὥσπερ
651 5507 898 5577 τράπεζα
920 5507 1076 5570 Θεοῦ,
1096 5510 1188 5562 καὶ
1212 5510 1459 5579 τράπεζα
1484 5510 1795 5579 δαιμονίων,

1897 5340 1994 5379 ora
2023 5324 2242 5379 obtures
2264 5366 2278 5387 ,
2316 5322 2550 5377 breviter
2580 5338 2856 5391 expressa.
2900 5320 3034 5376 Nam
3069 5364 3083 5387 ,
3117 5325 3261 5391 quod
3290 5333 3462 5377 mate-

1899 5419 2084 5471 rialem
2114 5418 2381 5471 rationem
2424 5424 2652 5486 spectat.
2686 5430 2868 5469 mensa
2896 5414 3012 5474 Dei.
3038 5424 3089 5469 et
3130 5430 3317 5469 mensa
3350 5415 3460 5468 da:-

1900 5522 2145 5569 tnonum,
2183 5506 2509 5561 sacriﬁcium
2544 5505 2809 5565 divinum.
2841 5512 2895 5558 ct
2921 5504 3248 5557 diabolicum
3277 5503 3449 5555 sacri-

1526 5678 1749 5733 \'.\lll.E
1778 5676 2173 5733 LECTlOKES.

275 5815 396 5869 PC.
446 5814 515 5873 Μ.
568 5819 818 5886 πρόσχες.
898 5821 999 5871 τιεί.
1038 5818 1101 5870 Μ.
1144 5816 1440 5881 Ξπαῖιλαγη.
