4200 6444
798 440 908 502 655

1944 444 2198 504 PHUTII
2246 439 2745 500 PATRIARCHA‘I
2777 440 2885 498 (ΣΡ.

3939 441 4056 504 656

801 552 1008 612 licium,
1040 565 1376 618 paganorum
1411 553 1564 620 orgia
1587 591 1603 616 ,
1643 562 1694 605 et
1725 553 2072 622 mystagogiaa
2096 551 2360 606 Christia—
2389 555 2416 605 Α

2460 547 2618 600 θυσία
2671 564 2728 598 τε
2779 547 2918 611 θεία,
2982 547 3075 598 καὶ
3126 547 3282 599 θυσία
3349 547 3713 616 δσιμονὼδηςν
3757 549 3937 619 ὄργιά
3989 568 4054 602 τε

796 653 1013 701 norum,
1049 649 1102 692 et
1130 640 1292 692 inulla
1319 639 1444 702 alia,
1480 655 1602 708 quae.
1630 655 1721 706 per
1747 655 1992 693 summos
2013 641 2214 708 gradus
2243 641 2357 694 dis-

795 739 1092 797 parantur,
1133 745 1239 782 non
1280 747 1473 797 magna
1512 741 1692 786 tamen
1733 739 1982 786 constant
2007 731 2306 786 dill‘ereutia
2340 754 2353 786 ε

795 837 896 874 usu
925 835 988 873 ac
1018 821 1206 880 titulo,
1237 823 1649 873 consecratione
1669 864 1684 887 ,
1715 837 1780 875 ac
1805 821 2031 891 mystica
2057 821 2354 889 participa-

794 915 940 966 tione
965 952 979 974 ,
1005 922 1060 965 et
1092 913 1144 965 in
1186 912 1371 966 multis
1421 913 1546 966 aliis
1570 955 1584 978 ,
1639 911 2014 980 inexplicabile
2056 912 2354 966 discrimen

791 1004 1056 1058 obtinent.
1091 1004 1174 1056 Ad
1212 1003 1355 1057 hunc
1388 1005 1604 1060 modum
1641 1004 1780 1058 idola
1821 1004 2081 1073 gentium,
2111 1017 2164 1057 et
2189 1002 2356 1056 Chri-

790 1096 1097 1149 stianorum
1149 1097 1444 1164 imagines,
1499 1097 1754 1164 templum
1801 1095 1930 1159 Dei,
1978 1104 2032 1149 et
2077 1095 2350 1149 idolorum

790 1205 919 1250 arm,
958 1189 1165 1246 nidoris
1196 1187 1791 1260 Greeanici‘llturgica
1846 1204 2010 1253 vasa,
2071 1204 2136 1242 ac
2179 1186 2351 1241 nostri

787 1281 1042 1338 sacriﬁcii
1092 1281 1211 1349 puri
1256 1282 1402 1336 illius
1447 1289 1500 1336 et
1544 1283 1662 1336 sine
1702 1280 1968 1351 sanguine
2004 1289 2213 1336 sacrata
2264 1294 2352 1334 re-

785 1373 1059 1438 ceptacula
1094 1389 1108 1424 :
1144 1374 1256 1426 hzec
1302 1383 1549 1441 utraque,
1579 1388 1700 1443 qua:
1724 1373 1808 1432 sic
1836 1372 1890 1426 in
1928 1372 2236 1440 oppositum
2267 1385 2353 1425 se-

783 1473 1084 1516 cernuntur
1110 1501 1126 1524 ,
1168 1462 1449 1516 materiem
1503 1464 1700 1517 habent
1743 1462 2037 1531 aliquando
2081 1462 2349 1527 eamdem,

785 1571 849 1608 ac
879 1556 931 1608 in
959 1554 1108 1608 nullo
1147 1555 1549 1623 discrepantem
1592 1573 1605 1610 :
1655 1563 1713 1609 at
1741 1554 2042 1611 secundum
2071 1555 2348 1620 formalia,

784 1653 840 1700 et
873 1642 1108 1712 speciem
1165 1643 1474 1698 inducentia
1503 1687 1518 1709 ,
1574 1654 1669 1700 aut
1711 1645 2040 1700 alteritatem
2089 1645 2348 1700 inducere

783 1737 1055 1798 valentia,
1089 1735 1487 1804 inexplicabilis
1534 1737 1759 1792 resultat
1819 1751 1918 1791 nec
1960 1735 2140 1790 verbis
2167 1734 2350 1804 expri-

783 1827 976 1880 menda
1006 1826 1334 1882 differentia.
1371 1827 1710 1899 Quapropter
1753 1829 1975 1883 materia
2019 1829 2243 1884 minime
2290 1828 2346 1882 in

782 1917 1062 1971 meliorem
1102 1927 1298 1972 statum
1335 1927 1562 1984 mutata,
1604 1920 1735 1989 quin
1762 1919 1942 1989 potius
1969 1918 2186 1974 abunde
2215 1933 2340 1988 par-
2371 1905 2412 1960 Β

782 2009 1034 2077 ticipans,
1083 2023 1190 2064 non
1239 2009 1514 2064 immerito
1564 2011 1793 2081 lignum,
1850 2011 2076 2080 lapides,
2127 2025 2344 2076 aurum,

781 2114 1058 2170 argentum
1084 2143 1098 2163 ,
1129 2117 1232 2169 ωε,
1267 2118 1430 2172 opera
1459 2119 1719 2158 manuum
1757 2103 2118 2158 humanarum
2153 2103 2339 2172 appel-

779 2192 978 2256 lantur,
1001 2199 1054 2247 et
1075 2191 1299 2262 profana
1323 2200 1472 2257 sunt,
1497 2194 1686 2263 impia,
1712 2193 1948 2261 impura,
1987 2192 2184 2262 partim
2221 2207 2349 2261 pro-

777 2294 900 2355 pter
913 2284 1419 2354 materiem,partim
1445 2298 1665 2356 prOpter
1682 2287 1965 2351 artiﬁcem,
1981 2286 2176 2355 partim
2194 2285 2346 2341 abiis

778 2377 976 2444 quibus
1007 2378 1168 2447 impie
1200 2389 1254 2431 et
1276 2378 1539 2433 scelerate
1583 2379 1933 2434 ascribuntur
1951 2378 2346 2432 denominatio-

780 2485 899 2522 nem
925 2471 1137 2525 sortita.
1158 2469 1309 2526 Hane
1332 2470 1403 2526 ob
1417 2486 1660 2534 causam,
1679 2471 1804 2526 licet
1825 2485 1888 2526 os
1914 2471 2169 2536 habeant,
2194 2480 2346 2527 muta

778 2562 1065 2629 dicuntur;
1098 2561 1225 2618 licet
1256 2561 1421 2633 pedes
1441 2572 1495 2618 et
1515 2557 1732 2625 manus:
1766 2580 1871 2618 non
1895 2565 2098 2618 moveri
2117 2571 2334 2619 tamen:

778 2654 904 2709 licet
922 2669 1100 2717 aures,
1119 2670 1307 2721 nasos,
1343 2663 1521 2711 tamen
1551 2657 1668 2712 sine
1686 2672 1870 2721 sensu,
1891 2656 2007 2711 sine
2021 2657 2236 2711 actione
2256 2657 2343 2711 in-

779 2745 901 2798 ania
919 2760 1038 2800 esse
1055 2744 1582 2810 dicuntur.Quorum
1597 2748 1740 2802 enim
1756 2747 2068 2818 archetypa,
2081 2749 2165 2803 vel
2184 2749 2341 2814 nihil,

778 2837 865 2892 vel
889 2837 1110 2901 misera,
1147 2839 1232 2894 vel
1261 2839 1524 2911 sacrilega
1560 2849 1708 2904 sunt,
1744 2855 1934 2895 eorum
1965 2840 2159 2895 artifex
2200 2841 2344 2896 inter

778 2930 978 2999 impios
1019 2932 1190 3000 magis
1223 2933 1390 2986 miser
1419 2943 1541 2994 est,
1595 2940 1650 2986 et
1696 2934 1878 2986 cultus
1926 2933 2201 2988 exhibitus
2235 2932 2343 2990 Deo

776 3023 949 3093 magis
984 3036 1240 3090 texosus;
1279 3024 1427 3080 hisce
1484 3026 1634 3079 nullo
1680 3027 1838 3081 modo
1887 3034 2065 3095 potest
2095 3025 2341 3095 adaptari

777 3116 963 3184 gratia:
985 3124 1040 3169 et
1072 3117 1256 3184 gloria:
1299 3117 1596 3187 quidquam
1639 3119 2003 3187 operationis,
2037 3127 2132 3173 aut
2176 3119 2343 3174 hone-

777 3208 914 3263 stior
942 3207 1249 3277 appellatio.
1307 3209 1377 3264 At
1410 3208 1847 3265 Christianorum
1885 3224 2039 3264 sacra
2092 3219 2148 3265 et
2177 3226 2338 3265 veue-
2366 3241 2409 3298 ο

777 3299 972 3355 rabilia
1004 3315 1132 3356 vasa
1164 3301 1577 3356 sacramentalia
1606 3343 1622 3364 ,
1654 3303 1884 3371 templa,
1932 3301 2195 3371 imagines
2221 3343 2236 3364 ,
2284 3312 2340 3357 et

777 3390 881 3444 alia
941 3392 1157 3460 pietatis
1214 3391 1508 3460 cultusque
1553 3392 1730 3462 signa,
1775 3400 2054 3460 utcunque
2090 3393 2336 3448 eamdem

778 3483 1062 3536 materiem
1093 3482 1418 3545 sortiantur,
1449 3484 1503 3538 in
1537 3485 1732 3539 melius
1757 3493 1935 3540 tamen
1963 3484 2133 3538 multo
2163 3493 2341 3542 trans-

778 3571 1122 3634 formamur;
1165 3587 1290 3638 usu,
1323 3571 1566 3636 nomine,
1613 3573 1945 3643 mystagogia
1983 3581 2037 3626 et
2061 3573 2342 3644 exempla-

777 3662 920 3716 rium
944 3662 1246 3726 divinitate,
1273 3676 1509 3732 quorum
1538 3677 1634 3732 per
1657 3663 1999 3719 characteres
2023 3664 2343 3732 exprimun-

780 3763 888 3820 tur,
916 3763 972 3808 et
999 3753 1716 3823 sanctiﬁcataﬁscparataque
1765 3755 2136 3821 perﬁciuntur.
2191 3753 2341 3810 Hanc

776 3847 848 3901 ob
876 3862 1098 3901 causam
1133 3848 1276 3901 haud
1317 3846 1544 3902 ulterius
1577 3847 1803 3918 lignum,
1843 3846 2002 3915 lapis,
2033 3857 2338 3918 argentum,

777 3953 1007 4001 aurum,
1049 3953 1155 3994 non
1199 3940 1361 3994 modo
1390 3941 1599 3993 colores
1646 3948 1910 4009 potestate
1949 3949 2001 3994 et
2035 3941 2204 4008 gratia
2251 3954 2342 3994 as-

779 4030 1005 4084 sistente
1031 4039 1086 4085 et
1113 4030 1466 4097 specilicante
1493 4031 1737 4086 destituti
1765 4032 2002 4100 reputari
2027 4031 2229 4087 debent
2257 4033 2342 4086 vel

780 4121 1048 4176 nominari
1084 4139 1096 4176 :
1126 4133 1314 4177 sancta
1354 4123 1556 4191 potius,
1584 4123 1921 4189 honoranda,
1954 4123 2216 4194 gloriosa,
2253 4139 2344 4178 ve-

779 4213 1062 4269 nerabilia.
1092 4214 1226 4269 Cum
1267 4216 1412 4269 enim
1459 4216 1782 4286 participent
1827 4217 2102 4272 caelestem
2150 4231 2341 4286 opera-

778 4303 983 4358 tionem
1007 4344 1022 4370 ,
1054 4314 1109 4359 et
1133 4320 1253 4359 eam
1286 4306 1351 4360 iis
1379 4305 1818 4371 communicent,
1848 4306 2049 4375 quibus
2079 4306 2339 4363 dedican-

779 4405 870 4449 tur
893 4435 909 4460 ,
946 4411 1180 4466 quorum
1221 4412 1420 4451 nomen
1449 4395 1730 4462 referunt,
1765 4398 2001 4466 speciem
2044 4413 2343 4468 reprzesen-

2457 639 2646 701 ἐθνῶν,
2681 639 2773 691 καὶ
2802 638 3146 711 Χριστιανῶν
3179 639 3559 707 μυσταγωγίαι
3595 682 3610 702 ,
3643 641 3736 692 καὶ
3765 641 3950 692 πολλὰ
3991 643 4050 694 δὲ

2457 730 2593 784 ἄλλα
2620 731 2730 782 τῶν
2762 731 2841 792 είς
2866 731 2928 784 τὸ
2954 731 3257 801 ἀκρότατον
3284 732 3702 800 ἀντικειμένων,
3738 733 3863 803 παρ’
3924 733 4047 784 ὀλίο

2456 839 2554 889 γον
2598 822 2783 890 έχουσι
2828 823 2889 875 τὸ
2939 821 3429 893 παρηλλαγμένον·
3464 825 3661 892 χρήσει
3691 823 3748 877 δὲ
3777 826 3864 877 καὶ
3903 826 4046 893 xli;-

2459 935 2560 983 σει,
2602 918 2944 988 ἐπιθειάσμῷ
2976 934 3036 971 τε
3082 919 3173 970 καὶ
3211 917 3592 990 τελεσιουργίᾳ
3617 958 3633 983 ,
3669 920 3764 971 καὶ
3807 920 4047 989 μυρίοις

2455 1009 2634 1070 ἄλλοις
2662 1009 2870 1077 ἄφατον
2892 1007 3076 1061 αὐτῶν
3104 1008 3344 1078 ὑπάρχει
3373 1009 3433 1061 τὸ
3455 1009 3828 1078 διωρισμένον.
3864 1010 4046 1062 Οὕτω

2453 1097 2539 1166 δὴ,
2567 1098 2709 1151 οὕτω
2738 1099 2833 1152 καὶ
2859 1098 3052 1153 εἴδωλα
3082 1099 3276 1160 ἐθνῶν,
3309 1100 3402 1152 καὶ
3433 1101 3774 1171 Χριστιανῶν
3796 1103 4043 1163 εἰκόνες,

2453 1190 2580 1252 ναός
2609 1207 2668 1241 τε
2693 1189 2852 1255 Θεοῦ,
2881 1192 2977 1243 καὶ
3010 1190 3196 1260 βωμὸς
3233 1190 3491 1256 είδὼλων,
3539 1195 3633 1246 καὶ
3658 1194 3724 1262 δὴ
3759 1195 3849 1246 καὶ
3877 1195 4044 1246 κνίσ-

2456 1298 2556 1351 σης
2594 1282 2908 1352 Ἑλληνικοῦ
2930 1291 2952 1320 ι’
3000 1282 3350 1354 λειτουργικὰ
3389 1285 3582 1354 σκεύη,
3618 1285 3713 1336 καὶ
3735 1286 3830 1355 τῆς
3856 1286 4046 1338 καθα-

2450 1374 2552 1440 ρᾶς
2597 1372 2692 1425 καὶ
2755 1373 3100 1444 ἀναιμάκτου
3142 1373 3336 1437 Θυσίας
3377 1375 3538 1444 ήμῶν
3580 1378 3901 1446 ἱερουργικὰ
3953 1377 4045 1429 δο⁹

2450 1466 2572 1533 χεῖα
2591 1478 2606 1492 '
2642 1465 2740 1517 καὶ
2769 1463 2881 1534 γὰρ
2909 1466 3004 1518 καὶ
3027 1464 3236 1520 τούτων
3259 1465 3524 1535 ἑκάτερον
3545 1467 3657 1520 τῶν
3685 1469 3764 1532 εἰς
3813 1469 4044 1521 ἀντίθε-

2447 1571 2542 1606 τον
2566 1554 2881 1624 συστοιχίαν
2911 1556 3428 1626 ἀποκεκρινομένων
3447 1568 3468 1596 ⁸
3502 1557 3638 1626 ὓλην
3666 1557 3765 1626 μὲν
3787 1559 4042 1628 ἔχουσιν,

2448 1643 2602 1696 ἐστιν
2630 1645 2720 1697 ὅτε
2754 1645 2999 1714 μηδόλως
3041 1646 3274 1716 ἔχουσαν
3303 1648 3368 1700 τὸ
3409 1648 3831 1719 διηλλαγμένον
3884 1653 4044 1703 κατὰ

2450 1735 2634 1804 μέντοι
2678 1736 2750 1788 τά
2806 1734 3157 1806 μορφοῦντα,
3195 1738 3287 1790 καὶ
3348 1738 3756 1804 είδοποιοῦντα,
3795 1743 3890 1793 καὶ
3935 1743 4045 1806 τὴν

2448 1827 2741 1894 ἑτερότητα
2769 1827 3098 1897 ἐργάζεσθαι
3126 1844 3228 1896 πεσ
3241 1829 3428 1893 υκότα,
3455 1830 3683 1900 ἄπειρος
3707 1833 3913 1902 ὁρᾶται
3941 1833 4044 1885 καὶ

2439 1914 2582 1986 λόγῳ
2631 1917 2785 1987 μόλις
2811 1918 2952 1989 ῥητὴ
2978 1919 3010 1988 η
3041 1919 3098 1971 ὲν
3136 1920 3319 1982 αὐτοῖς
3349 1920 3715 1992 ἀλλοτριότης.
3773 1924 3846 1974 Δι’
3877 1922 3914 1975 ὃ
3960 1924 4034 1974 τὰ

2451 2007 2551 2076 μὲν
2593 2008 2691 2078 τῆς
2721 2008 2856 2077 ὕλης
2899 2009 3052 2064 ούδδν
3081 2011 3176 2064 ἐπὶ
3204 2011 3265 2064 τὸ
3291 2012 3515 2082 ἄμεινον
3550 2014 4029 2084 μετενηνεγμένα.

2447 2098 2584 2153 ἀλλά
2618 2100 2713 2152 καὶ
2758 2101 2894 2154 πολὺ
2927 2100 3021 2154 τοῦ
3056 2102 3299 2173 χείρονος
3348 2103 3743 2173 μετειληφότα,
3791 2104 4036 2167 δικαίως

2449 2190 2516 2243 ἂν
2550 2190 2705 2257 ξύλα,
2727 2191 2824 2244 καὶ
2852 2191 3011 2253 λίθοι,
3040 2193 3134 2246 καὶ
3162 2194 3382 2264 χρυσὸς,
3413 2194 3509 2248 καὶ
3530 2195 3789 2266 ἄργυρος,
3815 2196 3848 2266 ἢ
3883 2197 4040 2266 ἔργα

2447 2282 2650 2351 χειρῶν
2704 2282 3010 2352 ἀνθρώπων
3053 2284 3515 2353 ἑπονομάζοιντο,
3573 2285 3774 2355 βέϐηλά
3819 2303 3881 2338 τε
3934 2291 4038 2340 καὶ

2447 2374 2653 2444 ἐναργῆ
2696 2377 2790 2428 καὶ
2828 2375 3146 2448 ἀκάθαρτα*
3183 2376 3243 2428 τὸ
3275 2377 3375 2446 μὲν
3401 2379 3466 2431 ὲκ
3503 2378 3604 2446 τῆς
3634 2377 3765 2446 ὕλης
3790 2417 3806 2442 ,
3844 2379 3914 2431 τὸ
3947 2379 4035 2442 δὲ,

2447 2466 2511 2518 ἐκ
2540 2465 2632 2517 τοῦ
2669 2465 2994 2530 πλάττοντος
3015 2507 3031 2530 ,
3088 2468 3150 2521 τὸ
3181 2468 3238 2520 δὲ
3271 2467 3332 2530 ἐξ
3364 2468 3608 2530 ἐκείνων,
3640 2463 3720 2530 οἷς
3747 2467 4038 2528 δυσσεῦὦς

2448 2555 2544 2608 καὶ
2589 2555 2764 2618 ἀθέως
2810 2555 3190 2627 άνιερὼθησαν
3241 2556 3686 2628 ὲξωνομασμένα.
3721 2557 3820 2609 Διά
3851 2557 4039 2612 τοῦτο

2448 2646 2552 2700 xiv
2585 2647 2684 2717 ἔχῃ
2729 2649 2942 2717 στόμα,
2983 2649 3084 2717 τὴν
3128 2648 3373 2717 ἀφωνίαν
3402 2647 3751 2711 ὀνειδίζεται·
3790 2648 3897 2700 κᾶν
3936 2649 4037 2702 πό-

2445 2738 2560 2804 δας,
2593 2741 2698 2792 κᾶν
2739 2743 2946 2812 χεῖρας.
2999 2740 3098 2810 τὴν
3126 2742 3446 2810 ἀκινησίαν·
3481 2741 3584 2795 xiv
3617 2733 3746 2802 ὦτα,
3783 2740 3889 2792 κᾶν
3941 2743 4035 2808 (3E-

2447 2848 2562 2896 νας,
2597 2832 2702 2882 κᾶν
2725 2831 2779 2883 εἴ
2811 2849 2862 2884 τι
2890 2831 3039 2892 ἄλλο,
3064 2831 3163 2900 τὴν
3195 2833 3573 2902 ἀναισθησίαν,
3597 2833 3692 2885 καὶ
3720 2831 4033 2900 ἀπραξίαν,

2445 2923 2541 2975 καὶ
2572 2922 2630 2975 τὸ
2663 2916 3017 2992 μάταιον.Ὦν
3045 2923 3154 2994 γὰρ
3176 2924 3209 2994 ἦ
3233 2924 3383 2977 οὐδὲν
3406 2925 3439 2994 ἢ
3466 2924 3702 2992 δύστηνα
3729 2924 3822 2975 καὶ
3841 2924 4035 2992 ἐναγῆ

2445 3016 2513 3067 τά
2541 3015 2848 3087 ἀρχέτυπα,
2875 3016 2972 3068 καὶ
2999 3016 3029 3069 ὁ
3059 3015 3271 3071 τούτων
3305 3015 3555 3086 πλάστης
3588 3016 3722 3086 μετά
3755 3014 3846 3067 τοῦ
3885 3016 4036 3068 δυσ-

2449 3105 2642 3169 σεϐοῦς
2671 3107 3004 3176 ἀθλιώτερος
3025 3109 3119 3161 καὶ
3145 3109 3205 3161 τὸ
3232 3109 3332 3178 τῆς
3360 3108 3619 3178 λατρείας
3647 3108 3764 3161 ὅλον
3788 3107 4036 3159 Osos-tu-

2449 3197 2942 3267 γέστερονοτούτοις
2967 3198 3132 3252 πόθεν
3159 3200 3295 3263 ὅλως
3315 3200 3540 3270 χάριτός
3564 3197 3757 3267 τινοςῆ
3781 3197 3977 3268 δόξης.
3997 3198 4034 3267 ἢ

2440 3291 2738 3359 ἐνεργείας,
2756 3291 2789 3361 ἦ
2803 3308 2946 3355 τινος
2961 3294 3292 3362 σεμνοτέρας
3311 3293 3556 3362 κλήσεως
3572 3290 3784 3345 οίκείωσ
3793 3306 3840 3351 ις
3859 3306 4034 3359 ποριο

2442 3381 2812 3452 σθήσεταιῖτά
2841 3381 2898 3435 δὲ
2927 3382 3193 3451 ἀγια,καὶ
3221 3384 3396 3436 σεπτά
3421 3383 3532 3437 τῶν
3561 3381 3906 3454 Χριστιανῶν
3946 3383 4036 3434 is-

2443 3486 2535 3537 ρου
2543 3470 2708 3542 ργικά
2723 3488 2783 3523 τε
2798 3471 2991 3542 σκεύη,
3005 3475 3099 3526 καὶ
3109 3475 3332 3544 τεμένη,
3348 3476 3440 3527 καὶ
3453 3476 3820 3544 είκονίσματα,
3838 3475 3949 3528 καὶ
3963 3477 4036 3528 τὰ

2439 3560 2575 3615 ἀλλα
2588 3560 2686 3630 τῆς
2706 3560 2854 3627 θείας
2870 3564 3029 3634 ἡμῶν
3045 3565 3340 3636 θρησκείας
3358 3565 3745 3636 σύμϐολα,ὲπεὶ
3759 3565 3863 3618 κᾶν
3884 3565 4035 3636 ὕλην

2439 3653 2536 3721 οὐχ
2560 3653 2752 3721 ἑτέραν
2779 3654 3147 3726 ὐποόέόληται
3168 3696 3184 3720 ,
3217 3657 3331 3710 ἀλλ’
3362 3653 3457 3711 οὖν
3487 3674 3550 3724 γε
3581 3657 3714 3728 πρὸς
3744 3657 3806 3709 τὸ
3830 3657 4034 3727 πολλῷ

2440 3744 2662 3814 ἄμεινον
2721 3748 3154 3814 μετεσκεύασται
3173 3765 3189 3780 ο
3220 3750 3414 3819 χρήσει
3442 3749 3553 3819 γὰρ
3579 3749 3673 3801 καὶ⁵
3699 3747 3896 3818 κλήσει
3930 3750 4035 3801 καὶ

2445 3837 2810 3908 μυσταγωγίᾳ
2834 3879 2850 3904 ,
2875 3841 2971 3893 καὶ
3018 3843 3084 3911 τῇ
3124 3842 3233 3894 τῶν
3275 3843 3737 3913 παραδειγμάτων
3771 3843 4031 3913 θεότητι,

2439 3920 2645 3992 ὧντοϊς
2680 3932 3025 4004 χαρακτῆρσι
3055 3933 3528 4005 διαμεμόρφωται,
3563 3935 3656 3988 καὶ
3685 3932 3908 4005 μυρίοις
3935 3936 4035 3994 ἂλ-

2441 4023 2554 4086 λοις
2599 4022 3039 4092 καθαγιασθέντα
3081 4029 3444 4084 τετελείωται.
3488 4031 3586 4084 Διά
3629 4029 3784 4083 τοῦτο
3823 4031 4033 4084 οὐκέτι

2443 4116 2594 4183 ξύλα,
2649 4119 2682 4187 ἢ
2727 4118 2895 4184 λίθος,
2928 4119 3039 4174 οὐδ’
3065 4120 3326 4193 ἄργυρος.
3371 4122 3491 4176 οὐδὲ
3520 4122 3749 4192 χρυσόςο
3788 4122 3850 4174 οὐ
3913 4122 4032 4194 μὴν

2441 4210 2558 4264 οὐδὲ
2610 4213 2879 4283 χρώματα
2925 4213 3110 4282 γυμνά
3159 4213 3261 4283 τῆς
3309 4213 3673 4284 εἰδοποιούσης
3723 4213 3815 4265 καὶ
3869 4232 4033 4283 παρ-

2441 4303 2764 4374 εδρευούσης
2789 4305 3069 4376 δυνάμεώς
3099 4322 3162 4358 τε
3193 4306 3287 4359 καὶ
3315 4306 3558 4378 χάριτος,
3590 4305 3698 4359 οὔτ’
3723 4305 3790 4358 ἂν
3820 4306 4030 4376 ἐννοη-

2445 4394 2564 4466 θείη
2598 4399 2750 4462 ποτὲ,
2783 4397 2908 4452 οὔτε
2937 4397 3514 4467 παρονομασθήσεταιο
3535 4398 3665 4464 ἀγια
3691 4397 3747 4448 δὲ
3782 4397 4026 4465 μᾶλλον,

781 4497 913 4548 tant,
944 4503 1179 4558 cumque
1205 4489 1449 4541 animum
1483 4495 1728 4540 nostrum
1756 4488 1820 4540 ad
1869 4487 1959 4542 illa
1991 4489 2343 4544 transvehant

2447 4485 2536 4540 καὶ
2584 4487 2741 4556 τίμια
2801 4489 2898 4541 καὶ
2939 4486 3323 4558 δεδοξασμένα,
3373 4489 3467 4541 καὶ
3519 4489 3706 4542 σεπτά.
3755 4487 3872 4554 Τῆς
3907 4490 4029 4558 γάρ

777 4591 827 4634 et
869 4588 1254 4647 trausportent,
1284 4588 1339 4633 et
1377 4578 1618 4633 divinum
1667 4579 1907 4633 favorem
1945 4579 2101 4633 nobis
2132 4596 2334 4650 proeu-
2367 4589 2410 4645 ι)

2447 4577 2643 4631 Ξνωθεν
2687 4578 2986 4648 ἐνεργείας,
3026 4579 3120 4632 καὶ
3147 4574 3229 4642 οἷς
3259 4579 3664 4643 ἀνατέθεινται,
3704 4572 3778 4631 ὧν
3809 4595 3876 4631 τε
3917 4581 4028 4648 τὴν

778 4679 918 4733 rent,
943 4681 999 4725 et
1023 4671 1164 4725 bona
1195 4670 1492 4730 attraham.
1523 4684 1628 4723 non
1651 4684 1679 4723 a
1713 4671 1939 4724 materia
1977 4670 2338 4726 denominan-

2447 4669 2627 4738 κλῆσιν
2647 4670 2742 4724 καὶ
2771 4670 2834 4722 τὸ
2863 4665 3005 4733 εἶδος
3027 4670 3310 4740 φέρουσιν,
3336 4674 3394 4724 ὲν
3427 4672 3686 4742 μετουσία
3712 4671 4025 4738 γενόμενα,

777 4772 887 4827 tur,
929 4779 1033 4818 non
1076 4765 1144 4818 ab
1182 4763 1360 4832 aliqua
1404 4762 1510 4816 alia
1543 4762 1874 4831 proprietate
1902 4763 2335 4827 inconvenienti,

2447 4761 2526 4814 ιαὶ
2567 4761 2659 4814 τὸν
2701 4763 2969 4832 ἡμέτερον
3017 4762 3140 4816 νοῦν
3186 4765 3324 4832 πρὸς
3367 4765 3554 4816 ἐκεῖνα
3599 4761 4024 4824 διαϐιϐάζοντα,

777 4865 829 4909 et
857 4871 976 4923 qua:
1003 4855 1292 4910 contrariis
1323 4868 1627 4923 congruere
1654 4853 1856 4923 possit,
1887 4853 1981 4908 sed
2009 4869 2132 4923 quat
2161 4859 2335 4922 parti-

2447 4854 2899 4925 ςιαπορθμεύοντά
2940 4873 2998 4908 τε
3050 4857 3182 4925 ἡμῖν
3213 4857 3312 4924 τὴν
3340 4854 3551 4908 ἐκεῖθεν
3585 4850 3879 4920 ἀγαθοειδῆ
3923 4854 4024 4905 καὶ

777 4947 980 5015 cipant,
1020 4946 1084 5001 ad
1116 4960 1236 5016 qua:
1264 4944 1644 5008 traducuntur,
1675 4945 1872 5013 quibus
1903 4945 2251 5000 subserviunt
2285 4957 2339 5002 et

2447 4944 2582 4998 λείαν
2611 4947 2920 5016 εὐμένειαν,
2967 4947 3064 5001 οὐκ
3094 4948 3158 4998 ὲκ
3189 4946 3292 5015 τῆς
3329 4946 3462 5018 ὕλης
3503 4945 3572 4999 ἂν
3609 4943 3832 5004 εἰκότως
3878 4943 4029 5012 κλη-

777 5040 1126 5100 devoventur,
1156 5040 1223 5091 ab
1245 5036 1352 5090 illis
1373 5035 1590 5104 quidem
1614 5035 1816 5105 optime
1847 5043 1903 5088 et
1933 5047 2337 5105 cognoscuntur

2447 5037 2547 5104 δείη
2574 5056 2586 5068 ·
2615 5039 2677 5090 οὐ
2712 5039 2819 5110 μὴν
2851 5039 2960 5092 οὐδ’
2990 5039 3098 5092 ἀπό
3143 5057 3288 5101 τινος
3315 5035 3765 5106 ἀπεμφαινούσης
3811 5033 4024 5101 ἄλλης.

778 5137 808 5176 a
841 5124 972 5178 viris
1003 5125 1132 5193 piis.
1166 5133 1220 5177 et
1243 5121 1744 5177 denominationem
1777 5122 2101 5179 sortiuntur.

2447 5129 2525 5182 u‘t
2569 5132 2679 5192 τοῖς
2721 5130 3122 5199 ἀντικειμένοις
3153 5130 3502 5201 ἁρμοζούσης
3535 5128 3826 5197 ἰδιότητοςο
3897 5125 4031 5178 ἀλλ’

775 5210 852 5268 ὦν
881 5233 941 5268 τε
1000 5217 1248 5286 μετέσχε,
1293 5216 1390 5270 καὶ
1420 5217 1557 5288 πρὸς
1593 5216 1628 5270 ἃ
1661 5217 1976 5287 παρῆκται·
2020 5211 2100 5278 οἷς
2129 5234 2190 5269 τε
2223 5219 2576 5288 ὑπηρετεῖται
2607 5224 2700 5274 καὶ
2727 5224 3030 5294 ἀφιέρωται
3055 5239 3068 5253 ο
3098 5224 3314 5275 ἐκεῖθεν
3378 5217 3438 5275 εὖ
3506 5219 3672 5290 μάλα,
3723 5217 3821 5269 καὶ
3891 5215 4028 5268 λίαν

779 5312 1000 5374 ενδίκως
1046 5313 1141 5365 καὶ
1177 5312 1504 5378 γινώσκεται
1550 5314 1662 5374 τοῖς
1706 5311 1985 5365 εὐσεὸέσιν
2026 5312 2198 5375 ὅντως
2235 5315 2330 5366 καὶ
2369 5314 2712 5386 ὀνομάζεται.
3817 5315 3821 5324 “

884 5418 1209 5486 QUIESTIO
1234 5421 1373 5476 CXII
1413 5421 1598 5493 [CoisL
1633 5431 1680 5475 et
1713 5420 1876 5475 Taur.
1907 5419 2216 5493 CXXXIV].
2966 5433 3296 5486 Epm‘usm
3317 5431 3475 5484 IPIB'.

1115 5539 1253 5588 Edita
1283 5552 1310 5587 a
1336 5538 1647 5597 Montacutio,
1677 5551 1756 5599 ep.
1785 5534 1896 5595 216,
1937 5535 2001 5584 ad
2022 5539 2194 5600 Georg.
2243 5539 2416 5591 Nicon:

2464 5558 2512 5606 p.
2539 5546 2764 5599 διε-δικ.
2801 5548 3089 5611 Explanatio
3117 5549 3165 5593 in
3200 5546 3334 5594 Rom.
3363 5558 3431 5602 Ix,
3457 5545 3487 5592 5
3509 5557 3647 5605 seqq.

851 5620 1022 5686 Quem
1066 5622 1200 5678 nihil
1250 5637 1500 5691 separare
1531 5632 1704 5692 potest
1730 5621 1799 5675 ab
1841 5636 2025 5676 amore
2058 5621 2173 5688 Dei,
2228 5639 2337 5680 non

2520 5631 2614 5681 'Uv
2652 5633 2802 5687 οὐδὲν
2829 5631 3050 5687 δύναται
3083 5631 3316 5700 χωρίσαι
3341 5630 3440 5699 τῆς
3491 5629 3706 5698 ἀγάπης
3737 5624 3880 5679 Θεοῦ
3909 5643 3922 5654 ’
3954 5627 4025 5680 οὐ

2043 5751 2279 5813 νΑΒΙᾹΞ
2318 5756 2714 5822 ιεετιομεε.

825 5881 846 5922 .I
879 5871 939 5928 Ο.
968 5871 1279 5944 Μ.κνίσσης
1317 5870 1613 5943 Ἑλληνίου.
1695 5881 1717 5911 ⁸
1751 5872 1812 5928 C.
1845 5872 1914 5930 Μ.
1953 5875 2428 5948 ἀποκεκριμένων.
