4200 6444
220 466 326 529 657
1129 473 1227 531 AD
1257 468 1845 532 AMPHILOCIIIUM
1894 469 2240 541 QUIESTIO
2275 477 2458 537 CXII.
3342 486 3449 551 658

227 583 454 645 θάνατος
501 583 921 653 ἀπειλούμενος·
956 586 1015 638 οὗ
1064 584 1212 656 ζωῆς
1250 588 1575 656 ὑπόσχεσις·
1615 587 1676 638 ού
1714 585 1783 637 τὰ

1888 601 2033 641 mors
2065 590 2227 645 minis
2258 591 2543 659 intentata,
2579 606 2685 646 non
2718 590 2828 645 vita
2864 593 3161 661 promissa,
3195 611 3298 650 non
3326 614 3447 667 qua:

226 673 435 726 ἐκεῖθεν
461 675 648 739 ἀπλῶς
668 692 682 706 ·
718 678 779 731 ού
808 678 878 731 τὰ
905 677 1143 730 ἐνταῦθα
1160 695 1175 709 ·
1204 678 1320 741 πιῖις
1340 678 1502 741 αὐτὸς
1531 678 1788 741 ἑκουσίως

1890 676 1959 730 ibi
1985 685 2132 741 sunt,
2169 693 2276 731 non
2306 693 2427 746 quae
2464 678 2589 732 hic:
2620 678 2893 747 quomodo
2932 680 2978 735 is
3006 691 3200 748 sponte
3230 698 3450 751 separa-

228 766 545 834 ἁφίσταται,
576 770 670 823 καὶ
719 769 845 823 τότε
894 789 915 824 ι
948 771 1086 841 ὑπὲρ
1127 769 1240 823 τῶν
1269 769 1411 823 κατά
1441 770 1621 841 σάρκα
1660 787 1789 837 συγ-

228 860 438 926 γενῶν;
477 879 497 912 ι
530 860 627 914 καὶ
648 861 708 914 οὐ
736 864 895 931 μόνον
920 863 1011 916 τὸν
1031 862 1309 933 χωρισμὸν
1339 862 1623 933 ὑπομένει,
1654 861 1789 915 ἀλλὰ

228 951 322 1002 καὶ
369 950 626 1022 ἐπιθυμεῖ
670 954 763 1005 καὶ
799 953 1088 1024 ἐπεύχεται
1134 952 1472 1023 χωρισθῆναι
1515 950 1786 1023 Χριστοῦ·

235 1059 254 1088 ε
288 1041 549 1112 Ηύχόμην
597 1042 705 1114 γὰρ
762 1045 928 1106 αὐτὸς
982 1042 1095 1112 ἐγὼ
1164 1043 1416 1112 ἀνάθεμα
1469 1041 1610 1096 εἶναι
1682 1041 1791 1095 ἀπὸ

229 1133 488 1202 Χριστοῦ,
517 1134 656 1204 ὑπὲρ
686 1133 798 1187 τῶν
818 1135 1063 1203 ἀδελφῶν
1092 1151 1218 1204 μου,
1245 1135 1353 1187 τῶν
1383 1133 1662 1212 συγγενῶν
1688 1150 1789 1203 μου

228 1226 338 1277 τῶν
366 1226 506 1279 κατὰ
534 1226 729 1296 σάρκα.
765 1246 784 1279 ι
819 1226 976 1281 Οὕτω
1000 1228 1100 1296 μὲν
1122 1227 1188 1281 ἄν
1214 1244 1300 1291 τις
1330 1227 1431 1298 τὴν
1461 1227 1560 1296 σὴν
1587 1225 1792 1279 ἐπιτεί-

229 1333 337 1367 νων
388 1316 621 1385 ἀπορίαν
677 1318 823 1386 ἐρεῖ·
869 1317 935 1369 Τί
979 1315 1107 1383 οῦν;
1152 1316 1270 1380 πῶς
1332 1316 1670 1390 συμϐήσεται
1723 1318 1793 1373 τὰ

211 1401 551 1474 ’ἀσύμϐατα;
580 1410 649 1460 Ἦ
680 1407 894 1480 πρῶτον
948 1408 1045 1478 μὲν
1086 1411 1263 1462 ἐκεῖνο
1312 1410 1478 1477 φάναι
1521 1408 1673 1463 ἔστιν
1709 1409 1793 1462 ὅτι

231 1498 357 1550 οὐδὲ
388 1500 505 1550 ἑστι
548 1498 722 1552 ταῦτα
756 1500 1038 1569 μαχόμενα
1058 1515 1074 1529 ·
1114 1500 1175 1552 ού
1208 1499 1318 1569 γάρ
1352 1500 1594 1553 ἐναντίον
1618 1500 1795 1555 ἀδιαί-

234 1606 391 1659 ρετος
420 1589 583 1652 πόθος
616 1591 875 1660 Χριστοῦ,
902 1594 996 1645 καὶ⁵
1023 1590 1086 1644 τὸ
1109 1592 1333 1661 ἀγαπᾷν
1364 1589 1508 1643 οὕτω
1528 1590 1621 1645 τὸν
1653 1592 1794 1663 πλη-

234 1679 371 1740 σίου,
425 1679 567 1732 ὥστε
627 1681 720 1733 καὶ
775 1681 879 1749 τῆς
929 1682 1066 1743 ιδίας
1114 1681 1384 1750 ὠφελείας
1434 1682 1510 1753 μὴ
1554 1682 1798 1753 νομίζειν

233 1770 492 1823 ἐλάττονα
516 1771 612 1841 τὴν
644 1770 866 1824 ἐκείνων
890 1771 1187 1843 σωτηρίαν.
1225 1771 1442 1826 Μᾶλλον
1463 1773 1522 1827 δὲ
1553 1774 1647 1826 καὶ
1674 1791 1799 1827 συν-

234 1862 353 1932 ᾴδει
381 1862 554 1917 ταῦτα
585 1864 719 1932 πρὸς
742 1863 974 1933 ἄλληλα·
1004 1867 1034 1918 ό
1059 1865 1168 1935 γὰρ
1200 1865 1432 1933 ἀγαπῶν
1450 1866 1543 1919 τὸν
1572 1866 1799 1935 ἀδελφὸν

233 1953 425 2016 αὐτοῦ,
471 1955 691 2025 ἐντολὴν
742 1956 964 2025 πληρῶν
1011 1957 1367 2027 Δεσποτικὴν,
1409 1957 1471 2010 τὸ
1524 1959 1662 2029 πρὸς
1705 1959 1797 2012 τὸν

234 2044 515 2114 Δεσπότην
564 2045 783 2115 φίλτρον
809 2046 1045 2115 καθαρὸν
1096 2047 1188 2099 καὶ
1219 2047 1476 2118 ἀκέραιον
1518 2049 1793 2115 διασώζει.

241 2155 261 2187 ι
319 2137 406 2189 Ἐν
433 2136 605 2205 τούτῳ
630 2138 739 2207 γάρ
768 2138 1067 2205 γνώσονται
1097 2140 1322 2204 πάντες,
1357 2141 1439 2193 ὅτι
1463 2142 1587 2209 ἐμοὶ
1622 2142 1798 2212 μαθη-

234 2228 329 2279 ταί
358 2229 503 2289 ἐστε,
536 2229 633 2281 ἐὰν
655 2229 904 2297 ἀγαπᾶτε
931 2230 1194 2301 ἀλλήλους
1214 2247 1229 2261 ·
1266 2248 1285 2283 ι
1320 2233 1414 2285 καὶ
1447 2232 1632 2299 πάλιν,
1667 2252 1687 2286 ι
1710 2235 1800 2288 Ἑν

233 2319 466 2381 ταύταις
515 2323 635 2382 ταῖς
685 2320 833 2374 δυσὶν
877 2322 1118 2385 ἐντολαῖς
1164 2323 1285 2386 ὅλος
1320 2325 1350 2377 ό
1397 2324 1560 2394 νόμος
1605 2326 1700 2379 καὶ
1749 2326 1799 2379 oi

235 2411 518 2479 προφῆται
552 2412 910 2481 κρέμανται.ι
934 2414 1243 2481 Κεφάλαιον
1274 2415 1385 2486 γάρ
1410 2417 1523 2469 ὲστι
1553 2419 1648 2471 καὶ
1675 2417 1802 2473 σύν-

232 2503 458 2572 δεσμος,
502 2505 619 2575 καὶ.
649 2507 771 2573 ῥίζα
796 2505 904 2558 τῶν
938 2506 1111 2560 ἄλλων
1142 2508 1397 2562 ἀπάντων
1438 2512 1802 2582 κατορθωμά-

232 2610 369 2657 των,
400 2593 435 2663 ἦ
469 2610 528 2647 τε
552 2593 645 2647 τοῦ
690 2594 826 2647 Θεοῦ
852 2595 1039 2666 ἀγάπη
1073 2598 1166 2651 καὶ
1193 2600 1225 2667 ἠ
1261 2598 1354 2651 τοῦ
1383 2599 1627 2655 πλησίον.
1668 2601 1798 2667 Ναὶ,

235 2686 455 2756 φησίν·
510 2687 627 2741 ἀλλ’
680 2689 913 2742 ἐνταῦθα
975 2690 1257 2761 προκρίνει
1316 2692 1414 2761 μὲν
1482 2696 1609 2755 τοὺς
1667 2711 1801 2765 συγ-

232 2780 444 2846 γενεῖς·
486 2777 704 2848 εὔχεται
745 2779 801 2831 δὲ
843 2778 977 2833 Θεοῦ
1024 2779 1375 2851 χωρισθῆναι,
1428 2782 1514 2836 ἵνα
1566 2785 1802 2857 κερδάνῃ

230 2866 492 2931 τούτους·
534 2870 564 2921 ὁ
594 2869 649 2922 δὲ
697 2871 931 2939 Χριστὸς
984 2870 1117 2943 ἔφη·
1157 2893 1175 2925 ι
1211 2874 1271 2927 '0
1316 2874 1486 2943 φιλῶν
1518 2875 1728 2948 πατέρα
1767 2878 1800 2949 ἢ

234 2962 455 3031 μητέρα
520 2961 657 3033 ὑπὲρ
718 2964 855 3032 ἐμὲ,
898 2965 998 3018 ούκ
1055 2966 1169 3019 ἔστι
1220 2984 1323 3037 μου
1374 2966 1540 3033 ἄξιος.
1579 2989 1597 3021 ι
1643 2968 1804 3023 Ἀλλά

229 3054 348 3121 γὰρ
381 3054 498 3116 πῶς
535 3053 650 3108 ἔστι
690 3054 849 3109 τοῦτο
880 3060 1054 3126 φιλεῖν
1098 3059 1237 3130 ὑπὲρ
1288 3060 1379 3113 τὸν
1422 3062 1691 3131 Χριστόν;
1740 3063 1804 3115 El

234 3146 342 3215 μὲν
384 3146 492 3217 γὰρ
537 3145 604 3198 δι’
658 3146 845 3216 ἔτερόν
892 3166 947 3201 τι
998 3149 1193 3219 Παύλῳ
1248 3152 1597 3221 ὲστέργοντο,
1660 3148 1804 3223 εἶχεν

1889 778 1995 832 tur,
2036 769 2199 822 etiam
2234 788 2251 820 ι
2280 783 2380 838 pro
2406 767 2657 824 aﬂinihus
2689 770 2984 824 secundum
3017 785 3235 825 carnem
3269 791 3316 825 τι
3351 789 3450 829 nec

1888 868 2095 912 tantum
2127 859 2275 913 subit
2316 860 2710 930 separationein
2739 899 2754 925 ,
2804 860 2895 915 sed
2929 860 3075 915 illam
3107 865 3350 931 expetit,
3396 874 3450 919 et

1888 960 2009 1005 orat
2038 966 2067 1004 a
2098 950 2317 1007 Christo
2350 952 2640 1022 separari?
2714 971 2734 1004 ι
2764 951 3031 1021 Cuperem
3062 968 3163 1023 ego
3206 970 3292 1009 me
3321 971 3449 1008 ana-

1888 1048 2070 1099 thema
2105 1044 2217 1099 ﬁeri
2256 1059 2286 1099 a
2314 1044 2534 1100 Christo
2566 1060 2663 1113 pro
2706 1044 2965 1100 fratribus
2998 1048 3132 1101 meis
3156 1089 3172 1113 ,
3205 1048 3453 1115 cognatis

1889 1133 2023 1187 mihi
2060 1135 2361 1188 secundum
2387 1150 2630 1189 carnem.
2662 1153 2682 1186 ι
2712 1135 2794 1189 Ad
2830 1136 2975 1191 hunc
3000 1138 3220 1192 modum
3253 1138 3454 1207 aliquis

1890 1232 2039 1276 tuam
2067 1223 2301 1278 dilatans
2328 1222 2720 1278 dubitationem
2764 1224 2961 1280 dixerit
2994 1243 3008 1279 :
3058 1224 3201 1291 Quid
3235 1228 3451 1296 igitur?

1891 1315 2166 1386 quomodo
2200 1326 2510 1384 competent
2560 1316 3027 1386 incompetihilia‘l
3074 1317 3329 1388 Inprimis
3368 1320 3452 1373 vi-

1892 1409 2051 1462 detur
2090 1407 2378 1462 dicendum
2404 1446 2419 1470 ,
2460 1422 2568 1462 non
2614 1409 2729 1463 hate
2776 1410 2843 1463 ad
2886 1410 3119 1465 invicem
3161 1427 3454 1481 pugnare:

1894 1510 2001 1550 non
2036 1496 2181 1552 enim
2214 1495 2417 1551 Christi
2448 1495 2739 1551 indirisum
2790 1498 3121 1554 desiderium
3152 1502 3461 1555 contraria-

1895 1595 1985 1640 tur
2007 1625 2023 1649 ,
2051 1601 2239 1642 atuare
2281 1587 2334 1641 in
2375 1597 2583 1642 tantum
2613 1588 2853 1643 vicinum
2879 1628 2894 1653 ,
2923 1600 2983 1644 ut
3022 1606 3089 1645 ne
3112 1591 3461 1647 existimetur

1896 1677 2042 1731 illius
2078 1676 2227 1731 salus
2270 1678 2613 1746 procuranda
2657 1677 2712 1731 in
2758 1680 3015 1735 secundis
3047 1695 3171 1735 esse
3218 1683 3461 1751 pr0pria3

1897 1766 2165 1821 utilitatis.
2200 1765 2341 1833 Quin
2367 1767 2666 1820 concinunt
2688 1768 2869 1837 potius
2899 1769 3013 1823 haec
3041 1772 3181 1825 inter
3208 1786 3266 1825 se
3291 1790 3304 1825 ε
3336 1787 3461 1824 nam

1898 1854 1993 1925 qui
2024 1853 2199 1923 diligit
2228 1852 2452 1908 lratrem
2486 1870 2645 1909 suum
2669 1895 2685 1919 ,
2712 1862 2768 1908 et
2798 1854 2853 1909 in
2893 1870 2959 1910 eo
2985 1856 3199 1911 Domini
3234 1859 3462 1911 manda-

1830 1917 1876 1973 Β
1899 1955 2013 2001 tum
2053 1945 2261 2014 implet,
2295 1960 2489 2013 purum
2535 1953 2590 1999 et
2621 1944 2893 2000 sincerum
2936 1948 3025 2003 ille
3062 1963 3306 2003 amorem
3338 1964 3466 2003 con-

1897 2046 2075 2093 servat
2109 2052 2235 2108 erga
2274 2035 2591 2092 Dominum.
2656 2056 2675 2089 ι
2702 2038 2761 2093 1n
2800 2040 2903 2094 hoc
2941 2039 3088 2094 enim
3129 2050 3467 2108 cognoscent

1898 2145 2128 2196 omnes,
2172 2130 2319 2199 quod
2354 2131 2460 2185 mei
2488 2130 2621 2185 estis
2646 2130 2939 2201 discipuli,
2986 2133 3033 2188 si
3067 2132 3296 2187 invicem
3333 2134 3467 2188 dili-

1898 2224 2036 2295 gatis
2061 2240 2077 2278 :
2102 2234 2193 2279 tet
2217 2224 2435 2289 iterum,
2473 2242 2491 2276 ι
2522 2224 2576 2277 In
2602 2224 2755 2279 hisce
2780 2226 2995 2281 duobus
3018 2227 3302 2296 pmeptis
3353 2235 3465 2282 tota

1899 2318 1985 2373 lex
2010 2314 2208 2387 pendet
2262 2298 2317 2369 et
2347 2315 2703 2385 prophetae”
2751 2314 2846 2371 Dei
2902 2317 3104 2370 etenim
3150 2326 3204 2371 et
3232 2318 3464 2387 proximi

1898 2410 2115 2464 dilectio
2142 2417 2305 2478 caput
2337 2417 2441 2470 est,
2486 2408 2785 2473 vinculum,
2829 2410 2984 2464 radix
3050 2410 3299 2464 omnium
3327 2410 3465 2464 alio-

1900 2516 2024 2557 rum
2060 2508 2206 2555 recte
2240 2500 2540 2554 factorum.
2568 2499 2935 2556 Conceditur:
2974 2509 3059 2556 ast
3099 2502 3150 2555 in
3187 2503 3292 2557 hoc
3317 2543 3331 2566 ,
3378 2502 3467 2555 in-

1899 2596 2112 2667 quiunt,
2151 2595 2386 2665 praetulit
2415 2594 2603 2650 aﬂines
2644 2614 2657 2649 :
2688 2610 2810 2649 nam
2840 2610 2871 2651 a
2912 2594 3021 2651 Deo
3057 2605 3277 2665 exaptat
3306 2610 3467 2665 sepa-

1900 2690 2033 2756 rari,
2060 2696 2119 2743 ut
2147 2690 2391 2744 lucretur
2419 2702 2537 2752 eos,
2570 2703 2695 2743 cum
2723 2687 2975 2743 Christus
3003 2690 3169 2749 dicat,
3214 2689 3346 2754 «Qui
3380 2688 3464 2743 di-

1901 2780 2017 2851 ligit
2045 2790 2250 2850 patrem
2279 2781 2363 2834 vel
2398 2789 2623 2836 matrem
2660 2780 2783 2850 plus
2809 2796 2970 2849 quam
2995 2796 3099 2844 me,
3131 2796 3237 2833 non
3265 2788 3349 2835 est
3380 2796 3467 2835 me

1901 2875 2117 2945 dignus.
2144 2893 2163 2925 l
2195 2872 2395 2928 Verum
2422 2912 2439 2937 ,
2481 2874 2756 2944 quomodo
2794 2889 2958 2942 supra
2986 2871 3264 2927 Christum
3312 2872 3465 2942 diligi

1901 2965 2193 3022 dicuntur?
2216 2964 2271 3019 Si
2308 2965 2379 3019 ob
2403 2965 2546 3019 aliud
2581 2963 2784 3034 aliquid
2813 2964 3181 3033 diligebantur
3212 2978 3242 3017 a
3271 2961 3462 3024 Paulo,

1901 3059 2106 3113 valeret
2127 3057 2553 3127 consequentia;
2582 3056 2688 3118 siu,
2735 3054 3013 3109 utChristi
3058 3055 3331 3125 peculium
3367 3053 3467 3107 lie--

1902 3160 2042 3211 rent,
2069 3150 2208 3202 haud
2233 3148 2469 3217 intelligo
2490 3147 2763 3216 quomodo
2780 3148 2989 3217 cognati
3014 3146 3133 3215 eius
3161 3146 3283 3215 plus
3300 3160 3466 3214 quam

229 3237 307 3291 ἂν
345 3240 373 3290 ό
412 3237 566 3305 λόγος
600 3238 660 3291 τδ
692 3241 909 3309 ἰσχυρόν
931 3258 947 3273 ·
979 3244 1028 3293 εἰ
1052 3240 1097 3294 δ’
1131 3242 1219 3294 ῖνα
1238 3243 1507 3311 γένωνται
1539 3245 1799 3316 Χριστοῦ,

1871 3237 2154 3309 _Chrislus
2206 3236 2527 3305 diliguntur.
2562 3235 2699 3302 Quid
2749 3236 2892 3289 aliud
2936 3237 3081 3289 enim
3118 3235 3361 3291 insinuat
3404 3250 3469 3288 a-

226 3330 340 3381 οὐκ
398 3328 506 3398 εχω
560 3329 811 3396 συνιδεῖν,
848 3332 998 3393 ὅπως
1035 3333 1083 3384 οἱ
1117 3336 1398 3402 συγγενεῖς
1440 3338 1801 3408 προτετίμην-

226 3440 332 3476 ται
376 3422 467 3475 τοῦ
506 3420 873 3493 Δημιουργοῦ.
913 3423 977 3476 Ἰῖί
1008 3424 1115 3494 γὰρ
1159 3428 1250 3477 καὶ
1295 3421 1363 3496 ἦν
1390 3426 1575 3497 ἓτερον
1609 3429 1671 3480 τὸ
1717 3447 1805 3497 φι-

226 3517 352 3568 λεῖν
402 3515 661 3578 ἐκείνους.
713 3516 746 3585 ἢ
789 3516 851 3568 τὸ
905 3517 1169 3583 ὑποτάξαι
1219 3520 1434 3585 αὐτοὺς,
1486 3523 1579 3575 καὶ
1631 3541 1804 3595 προσ-

225 3606 517 3661 οιηιῶσαι
547 3606 623 3675 τῷ
654 3606 819 3677 κοινῷ
871 3609 1150 3682 Δεσπότης
1191 3610 1313 3673 Πῶς
1347 3608 1440 3666 οὖν
1469 3613 1583 3668 ἔστι
1630 3616 1805 3685 φιλεῖν

226 3699 484 3758 ἐκείνους
520 3697 660 3767 ὑπὲρ
692 3699 782 3750 τὸν
828 3699 1081 3769 Χριστὸν,
1108 3702 1241 3754 ὅπου
1267 3720 1331 3770 γε
1363 3704 1456 3756 καὶ
1502 3706 1699 3769 αὐτοὺς
1726 3710 1803 3772 είς

223 3791 340 3861 τὴν
386 3791 630 3861 ὑπακοὴν
663 3792 754 3843 καὶ
794 3792 1013 3863 ἀγάπην
1044 3787 1191 3847 εἷλκε
1228 3796 1326 3866 τὴν
1352 3797 1553 3865 αὐτοῦ;
1587 3799 1805 3854 Μᾶλλον

222 3881 293 3933 δὲ
321 3880 597 3948 ἀδεκάστῳ
623 3881 797 3950 κρίσει
822 3898 904 3944 τις
929 3883 1242 3937 ἐπισκοπῶν
1269 3886 1517 3940 ἐντεῦθεν
1546 3889 1611 3942 ἂν
1634 3907 1805 3945 κατα-

225 3972 351 4043 θεῷ
365 3974 636 4042 τοτρανῶς
655 3974 745 4027 τὸν
760 3974 1190 4045 ἀναφλεγόμενον
1213 3978 1300 4030 ἀεὶ
1327 3978 1419 4031 τοῦ
1443 3980 1584 4033 θείου
1607 3981 1808 4052 ἔρωτος

225 4070 298 4120 ὲν
358 4065 549 4133 Παύλῳ
608 4066 835 4135 πυρσόν.
870 4066 944 4118 Οὐ
977 4067 1083 4138 γὰρ
1134 4070 1356 4136 ἠρκεῖτο
1418 4072 1609 4126 ἑαυτὸν
1647 4076 1807 4145 μόνον

227 4162 554 4232 προσάγων,
585 4158 719 4211 ἀλλὰ
757 4159 848 4211 καὶ
890 4159 1107 4231 ἑτέρους
1149 4162 1210 4213 οὐ
1255 4162 1473 4235 γλώσσῃ
1521 4167 1681 4234 μόνον
1714 4170 1809 4222 καὶ

223 4252 385 4324 χειρὶ
412 4250 648 4320 σημείων
671 4251 688 4285 ί
716 4267 731 4280 ·
759 4251 893 4302 ἀλλὰ
946 4252 1038 4303 καὶ
1089 4251 1187 4322 βίῳ
1235 4254 1326 4306 καὶ
1365 4256 1584 4321 τρόποις
1611 4257 1804 4327 ἀπασι,

224 4346 338 4397 καὶ
379 4343 585 4412 μεθόδῳ
616 4343 763 4412 πάσῃ
810 4342 1064 4395 ἔσπευδεν
1118 4350 1577 4413 συνεισενεγκεῖν·
1626 4351 1807 4415 καλῶς

222 4456 407 4509 φησιν
451 4439 500 4490 εί
543 4438 615 4507 μὴ
641 4435 897 4507 ἐχώριζεν
932 4438 1119 4489 ἑαυτὸν
1149 4436 1242 4489 τοῦ
1281 4438 1550 4507 Χριστοῦ·
1600 4441 1663 4494 τὸ
1708 4442 1809 4511 μὲν

220 4533 351 4601 γὰρ
373 4529 548 4581 θέλειν
582 4528 799 4597 ἑτέρους
836 4528 1279 4598 προσενεχθῆναι,
1306 4531 1408 4583 οὐκ
1436 4530 1584 4585 ἐστιν
1622 4536 1801 4587 ἐπιτι-

1902 3347 2053 3386 mare
2083 3331 2204 3385 illos
2228 3344 2391 3399 quam
2426 3329 2681 3391 subdere,
2712 3337 2764 3382 et
2791 3329 3140 3398 apprOpriare
3168 3328 3292 3383 illos
3317 3343 3469 3381 com-

1902 3424 2053 3478 muni
2116 3420 2385 3475 Domino?
2440 3419 2724 3485 Quomodo
2776 3433 2905 3488 ergo
2953 3418 3145 3472 dilexit
3196 3434 3290 3473 eos
3343 3418 3469 3488 plus

1902 3530 2063 3585 quam
2085 3513 2386 3575 Christum,
2414 3525 2538 3564 cum
2571 3511 2625 3564 in
2660 3510 3020 3563 odedientiam
3054 3509 3199 3563 illius
3230 3518 3283 3563 et
3313 3523 3470 3562 amo-

1904 3621 2016 3660 rem
2066 3620 2160 3659 eos
2208 3602 2579 3673 pertraheret?
2611 3600 2753 3669 Quin
2796 3601 3003 3671 judicio
3055 3602 3375 3670 incorrupto
3423 3599 3467 3653 si

1904 3698 2029 3767 quis
2070 3698 2174 3751 hoc
2207 3696 2491 3765 penderet,
2532 3696 2600 3747 ab
2642 3708 2708 3747 eo
2749 3693 2953 3761 poterit
3008 3692 3207 3746 intueri
3252 3692 3467 3745 ﬂamma

1905 3789 2073 3844 divini
2124 3790 2330 3843 amoris
2381 3802 2609 3841 accensa
2653 3785 2881 3839 Paulum
2938 3794 3199 3855 perpetuo
3243 3782 3468 3837 exarde-

1906 3889 2166 3936 scentem.
2226 3877 2341 3931 Non
2386 3876 2657 3932 continuit
2695 3876 2935 3943 seipsum
2975 3876 3040 3929 ad
3074 3874 3243 3929 Deum
3286 3884 3467 3927 trans-

1904 3975 2109 4039 ferens,
2156 3970 2382 4027 adduxit
2422 3969 2562 4024 alios
2602 3982 2709 4021 non
2751 3968 2933 4038 lingua
2976 3976 3210 4031 tantum,
3263 3974 3317 4020 et
3349 3979 3469 4019 mae

1907 4083 2076 4126 nuum
2126 4065 2384 4136 operibus
2416 4062 2781 4126 miraculosis,
2828 4061 2919 4115 sed
2955 4061 3089 4121 vita,
3132 4058 3380 4113 moribus
3417 4063 3467 4111 et

1907 4162 2055 4218 omni
2080 4160 2288 4214 ratione
2313 4166 2373 4211 ut
2401 4155 2452 4211 id
2493 4164 2675 4225 ageret
2704 4152 3069 4208 contendebat
3097 4169 3110 4204 :
3136 4161 3283 4205 recte
3308 4150 3469 4209 dixit,

1908 4262 2183 4320 utcunque
2235 4262 2293 4303 se
2347 4262 2378 4301 a
2427 4245 2645 4301 Christo
2698 4259 2803 4297 non
2861 4245 3151 4310 separavit.
3211 4238 3331 4293 Non
3384 4248 3469 4292 est

1905 4341 2342 4413 vituperandum,
2394 4338 2538 4407 quod
2588 4335 2729 4390 alios
2770 4333 2983 4388 volebat
3033 4332 3350 4396 adducere,
3414 4341 3470 4382 at

1908 4451 2160 4505 separare
2210 4448 2270 4488 se
2315 4432 2548 4485 voluisse
2601 4429 2668 4483 ab
2715 4442 2781 4483 eo
2834 4427 2901 4481 ad
2950 4442 3111 4496 queui
3160 4423 3467 4478 adducebat

1910 4532 2065 4596 alios,
2108 4526 2383 4597 quomodo
2422 4539 2528 4577 non
2574 4518 3075 4590 reprehendendum
3104 4518 3126 4569 ?
3151 4516 3291 4581 Quid
3320 4515 3468 4569 dice-

224 4599 383 4690 μᾷν·
412 4620 471 4670 τὸ
496 4618 552 4669 δὲ
588 4617 840 4687 χωρίζειν
875 4619 1063 4671 ἑαυτὸν
1118 4613 1268 4687 ᾧτινι
1313 4622 1587 4691 προσῆγεν
1614 4625 1805 4689 ἀλλους

1871 4607 2031 4673 ἰηυε
2058 4615 2227 4687 ergo?
2276 4617 2357 4668 An
2400 4612 2543 4679 quod
2586 4624 2924 4679 nequaquam
2978 4606 3307 4675 separabat‘!
3358 4619 3468 4658 non

219 4713 343 4766 οὐκ
372 4710 518 4763 ἐστιν
549 4709 623 4779 μὴ
650 4710 924 4778 ἐπιτιμᾷν.
956 4707 1021 4761 Τί
1047 4705 1139 4761 οὖν
1176 4726 1389 4776 φαμεν;
1438 4710 1470 4781 ἢ
1507 4712 1582 4773 ώς
1608 4714 1669 4765 ού
1704 4715 1804 4783 μὲν

218 4802 338 4859 οὖν
369 4803 469 4855 οὐκ
503 4799 787 4869 ἐχώριζενς
828 4800 947 4852 οὐδὲ
982 4800 1088 4868 γὰρ
1124 4798 1296 4860 εἷπεν,
1341 4800 1583 4871 Εὕχομαι
1641 4822 1804 4876 χωρι-

222 4893 464 4961 σθῆναι.
490 4890 602 4944 ἀλλ’
630 4892 905 4957 ηὐχόμην
922 4889 999 4941 ἄν
1017 4906 1031 4921 ·
1064 4890 1363 4954 τουτέστιν,
1395 4893 1455 4944 Εἰ
1473 4893 1693 4947 δυνατὸν
1712 4891 1803 4966 ἦν,

218 4987 287 5037 εἰ
330 4982 642 5035 συνέϐαινεν
672 4981 799 5051 θείῳ
830 4980 975 5050 πόθῳ
1009 4980 1171 5033 πόθον
1206 4980 1387 5034 ἔνθεον
1421 4985 1805 5056 ὲκνικηθῆναι·

216 5075 286 5127 εἰ
337 5071 478 5141 ερως
512 5070 819 5139 θεοπρεπὴς
853 5070 1135 5124 θεσπέσιον
1174 5070 1351 5138 ἔρωτα
1386 5077 1805 5148 παρηυδοκίμει,

221 5164 338 5217 καὶ
369 5163 558 5214 τοῦτον
580 5161 646 5214 ἂν
674 5162 922 5215 ὑπελθεῖν
952 5164 1324 5231 ἠγωνισάμην.
1368 5166 1551 5219 Πάντα
1578 5170 1676 5236 μὲν
1702 5171 1810 5241 γὰρ

217 5255 545 5323 ἐπράττετο
596 5254 808 5322 Παύλῳ,
843 5254 929 5306 ἵνα
958 5255 1199 5317 ἅπαντας
1244 5256 1463 5327 Χριστῷ
1511 5261 1765 5333 οἱκειώσῃ
1792 5277 1807 5292 ·

219 5344 487 5416 μάλιστα
514 5344 569 5395 δὲ
607 5345 912 5407 Ἰουδαίους.
947 5338 1107 5397 υῦτοι
1136 5347 1243 5414 γὰρ
1280 5350 1373 5400 καὶ
1405 5354 1686 5417 συγγενεῖς
1717 5356 1812 5406 καὶ

211 5437 433 5504 νόμοις
471 5434 716 5502 ἠγμένοι,
750 5438 844 5488 καὶ
877 5436 1009 5506 πρὸς
1045 5435 1137 5499 οὒς
1164 5440 1220 5491 αί
1251 5441 1569 5507 ἐπαγγελίαι
1605 5443 1812 5499 ἀνωθεν

208 5524 338 5577 καὶ
370 5524 436 5574 ὲκ
466 5523 717 5591 πατέρων
737 5538 749 5550 ·
784 5525 919 5577 ἀλλὰ
949 5526 1173 5579 καὶτῶν
1198 5527 1373 5581 ἄλλων
1408 5532 1565 5584 πλέον
1603 5533 1681 5603 τῷ
1709 5552 1808 5604 κη-

214 5614 488 5688 ρύγματι
511 5614 898 5686 ἀνθεστηκότες
922 5635 935 5649 ·
962 5619 1028 5672 δι’
1047 5619 1076 5672 δ
1099 5621 1191 5674 καὶ
1212 5622 1241 5674 ὁ
1271 5623 1396 5691 περὶ
1420 5625 1615 5687 αὐτοὺς
1637 5625 1809 5693 ἀγὼν,

1900 4711 2046 4767 enim
2072 4708 2208 4763 dixit
2244 4728 2255 4762 :
2286 4704 2426 4774 Opto
2468 4702 2734 4772 separari,
2775 4700 2869 4755 sed
2903 4707 3160 4765 optarem,
3208 4696 3311 4749 hoc
3362 4703 3466 4756 est,

1902 4805 1946 4860 si
1990 4800 2247 4871 possibile
2293 4806 2459 4857 esset.
2520 4796 2566 4850 si
2620 4793 2735 4848 ﬁeri
2778 4798 2982 4861 posset,
3022 4799 3081 4843 ut
3129 4787 3465 4845 desiderium

1902 4896 2144 4951 divinum
2178 4892 2365 4946 divino
2392 4888 2665 4945 desiderio
2708 4886 3051 4948 vinceretur;
3088 4884 3131 4938 si
3179 4898 3333 4936 amor
3366 4882 3464 4935 de.

1905 5002 2035 5042 cens
2068 4984 2233 5037 Deum
2266 4981 2511 5036 divinum
2551 4992 2787 5031 amorem
2832 4974 3275 5036 transcenderet,
3325 4972 3472 5027 hunc

1906 5094 2007 5149 ego
2037 5073 2095 5131 ut
2123 5075 2360 5132 subirem
2396 5068 2799 5127 contenderem.
2829 5067 3022 5122 Omnia
3056 5066 3200 5120 enim
3232 5064 3467 5124 faciebat

1908 5170 2129 5235 Paulus,
2180 5178 2241 5222 ut
2284 5180 2472 5221 omnes
2517 5162 2735 5218 Christo
2777 5158 3159 5222 lucrifaceret,
3215 5158 3471 5225 inprimis

1908 5262 2144 5318 Iudaeos.
2180 5258 2346 5313 Erant
2392 5257 2466 5311 illi
2512 5254 2716 5320 aliines,
2769 5254 2885 5322 lege
2927 5251 3348 5310 ordinabantur,
3401 5247 3471 5301 ad

1908 5372 2002 5411 eos
2049 5352 2320 5423 promissa
2367 5349 2614 5417 patrihus
2662 5348 2730 5399 ab
2779 5343 2937 5397 initio
2989 5350 3313 5408 spectaoant
3343 5357 3356 5392 :
3390 5340 3467 5392 illi

1910 5448 2051 5501 ultra
2082 5445 2217 5497 alios
2249 5440 2615 5511 praedicationi
2640 5436 2979 5491 obsistebant
3016 5451 3030 5486 :
3058 5447 3317 5501 quocirca
3351 5448 3468 5483 ma-

1912 5540 1993 5609 gis
2036 5536 2101 5591 de
2155 5536 2262 5590 illis
2311 5530 2665 5587 laborandum
2724 5536 2779 5581 et
2831 5524 3267 5581 contendendum
3326 5520 3469 5591 fuit;
3538 5522 3541 5525 ’

1916 5627 2164 5699 inprimis
2199 5640 2267 5681 ne
2290 5622 2564 5679 videretur
2586 5621 2670 5676 lex
2702 5619 2905 5686 aliquid
2939 5618 3126 5689 gratia:
3152 5618 3467 5671 communi-

1537 5805 1768 5863 VARIIE
1808 5806 2206 5865 LECTIONES.

325 5883 345 5918 ί
387 5881 477 5937 ῖσ.
516 5882 814 5953 σημαίνων.
858 5884 918 5940 C.
948 5884 998 5943 Μ
1056 5890 1322 5961 σημείων.
