4200 6444
781 411 887 476 659

1924 402 2186 464 PHOTII
2223 399 2723 460 PATRIARCHrE
2767 404 2877 463 ΕΡ.

3921 407 4042 470 ϐω

783 540 958 588 casse,
994 537 1094 577 nec
1124 524 1332 577 animas
1357 525 1424 577 ab
1448 523 1538 577 illa
1573 521 1946 576 iuformandas
1976 515 2146 573 nihilo
2171 527 2344 584 magus
2373 521 2418 573 Α

2460 514 2540 566 ludi
2567 517 2600 584 η
2633 516 2856 586 σπουδὴ,
2889 518 2982 569 καὶ
3008 535 3038 571 ο
3064 519 3244 582 πόνος,
3277 520 3475 590 μᾶλλον
3502 521 3591 573 διὰ
3619 521 3776 575 τοῦτο
3809 523 3910 575 ἵνα
3955 529 4040 592 μὴ

785 625 938 683 aptas
977 613 1148 675 reddi,
1197 623 1255 667 ut
1301 615 1694 684 promissiones
1727 613 1972 682 patribus
2014 614 2168 666 facta:
2197 611 2346 666 falsae

786 713 1126 774 putarentur,
1153 721 1221 761 ne
1248 705 1500 761 Christus
1525 707 1696 776 magis
1721 708 1789 761 ab
1822 707 1889 761 iis
1916 706 2341 774 blasphematur,

786 812 816 846 a
847 796 1049 864 quibus
1080 797 1252 866 magis
1279 797 1539 850 honorari
1569 796 1746 855 debet.
1785 811 1853 850 ne
1877 797 1970 862 qui
2000 793 2346 863 conjunctio-

787 900 874 940 res
903 886 1134 940 Domino
1172 896 1350 949 erant,
1403 887 1458 940 in
1510 901 1856 941 communem
1893 884 2181 939 Dominum
2215 898 2348 938 con-

787 977 1130 1032 tumeliosius
1161 988 1406 1045 agerent,
1437 979 1556 1046 ipse
1589 979 1864 1032 videretur
1915 977 2168 1031 maximae
2206 977 2346 1045 parti

786 1069 1319 1138 consanguineorum
1367 1069 1654 1126 insultare.
1707 1069 1914 1123 Taliter
1953 1070 2098 1123 enim
2145 1065 2348 1122 Paulus

787 1169 903 1212 erat
930 1161 1224 1225 animatus,
1279 1170 1339 1216 ut
1378 1163 1580 1232 ubique
1628 1162 1684 1215 in
1717 1163 1974 1215 omnibus
2020 1160 2249 1229 gloriam
2295 1168 2350 1211 et

787 1256 994 1309 cultum
1026 1255 1332 1310 absolutum
1372 1253 1482 1308 Deo
1509 1254 1750 1307 debitum
1781 1249 2025 1320 praestari
2065 1251 2222 1303 vellet
2254 1264 2350 1317 per

787 1347 1055 1416 seipsum,
1081 1360 1177 1415 per
1224 1359 1394 1415 genus
1421 1359 1605 1407 suum,
1632 1357 1729 1411 per
1752 1349 1961 1410 gentes,
1986 1355 2055 1393 ne
2083 1341 2135 1392 in
2168 1338 2352 1406 aliquo

790 1439 1006 1492 deesset
1033 1437 1370 1506 apostolatus
1416 1437 1502 1490 sui
1537 1434 1827 1496 l‘unctioni,
1875 1432 2125 1501 inprimis
2160 1431 2352 1484 inlide-

790 1527 916 1582 litas
937 1527 1471 1598 consanguineorum
1502 1525 1655 1579 illum
1691 1525 1830 1578 male
1868 1522 2123 1585 habebat,
2159 1535 2349 1574 eorum

793 1635 961 1674 causa
995 1619 1454 1674 iullammabatur.
1505 1617 1620 1672 Hoc
1649 1617 1897 1670 indicans
1931 1615 2061 1668 dicit
2091 1633 2104 1668 :
2141 1633 2158 1666 ι
2186 1611 2353 1682 Opta-

792 1723 907 1761 rem
951 1723 1052 1778 ego
1099 1709 1385 1762 anathema
1429 1707 1592 1762 ﬁeri:
1630 1727 1650 1760 ι
1702 1707 1806 1762 hoc
1861 1714 1920 1758 ut
1958 1703 2304 1774 pronuntiem
2334 1743 2350 1767 ,

791 1799 1047 1854 stimulus
1073 1799 1274 1854 amoris
1303 1799 1407 1854 mei
1441 1815 1527 1854 me
1549 1807 1811 1869 provocat
1838 1817 1853 1854 :
1887 1799 2192 1853 all‘eetionis
2221 1814 2356 1853 mea

793 1892 1010 1946 ﬂamma
1037 1893 1246 1947 viscera
1270 1894 1568 1963 depascens
1601 1893 1674 1946 ita
1695 1907 1782 1947 me
1805 1893 1952 1966 cogit
1971 1892 2350 1961 proclamare:

795 1997 951 2036 arnor
977 1998 1103 2054 erga
1131 1983 1405 2038 Christum
1435 1996 1590 2036 meus
1615 1982 1906 2051 persuasit,
1942 1990 2001 2034 ut
2029 1983 2081 2035 in
2109 1982 2353 2035 animum

795 2075 1047 2129 inducam
1089 2075 1333 2145 singulos
1389 2075 1492 2144 ipsi
1525 2083 1872 2129 consecratos
1891 2074 2355 2142 dare:optarem,

797 2167 844 2219 si
903 2167 1314 2231 concederetur,
1378 2168 1424 2220 si
1483 2167 1691 2229 liceret,
1748 2167 1794 2220 si
1845 2165 2118 2234 apostasia
2174 2165 2356 2234 aliqua

797 2257 1053 2311 salutaris
1098 2266 1263 2322 esset,
1297 2272 1418 2326 quae
1455 2271 1578 2311 cum
1619 2255 1729 2310 Deo
1759 2265 2078 2325 procuraret
2121 2256 2356 2325 conjun-

798 2347 1054 2411 ctionem,
1099 2347 1148 2400 si
1183 2361 1290 2415 qua
1311 2348 1584 2416 separatio
1642 2348 1848 2400 arctius
1897 2349 2259 2415 constringat,
2309 2348 2358 2401 si

801 2452 908 2505 qua
958 2437 1218 2492 alienatio
1262 2436 1557 2507 perfectius
1603 2439 1758 2492 uniat
1788 2455 1802 2492 :
1833 2454 1960 2493 nam
2011 2455 2111 2508 pro
2153 2438 2358 2494 Christi

802 2531 993 2598 gloria,
1029 2539 1084 2585 et
1113 2531 1503 2586 contribulium
1534 2533 1734 2597 salute,
1771 2547 1838 2586 ne
1868 2533 1972 2586 hoc
2013 2547 2112 2602 ego
2140 2532 2358 2601 quidem

802 2625 1294 2691 przetermitterem.
1320 2623 1613 2696 Postquam
1643 2635 1791 2682 certe
1825 2643 2088 2695 amorem,
2119 2644 2280 2699 quem
2307 2631 2362 2684 in

803 2715 1083 2769 Christum
1113 2717 1357 2786 gerebat,
1380 2719 1701 2774 omnimodo
1734 2721 2133 2785 manilestarat,
2162 2739 2285 2777 nam
2312 2733 2366 2779 et

805 2807 988 2861 verbis
1021 2809 1294 2877 expressis
1321 2810 1432 2863 ait:
1470 2828 1488 2861 ι
1518 2809 1820 2866 Persuasus
1870 2829 2012 2872 sum,
2043 2832 2061 2864 ι
2101 2815 2176 2868 ita
2218 2816 2365 2870 enim

807 2899 968 2952 ﬁdem
1020 2915 1114 2967 per
1151 2914 1315 2969 opera
1355 2903 1663 2968 contlrmat,
1723 2921 1741 2953 ι
1783 2905 1927 2972 quod
1970 2921 2144 2974 neque
2217 2921 2365 2960 mors

809 3004 986 3058 neque
1033 2989 1161 3055 vita,
1205 3005 1300 3044 nec
1352 2992 1688 3061 principatus
1734 3009 1832 3048 uec
1875 3005 2195 3063 potestates,
2268 3014 2369 3053 nec

810 3082 1094 3148 praesentia
1146 3097 1246 3136 nec
1298 3083 1498 3146 futura,
1529 3099 1636 3138 non
1689 3086 1918 3139 altitudo
1948 3103 2052 3140 non
2084 3089 2370 3157 profundi-

810 3181 917 3236 tas,
948 3187 1055 3227 non
1105 3175 1306 3243 quaevis
1352 3176 1456 3230 alia
1478 3189 1729 3231 creatura
1759 3180 1956 3247 poterit
1990 3195 2074 3234 me
2115 3196 2369 3250 separare

814 3266 884 3318 ab
916 3281 1104 3320 amore
1128 3267 1220 3336 qui
1245 3278 1328 3321 est
1357 3268 1410 3320 in
1441 3267 1658 3322 Christo
1677 3270 1804 3323 Jesu
1829 3271 2058 3324 Domino
2091 3286 2320 3340 nostro;
2351 3294 2369 3326 ι

815 3365 1110 3426 postquam
1159 3358 1372 3428 singula
1424 3360 1574 3414 entia
1617 3362 1884 3415 collectim
1926 3364 2279 3418 distribuerat
2319 3367 2373 3419 in

819 3459 1021 3517 partes,
1051 3463 1149 3502 nec
1179 3463 1399 3503 cursum
1433 3453 1636 3504 amoris
1671 3453 1756 3506 sui
1786 3454 2015 3518 stiterat,
2063 3457 2129 3508 de
2159 3467 2374 3519 ca'tero,

820 3554 851 3592 a
883 3555 988 3592 non
1017 3540 1232 3595 entilius
1271 3542 1325 3593 in
1361 3554 1744 3612 argumentum
1792 3548 2172 3601 tantummodo
2203 3550 2375 3602 addu-

822 3631 947 3694 ctis,
980 3630 1142 3684 veluti
1175 3630 1467 3686 insatiatus
1494 3634 1714 3702 quidam
1762 3645 1990 3698 amator,
2023 3635 2241 3690 Christo
2278 3639 2380 3692 mi-

822 3734 927 3774 nus
975 3735 1032 3774 se
1063 3720 1273 3776 deferre
1321 3724 1644 3789 arbitratur,
1689 3733 1746 3780 et
1785 3741 1907 3780 eum
1943 3726 2211 3781 defeetum
2250 3744 2382 3797 cup-

824 3813 970 3878 plere
1026 3815 1380 3878 contendens,
1434 3816 1596 3871 infert
1643 3826 1851 3872 tantum
1903 3834 2012 3872 non
2067 3819 2378 3874 verbatim:

826 3901 997 3968 ipsam
1027 3918 1200 3972 spem,
1223 3919 1444 3960 cursum
1472 3909 1676 3976 ipsum,
1698 3909 1927 3963 salutem
1953 3910 2125 3978 ipsam
2156 3911 2383 3965 libenter

823 3995 1169 4062 deponerem,
1226 3999 1270 4051 si
1331 3998 1555 4054 Christo
1607 4001 1733 4055 hinc
1769 4001 1892 4070 plus
1943 4003 2128 4070 gloria:
2171 4004 2384 4057 accede-

826 4096 932 4148 ret,
965 4096 1017 4140 ct
1051 4089 1295 4142 conversi
1331 4088 1500 4143 Judaei
1534 4091 1876 4145 salvarentur
1913 4111 1926 4146 :
1955 4095 2068 4146 haec
2098 4102 2150 4146 et
2182 4094 2384 4146 sentire

825 4185 880 4231 et
907 4178 1102 4244 dicere,
1133 4196 1239 4234 non
1274 4191 1356 4234 est
1386 4198 1415 4234 a
1449 4182 1556 4235 Deo
1589 4185 1882 4251 separatio.
1923 4186 2166 4248 Quonam
2197 4187 2385 4239 enim?

827 4271 1007 4338 potius
1053 4273 1300 4340 quaedam
1353 4274 1488 4326 inira
1534 4274 1869 4342 conjunctio,
1917 4284 1974 4329 et
2035 4277 2165 4330 unio
2217 4293 2382 4347 supra

829 4374 1074 4415 naturam
1101 4366 1352 4417 innovata
1389 4382 1402 4418 :
1435 4367 1636 4420 amoris
1665 4382 1792 4436 erga
1825 4366 2014 4433 Deum,
2041 4383 2166 4437 erga
2212 4369 2386 4422 homi-

828 4469 925 4506 nes
981 4455 1424 4524 incomparahilis
1467 4457 1732 4511 exliibitio
1782 4458 2068 4512 manilesta
2117 4476 2132 4512 :
2172 4459 2386 4528 insigne

829 4543 1099 4609 quoddam
1167 4545 1444 4614 proprium
1501 4547 1671 4600 beatae
1718 4547 1959 4600 caelestis
2029 4548 2174 4601 illius
2231 4546 2381 4601 Pauli

830 4636 1045 4688 animm.
1086 4634 1260 4705 Atque
1317 4636 1388 4690 ita
1422 4648 1539 4691 esto
1590 4643 1763 4706 prima
1810 4640 2010 4692 solutio
2061 4639 2233 4704 dubii,
2278 4654 2385 4692 non
2422 4682 2425 4684 .

832 4727 1081 4788 multum,
1117 4729 1190 4781 uti
1236 4728 1490 4794 arbitror,
1533 4729 1789 4784 ret-edens
1833 4733 1901 4784 ab
1932 4731 2179 4800 Apostoli
2219 4746 2382 4785 sensu

831 4830 882 4868 et
913 4821 1195 4873 sententia.
1219 4820 1289 4872 At
1320 4836 1443 4873 cum
1474 4820 1624 4874 Pauli
1655 4821 1912 4890 plantatio
1953 4839 2056 4875 non
2089 4824 2159 4876 sit
2193 4824 2387 4877 unius-

835 4909 996 4972 modi,
1033 4913 1124 4963 sed
1158 4926 1260 4964 non
1295 4926 1441 4972 raro.
1474 4913 1660 4966 multis
1686 4922 1740 4966 et
1779 4911 2384 4981 diversisramusculis,

833 5005 1088 5064 tanquam
1122 4998 1188 5050 ab
1212 5002 1372 5054 unico
1407 5001 1600 5056 littera:
1633 5018 1841 5073 campo,
1885 5019 2141 5057 sensuum
2178 5003 2383 5058 fructus

833 5087 1030 5139 maturi
1063 5090 1500 5157 progrediantur,
1539 5094 1787 5161 agedum,
1820 5109 1941 5146 cum
1984 5095 2230 5145 oratione
2271 5094 2382 5146 col-

835 5176 1121 5231 lectionem
1156 5181 1456 5242 l'ructuum.
1484 5193 1538 5236 et
1575 5184 1755 5256 siquid
1787 5184 1909 5236 inde
1941 5185 2085 5237 aliud
2119 5185 2386 5252 agricola-

835 5268 982 5323 tione
1047 5268 1268 5339 dignum
1317 5283 1645 5338 enascatur,
1705 5273 2070 5326 insumamus.
2128 5272 2387 5327 Videmus

838 5363 1085 5427 l’aulum,
1141 5378 1248 5417 non
1298 5363 1616 5432 simpliciter
1662 5364 1950 5423 dicentem,
2005 5365 2142 5418 velle
2191 5381 2249 5419 se
2290 5381 2389 5435 pro

840 5447 1123 5514 tribulibus
1145 5459 1279 5522 suis,
1308 5469 1592 5529 postquam
1620 5461 1941 5524 crediderat,
1972 5459 2211 5528 separari
2246 5478 2258 5512 :
2291 5461 2392 5512 hcc

837 5563 954 5606 erat
980 5551 1122 5603 enim
1153 5551 1324 5621 magis
1355 5553 1630 5619 terribile;
1668 5553 1761 5607 sed
1823 5569 1927 5606 non
1989 5555 2084 5612 ait,
2149 5552 2219 5605 ab
2282 5552 2388 5604 hoc

842 5655 1082 5714 tempore
1135 5643 1389 5712 Optarent
1437 5645 1550 5698 ﬁeri
1607 5645 1911 5705 anathema.
1965 5647 2056 5700 SL‘tl
2106 5645 2393 5711 Optassem

2443 603 2569 673 δόξῃ
2598 607 2626 656 ὁ
2645 605 2804 674 νόμος
2828 607 2981 660 οὐδὲν
3005 611 3073 678 τῇ
3105 608 3288 679 χάριτι
3319 614 3772 677 συνεισενεγκεῖν,
3799 613 3904 664 καὶ
3929 613 4040 673 τὰς

2445 696 2652 747 ἐκεῖθεν
2696 697 3208 768 παιδαγωγηθεῖσας
3239 700 3438 769 ψυχάς,
3469 702 3622 754 οὐδὲν
3651 704 4037 772 ἐπιτηδειοτὲ-

2448 802 2545 856 ρας
2575 789 3008 856 παρασκευάσαι.
3040 792 3126 843 ἴνα
3163 792 3238 861 μὴ
3271 793 3510 861 ψευδεῖς,
3539 796 3589 845 εἰ
3621 795 3714 846 καὶ
3745 797 3936 865 μάτην
3973 798 4036 846 αἱ

2445 875 2582 943 πρὸς
2610 879 2732 938 τοὺς
2762 881 3005 949 πατέρας
3040 881 3364 949 ἐπαγγελίαι
3398 883 3762 951 νομισθῶσιν
3799 885 3895 937 ἵνα
3959 885 4037 953 μὴ

2447 967 2678 1031 Χριστὸς
2709 968 2796 1036 ὑφ’
2820 963 2895 1021 ὧν
2930 970 3036 1022 ἔδει
3066 971 3267 1040 μᾶλλον
3302 973 3727 1041 προσκυνεῖσθαι
3760 1014 3776 1037 ,
3813 975 4036 1043 μᾶλλον

2450 1058 2869 1128 βλασφημῆται·
2907 1062 2992 1114 ἴνα
3029 1064 3103 1132 μὴ
3151 1065 3246 1115 καὶ⁵
3283 1064 3382 1132 τῆς
3433 1063 3662 1132 ἔγγιστα
3701 1065 4037 1132 συγγενείας

2449 1153 2528 1212 είς
2565 1154 2654 1202 τὸν
2690 1152 2866 1205 κοινὸν
2897 1155 3174 1225 Δεσπότην
3213 1156 3672 1225 ἐμπαροινούσης,
3720 1157 3882 1225 μέρει
3920 1156 4038 1207 τινὶ

2449 1241 2542 1293 τοῦ
2586 1242 2882 1312 προσεχοῦς
2910 1244 3161 1313 αἵματος,
3193 1247 3287 1298 καὶ⁵
3315 1247 3434 1298 τότε
3481 1248 3722 1315 μεγίστῳ
3758 1247 3894 1318 δόξῃ
3939 1247 4040 1298 καὶ

2450 1334 2611 1395 αὐτὸς
2682 1337 3052 1404 ἐμπαωινεῖν.
3135 1335 3369 1406 Τοιαύτη
3429 1337 3539 1406 γάρ
3600 1333 3667 1406 ἦν
3700 1339 3760 1406 δή
3807 1338 4039 1391 Παύλου

2450 1425 2593 1495 ψυχή
2616 1443 2628 1454 ’
2660 1426 2749 1478 διὰ
2775 1429 2991 1480 πάντων
3020 1428 3209 1499 ἤθελεν
3235 1430 3454 1498 ὁλοτελῆ
3477 1433 3578 1499 τὴν
3605 1431 3762 1494 δόξαν
3810 1433 3914 1482 καὶ
3938 1433 4040 1500 τὴν

2450 1515 2704 1586 λατρείαν
2747 1520 3118 1589 προσάγεσθαι
3151 1521 3270 1590 Θεῷ
3317 1523 3405 1574 διὰ
3443 1521 3637 1573 ἐαυτοῦ
3662 1538 3674 1552 ·
3702 1523 3789 1574 διὰ
3815 1523 3938 1575 τῶν
3978 1526 4042 1574 ἐκ

2451 1609 2640 1676 γένους
2663 1626 2680 1641 ο
2709 1609 2797 1662 διὰ
2820 1609 2930 1662 τῶν
2951 1610 3120 1663 ἐθνῶν
3141 1628 3155 1642 ·
3183 1611 3356 1664 οὐδενὶ
3397 1614 3552 1682 μέρει
3583 1614 3799 1682 ἐλλειπῆ
3842 1631 4040 1682 παρα-

2456 1698 2651 1767 στῆσαι
2683 1701 2782 1769 τὴν
2824 1701 2923 1770 τῆς
2947 1701 3251 1771 ἀποστολῆς
3305 1703 3471 1756 αὐτοῦ
3505 1704 3779 1757 διακονίαν
3809 1706 4041 1775 ἠνείχε-

2455 1809 2536 1854 το,
2569 1791 2803 1861 μάλιστα
2833 1792 2889 1844 δὲ
2919 1793 3081 1846 αὑτὸν
3111 1796 3146 1864 ἡ
3172 1794 3283 1846 τῶν
3317 1795 3594 1862 συγγενῶν
3621 1797 3745 1864 ἡνία
3775 1797 4039 1854 ἀπιστία.

2459 1882 2551 1934 καὶ
2596 1881 2799 1934 τούτων
2837 1882 2963 1952 πέρι
3010 1883 3226 1936 ἐκαίετο
3245 1895 3293 1937 ιι.
3328 1885 3436 1937 Καὶ
3484 1884 3644 1937 τοῦτο
3683 1887 4044 1954 παριστάνων

2458 1972 2661 2039 ἔλεγεν,
2700 1990 2719 2023 ι
2749 1972 3006 2043 Ηῦχόμην
3024 1975 3185 2036 αὐτὸς
3215 1975 3325 2041 ἐγὼ
3349 1976 3597 2045 ἀνάθεμα
3623 1969 3779 2029 εἶναι.
3814 1995 3832 2026 ι
3876 1975 4045 2028 Οὕτω

2463 2082 2552 2134 με,
2597 2066 2784 2136 φησὶν,
2807 2068 3004 2128 εἰπεῖν,
3032 2067 3126 2120 τοῦ
3153 2067 3320 2119 πόθου
3352 2070 3412 2120 τὸ
3435 2069 3657 2138 κέντρον
3688 2068 4010 2121 συνελαύνει
4029 2085 4043 2098 ⁸

2460 2153 2631 2217 οὕτως
2653 2158 2684 2225 ἡ
2706 2157 2805 2224 τῆς
2830 2157 3062 2226 στοργῆς
3088 2158 3217 2226 φλὸξ
3239 2159 3308 2210 τά
3330 2157 3611 2227 σπλάγχνα
3631 2158 4047 2228 ἐπιϐοσκομένη

2465 2245 2708 2312 βιάζεται
2753 2247 3115 2318 ἀνακράζεινο
3149 2247 3321 2311 οὕτως
3361 2251 3390 2301 ό
3428 2251 3562 2320 πρὸς
3597 2252 3827 2317 Χριστὸν
3870 2253 4046 2322 ἔρως,

2465 2340 2558 2390 καὶ
2593 2339 2653 2390 τὸ
2685 2337 2936 2390 σπεύδειν
2979 2339 3127 2408 αὐτῷ
3159 2339 3364 2402 πάντας
3398 2340 3624 2410 ίερῶσαι
3652 2345 3868 2410 φρονεῖν
3907 2344 4050 2395 ἀνα-

2465 2430 2661 2483 πείθει.
2696 2432 2986 2499 Ηὺχόμην
3026 2432 3123 2493 ἂν,
3156 2433 3204 2482 εί
3240 2433 3533 2502 ἐνεδέχετο,
3581 2435 3628 2485 εί
3669 2433 3957 2505 ἐνεχώρει,
4001 2437 4054 2488 εἴ

2465 2533 2547 2578 τις
2575 2514 2641 2586 ἦν
2687 2520 2978 2580 ἀπόστασις
3021 2520 3306 2589 σωτήριος,
3349 2519 3484 2573 Θεοῦ
3532 2520 3863 2592 χαριζομένη
3910 2540 4048 2575 συν-

2467 2609 2681 2677 άφειαν,
2709 2609 2873 2671 εἴτις
2913 2610 3188 2680 χωρισμὸς
3239 2613 3473 2665 συνδέων
3545 2613 3924 2684 σφοδρότερον,
4002 2618 4056 2666 εἴ

2467 2716 2551 2761 τις
2586 2701 2933 2769 ἀλλοτρίωσις
2963 2703 3235 2754 οἰκειοῦσα
3260 2702 3622 2774 τελειότερον
3648 2704 3766 2757 οὐδὲ
3793 2707 3907 2776 γὰρ
3928 2707 4052 2758 οὐδὲ

2469 2791 2656 2842 τοῦτον
2703 2792 2800 2858 τῆς
2841 2793 3075 2862 Χριστοῦ
3127 2793 3309 2862 δόξης,
3342 2795 3562 2862 καὶτῆς
3604 2795 3712 2847 τῶν
3750 2798 4053 2866 ὁμο-,τύλων

2474 2886 2766 2956 σωτηρίας,
2790 2888 2848 2937 οὐ
2885 2886 2983 2955 μὲν
3007 2883 3098 2938 οὖν
3135 2889 3234 2938 οὐκ
3272 2887 3336 2939 ἀν
3384 2905 3446 2954 γε
3482 2889 3757 2958 παρῆλθον
3797 2890 3890 2942 τὸν
3918 2894 4052 2961 τρο⁴

2474 2995 2594 3029 πον.
2653 2975 2868 3045 Ἐπειδὴ
2926 2976 3034 3044 γὰρ
3082 2981 3144 3029 ἐκ
3186 2977 3293 3028 τῶν
3339 2979 3506 3030 ὅντων
3532 2980 3784 3032 ἁπάντων
3824 2980 3927 3049 τὴν
3974 2983 4053 3041 εἰς

2475 3067 2711 3137 Χριστὸν
2738 3068 2977 3137 ἀγάπην,
2999 3067 3314 3131 ἐπεδείξατο
3332 3085 3346 3100 ’
3380 3088 3398 3120 ι
3426 3071 3754 3138 ῐΙέπεισμαι.
3797 3090 3817 3122 ι
3845 3072 4052 3137 λέγων,

2400 3200 2444 3259 c
2478 3161 2571 3211 καὶ
2610 3162 2719 3222 τοῖς
2761 3159 2959 3227 λόγοις,
2990 3162 3081 3212 καὶ
3109 3160 3198 3212 διὰ
3228 3161 3336 3212 τῶν
3364 3161 3540 3230 ἔργων
3587 3160 3684 3232 τὴν
3719 3161 3906 3214 πίστιν
3951 3166 4052 3213 ἑπ-

2477 3253 2646 3318 ἀγων,
2690 3270 2708 3301 ι
2737 3252 2818 3303 ὅτι
2844 3250 2965 3303 οὒτε
2998 3251 3225 3312 θάνατος
3254 3252 3378 3303 οὔτε
3400 3250 3538 3322 ζωὴ,
3568 3251 3691 3305 οὕτε
3725 3255 3892 3322 ἀρχαὶ
3921 3254 4053 3305 οὗτε

2475 3339 2751 3407 δυνάμεις,
2772 3338 2892 3391 οὕτε
2927 3339 3196 3391 ἐνεστῶτα
3233 3338 3356 3390 οὕτε
3378 3338 3658 3406 μέλλοντα,
3680 3337 3806 3390 οὔτε
3844 3338 4058 3405 ὕψωμα

2476 3431 2596 3483 οῦτε
2648 3431 2832 3500 βάθος,
2864 3429 2986 3481 οὔτε
3033 3431 3209 3490 κτίσις
3250 3447 3334 3490 τις
3383 3428 3543 3498 ἑτέρα
3581 3429 3866 3496 δυνήσεται
3904 3431 4058 3496 ἡμᾶς

2479 3523 2707 3593 χωρίσαι
2738 3522 2843 3573 ἀπὸ
2866 3521 2963 3588 τῆς
2992 3521 3214 3590 ἀγάπης
3266 3518 3360 3571 τοῦ
3401 3517 3560 3581 Θεοῦ,
3589 3522 3685 3587 τῆς
3727 3521 3782 3569 ὲν
3829 3519 4059 3588 Χριστῷ

2491 3614 2663 3685 Ἰησοῦ
2693 3614 2770 3685 τῷ
2794 3614 2982 3683 Κυρίῳ
3012 3614 3188 3683 ἡμῶν.
3226 3633 3244 3664 ι
3290 3613 3443 3665 Ἐπεὶ
3474 3609 3569 3664 οὖν
3617 3611 3914 3680 σύμπαντα
3954 3610 4059 3679 μὲν

2477 3705 2547 3757 τά
2571 3705 2719 3768 ὄντα,
2749 3705 2841 3756 κα)⁸
2865 3702 3122 3774 μερίζων,
3154 3703 3247 3755 καὶ
3268 3701 3730 3772 κεφαλαιούμενος
3749 3700 4057 3769 διεξῆλθεν,

2479 3795 2630 3849 οῦπω
2649 3796 2703 3847 δὲ
2734 3796 2824 3848 τὸν
2848 3795 2939 3847 τοῦ
2969 3793 3133 3846 πόθου
3159 3795 3352 3864 ἐστησε
3374 3794 3593 3863 δρόμον,
3626 3794 3808 3845 λοιπὸν
3834 3794 3937 3863 ἢδη
3963 3794 4057 3844 καὶ

2484 3889 2546 3939 ἐκ
2568 3887 2676 3938 τῶν
2714 3886 2788 3955 μὴ
2819 3885 2987 3938 ὄντων
3018 3887 3116 3954 μὲν
3151 3885 3286 3953 μηδέ
3313 3885 3637 3952 γεγονότων,
3671 3887 3750 3946 εἰς
3789 3885 4060 3937 ὑπόθεσιν

2481 3979 2537 4032 δὲ
2564 3976 3161 4047 παραλαμϐανομένων,
3192 3971 3282 4029 οἷά
3309 3993 3395 4037 τις
3423 3977 3581 4046 κόρον
3604 3976 3704 4027 οὐκ
3738 3975 3896 4037 είδὼς
3927 3980 4063 4046 ἐρα-

2486 4071 2634 4139 στὴς.
2661 4070 2747 4121 ἀεὶ
2781 4068 2840 4120 δὲ
2871 4067 3105 4136 νομίζων
3146 4066 3500 4119 ἐλαττοῦσθαι
3545 4065 3639 4119 τοῦ
3684 4066 3904 4136 χρέους,
3965 4068 4060 4117 καὶ

2482 4161 2543 4214 τὸ
2562 4160 2746 4212 λοιπὸν
2763 4157 3220 4229 προσφιλονεικῶν
3242 4157 3636 4227 ἀναπληρῶσαι
3669 4157 4019 4226 προσεπάγει
4043 4199 4056 4218 ,

2489 4249 2765 4321 μονονουχὶ
2807 4247 3001 4314 λέγων,
3042 4246 3118 4309 ὡς
3170 4246 3280 4298 Καὶ
3305 4243 3473 4314 αὐτὴν
3510 4243 3608 4314 τὴν
3643 4243 3857 4304 ἐλπίδα,
3889 4245 4062 4295 αὐτὸν

2483 4339 2575 4391 τὸν
2620 4339 2818 4407 δρόμον
2841 4377 2856 4400 ,
2885 4336 3054 4405 αὐτὴν
3101 4336 3201 4404 τὴν
3251 4334 3529 4403 σωτηρίαν
3554 4333 3863 4401 κατεθέμην
3889 4332 3985 4392 ἂν,
4016 4333 4062 4383 εί

2488 4431 2719 4500 Χριστὸς
2749 4427 2910 4480 πλέον
2940 4427 3029 4480 διὰ
3059 4427 3160 4496 τῆς
3182 4424 3442 4496 τοιαύτης
3458 4423 3740 4490 ἐδοξάζετο
3774 4424 4059 4492 πράξεως,

2415 4531 2459 4587 ι)
2489 4523 2582 4574 καὶ
2609 4521 2668 4572 τὸ
2709 4517 2975 4572 Ἰουδαίων
3008 4516 3154 4578 ἐθνος
3181 4514 3513 4583 ἐπιστρέφον
3549 4513 3870 4566 διεσώζετο·
3907 4515 3974 4564 τ),
4005 4515 4060 4564 δὲ

2488 4611 2710 4665 τοιαῦτα
2743 4611 2837 4662 καὶ
2865 4609 3084 4679 φρονεῖν
3148 4607 3240 4660 καὶ
3276 4606 3492 4672 λέγειν,
3530 4600 3652 4651 οὔτε
3701 4600 3835 4647 θεοῦ
3889 4617 4057 4666 χωρι-

2491 4704 2622 4768 σμός
2647 4705 2761 4753 ἐστι
2781 4716 2795 4729 ⁸
2826 4700 3023 4763 πόθεν;
3057 4697 3180 4751 οὕτε
3195 4697 3503 4756 διάστασιςο
3535 4690 3726 4753 ἐνωσις
3760 4688 3818 4741 δέ
3850 4690 4058 4758 μᾶλλον

2492 4791 2770 4861 θαυμασία
2801 4808 2881 4851 τις
2911 4789 3006 4841 καὶ⁵
3045 4789 3350 4858 ὑπερφυὴς,
3395 4785 3489 4836 καὶ
3537 4781 4059 4850 καινοπρεπεστάτη

2492 4889 2772 4954 συνάφεια,
2810 4885 2903 4936 καὶ
2927 4883 3021 4934 τοῦ
3051 4881 3186 4949 πρὸς
3207 4879 3338 4932 Θεὸν
3372 4877 3466 4930 καὶ
3492 4874 3810 4944 ἀνθρώπους
3833 4875 4061 4939 ἀπαρα-

2490 4979 2588 5048 6λή
2598 4995 2688 5029 του
2717 4976 2939 5045 φίλτρου
2961 4970 3328 5044 ἐναργεστάτη
3348 4967 3711 5038 παράστασις,
3731 4964 3826 5016 καὶ
3857 4963 4006 5031 μόνη
4016 4981 4058 5022 :,

2488 5075 2563 5138 ὡς
2593 5073 2829 5143 άληθῶς,
2858 5071 2956 5138 τῆς
2979 5068 3257 5138 μακαρίας
3279 5064 3491 5132 ἐκείνης
3508 5062 3602 5114 καὶ
3622 5061 3874 5127 οὐρανίου
3908 5057 4030 5110 [lani
4048 5085 4059 5092 -

2489 5170 2582 5221 λου
2621 5164 2799 5235 ψυχῆς
2842 5162 3276 5231 ἀπαράγρατιτον
3323 5155 3629 5223 γνώρισμα.
3679 5149 3818 5203 Ἀλλ’
3863 5150 3900 5218 ἠ
3965 5150 4060 5216 μὲν

2493 5259 2681 5330 πρώτη
2731 5256 2881 5316 λύσις
2924 5257 3017 5306 τοῦ
3066 5248 3452 5321 ὴπορημένου,
3478 5246 3578 5296 οὐκ
3624 5243 3690 5296 ἂν
3722 5236 3876 5308 οἶμαι
3914 5240 4059 5296 λίαν,

2493 5355 2611 5407 οὐδὲ
2635 5353 2733 5419 τῆς
2770 5345 3128 5416 ἀποστολικῆς
3151 5342 3360 5395 ἐκείνου
3399 5335 3618 5406 γνώμης
3640 5334 3826 5404 πόρρω
3851 5349 3914 5383 τε
3925 5332 4034 5383 θεω

2499 5447 2728 5518 ρημένη,
2751 5441 2991 5507 τοιαύτη.
3010 5437 3168 5492 Ἐπεὶ
3195 5435 3252 5487 δέ
3267 5432 3366 5486 οὐκ
3389 5431 3534 5483 ἐστιν
3557 5426 3828 5518 μονοειδὴς
3912 5424 4061 5518 ΠΑαξ-

2620 5534 2834 5606 φυτεία,
2869 5530 2986 5585 ἀλλ’
3013 5529 3121 5581 ἐσθ’
3160 5527 3248 5578 ὅτε
3283 5517 3657 5587 πολυστέλεχοί
3701 5531 3758 5567 τε
3804 5514 3908 5566 καὶ
3948 5513 4062 5606 διά-

2502 5604 2674 5706 φοροι,
2713 5631 2786 5689 ὡς
2816 5626 2922 5681 ἀπὸ
2948 5623 3075 5694 μιᾶς
3107 5620 3200 5674 τοῦ
3249 5618 3570 5687 γράμματος
3618 5607 3816 5679 χώρας,
3862 5606 3921 5657 οί
3957 5604 4061 5657 τῶν

2135 5757 2361 5813 VARI/li
2396 5745 2797 5812 Ll'LCTlONES.

922 5859 940 5892 ⁸
963 5855 1025 5907 li.
1066 5853 1135 5907 al.
1171 5853 1529 5922 περιεκαίετο.
