4200 6444
216 452 309 514 σοι

1161 461 1260 519 AD
1305 462 1897 525 AMPHILOCHIUM
1940 464 2282 536 QUESTIO
2306 468 2485 528 CXII.

3326 474 3432 537 662

218 558 489 629 νοημάτων
519 560 708 629 ὡραῖοι
741 563 943 633 καρποὶ
974 565 1309 633 ἀναφύονται
1335 584 1349 597 '
1385 569 1540 640 φέρε,
1573 571 1651 640 τῷ
1676 571 1765 623 λό-
1795 578 1838 630 Α
1863 570 1877 622 1

1795 578 1838 630 Α
1863 567 2068 637 luisse;
2091 587 2155 627 ac
2184 574 2230 629 si
2269 574 2512 631 diceret:
2549 573 2716 646 Magis
2757 587 3050 646 optassem,
3089 590 3146 634 ut
3177 584 3220 635 si
3240 599 3337 639 vos
3363 589 3429 641 ad

217 668 292 719 γῳ
336 652 884 721 συνεκκαρπούμεθα,
913 655 1009 708 καὶ
1055 657 1110 709 εί
1142 674 1193 710 τι
1226 657 1323 710 τοῦ
1359 660 1571 713 ἐκεῖθεν
1589 677 1770 731 γεωρ-

216 740 327 805 γίου
351 738 475 791 ἀλλο
500 739 668 805 ἀξιον.
715 740 963 811 Ὁρῶμεν
1010 744 1304 815 τοιγαροῦν
1345 746 1439 799 τὸν
1482 746 1769 802 Θεσπέσιον

218 827 435 891 Παῦλον,
480 830 576 899 οὐχ
622 829 809 894 ἁπλῶς
853 830 994 885 οὕτω
1045 834 1291 901 λέγοντα,
1325 838 1657 908 κεχωρίσθαι
1682 841 1772 894 θέ-

215 921 321 972 λειν
348 922 485 992 ὑπὲρ
511 922 617 974 τῶν
647 924 937 993 ὁμοφύλων
963 926 1201 996 Χριστοῦ
1220 945 1235 961 ο
1266 928 1391 983 οὐδὲ
1423 931 1559 1000 μετά
1591 933 1653 986 τὸ
1677 950 1771 987 πι-

218 1012 427 1068 στεῦσαι
445 1014 749 1069 διίστασθαι
769 1034 783 1048 ο
806 1016 962 1071 τοῦτο
981 1019 1086 1090 γάρ
1104 1020 1235 1084 ῖσως
1257 1023 1351 1074 καὶ
1372 1022 1766 1094 φοϐερώτερονο

215 1104 330 1157 οὐδέ
355 1106 481 1175 γὰρ,
526 1106 659 1159 ’Δπό
686 1124 751 1174 γε
772 1107 865 1161 τοῦ
897 1106 1013 1172 νῦν,
1037 1112 1226 1180 φησὶν,
1258 1110 1489 1184 εὐχομαι
1517 1116 1770 1182 γενέσθαι

216 1195 482 1264 ἀνάθεμα,
520 1197 633 1250 ἀλλ’
669 1199 919 1269 ηὐχόμην
957 1198 1097 1255 εἶναι
1120 1219 1135 1234 ο
1181 1205 1318 1273 ὅπερ
1370 1204 1487 1259 ἴσον
1533 1208 1652 1260 ἐστὶ
1675 1209 1769 1262 τοῦ

219 1285 388 1354 λέγειν
410 1302 422 1315 ·
442 1286 811 1357 Αἱρετώτερον
837 1291 1086 1362 ἡγούμην
1104 1292 1181 1364 τῷ
1199 1295 1437 1365 Χριστοῦ
1458 1297 1771 1367 κηρύγματι

217 1376 768 1449 προσδεδραμηκότων
798 1382 951 1450 ὑμῶν
985 1384 1087 1454 ἐμὲ
1117 1383 1290 1455 βραχύ
1320 1404 1373 1439 τι
1426 1389 1772 1461 προσδιατρί-

216 1468 327 1523 ϐειν
351 1470 427 1522 ἔτι
453 1473 564 1533 τοῖς
591 1471 684 1524 τοῦ
703 1474 927 1543 νομικοῦ
953 1475 1280 1546 γράμματος
1337 1479 1654 1549 προθύροις,
1678 1482 1774 1535 καὶ

213 1559 279 1626 τῇ
306 1560 428 1628 σκιᾷ
449 1559 851 1630 ύποκαθῆσθαι,
874 1562 907 1633 ἢ
928 1565 1302 1635 προσλαϐόντα
1327 1570 1424 1621 καὶ
1438 1569 1767 1638 ταχύναντα,

216 1648 303 1702 τὸν
323 1650 411 1702 ἐπὶ
431 1652 497 1721 τῇ
529 1652 710 1705 πίστει
735 1654 935 1725 δρόμον
963 1658 1107 1727 ὑμᾶς
1126 1656 1301 1722 οὕτως
1328 1660 1462 1730 όρᾷν
1492 1662 1767 1732 πολεμίως

219 1739 453 1809 ἔχοντας,
483 1744 578 1795 καὶ
605 1747 1015 1816 ἀνεπιστρόφως
1044 1750 1181 1820 πρὸς
1196 1752 1295 1821 τὴν
1323 1751 1501 1822 χάριν.
1534 1755 1641 1807 Καὶ
1664 1756 1770 1827 γὰρ

218 1833 416 1895 ἐκεῖνος
452 1834 549 1903 μέν
569 1836 945 1906 ἐμϐραδύνων,
969 1840 1079 1893 οὐδ’
1116 1840 1287 1906 οὕτως
1328 1842 1394 1895 ἂν
1426 1844 1575 1897 οὐδὲν
1617 1846 1771 1899 ύστέ-

1868 663 2307 731 prtedicatiouem
2354 667 2765 731 cucurrissetis,
2816 680 2872 721 ιιι
2903 686 3002 741 ego
3032 668 3425 744 aliquantisper

1869 753 2217 809 adhaesissem
2252 755 2443 812 littera:
2476 758 2608 829 legis
2652 758 2707 813 in
2744 758 2974 826 foribus,
3007 771 3061 816 et
3101 764 3205 818 sub
3237 768 3429 820 umbra

1867 843 2228 910 delituissem,
2276 864 2439 916 quam
2481 860 2540 904 ut
2576 851 2911 919 praveuiens
2948 870 3065 919 vos,
3109 864 3163 909 et
3195 862 3428 910 'cursum

1868 939 1991 995 ﬁdei
2014 953 2236 995 currere
2272 940 2598 1009 anticipans,
2628 957 2725 998 vos
2754 945 2931 999 adhuc
2975 946 3209 1011 intuear,
3249 946 3432 1001 hostili

1868 1032 2052 1085 animo
2079 1046 2222 1095 csse,
2255 1046 2356 1086 nec
2380 1031 2446 1085 ad
2477 1033 2705 1099 gratiam
2738 1036 3156 1090 convertendos.
3192 1035 3352 1091 Certe
3385 1039 3433 1094 si

1868 1125 2139 1178 tardasset
2196 1124 2283 1178 ille
2334 1125 2401 1178 ad
2453 1124 2599 1179 hunc
2644 1126 2890 1191 modum,
2942 1143 3049 1181 non
3100 1145 3435 1200 magnopere

1870 1213 2179 1277 defecisset,
2209 1229 2333 1267 nam
2378 1230 2502 1270 cum
2534 1216 2693 1269 multi
2744 1232 2867 1271 eum
2904 1220 3312 1286 prevenissent,
3359 1222 3435 1275 ita

1868 1303 2065 1359 timore
2092 1304 2377 1359 tenebatur
2407 1320 2476 1358 ne
2501 1304 2569 1359 ab
2602 1306 2713 1359 ullo
2740 1317 3109 1377 superaretur,
3148 1321 3206 1363 ut
3244 1312 3433 1373 etiam,

1871 1396 2012 1449 sicut
2037 1409 2163 1449 cum
2196 1395 2422 1449 veritate
2454 1396 2697 1465 loquitur
2736 1399 2925 1465 libere,
2960 1416 3126 1454 cursu
3177 1412 3231 1455 et
3259 1401 3438 1455 stadio

1871 1495 2099 1542 Cunctos
2163 1496 2285 1555 post
2325 1501 2385 1541 se
2428 1486 2733 1557 reliquerit.
2788 1489 2865 1543 Ita
2922 1491 3151 1545 tarditas
3192 1493 3266 1544 illi
3300 1494 3436 1546 nihil

1872 1576 2200 1631 incommodi
2246 1578 2403 1642 tulit;
2456 1579 2652 1633 timore
2692 1580 2870 1634 valido
2913 1582 3306 1650 percellebatur
3339 1598 3437 1651 pro

1874 1670 1943 1723 iis
1982 1669 2078 1737 qui
2120 1670 2174 1723 in
2217 1668 2378 1723 ﬁdem
2418 1679 2575 1724 erant
2608 1672 2683 1724 ita
2714 1674 2964 1735 animati,
3002 1688 3070 1726 ne
3117 1675 3161 1728 si
3193 1690 3286 1742 per
3312 1675 3437 1728 vitze

1871 1774 2089 1813 cursum
2121 1760 2371 1813 obdurati
2398 1769 2701 1823 manerent,
2734 1770 2989 1815 aeternam
3030 1764 3132 1816 sibi
3174 1764 3440 1832 perditio-

1872 1866 1992 1904 nem
2039 1854 2706 1921 procurarent:pr:etulit
2756 1869 2884 1920 ergo
2936 1855 3153 1910 illorum
3203 1857 3436 1911 salutem

220 1937 348 1987 ρησε
374 1923 535 1990 μέγα,
566 1925 702 1978 ὅπου
747 1944 809 1994 γε
855 1928 952 1980 καὶ
984 1929 1193 1982 πολλῶν
1256 1934 1767 2002 προκατειληφότων
1801 1908 1841 1964 Β
1870 1955 1879 1993 l

1166 1947 1193 1982 ν
1256 1934 1767 2002 προκατειληφότων
1801 1908 1841 1964 Β
1870 1955 1982 1994 suae
2005 1908 2364 2004 festinationi,
2403 1908 2484 1995 ut.
2501 1942 2825 1996 salvaretur.

216 2011 266 2062 τί
293 2010 368 2065 δεῖ
404 2013 582 2083 λέγειν
608 2016 1052 2088 διευλαϐούμενον
1080 2020 1155 2084 ὡς
1198 2020 1409 2085 οὐδενὸς
1434 2023 1750 2095 ὑστέρησεν,
1804 2028 1938 2083 ἀλλὰ
1991 2030 2067 2101 μὴ
2101 2032 2618 2103 παρρησιασάμενον
2674 2032 2773 2103 τὴν
2799 2034 3071 2104 ἀλήθειαν,
3122 2036 3205 2089 ὅτι
3231 2037 3439 2100 πάντας

216 2104 292 2174 τῷ
310 2106 498 2200 δρόμῳ
526 2110 619 2161 καὶ
640 2112 707 2181 τῇ
739 2112 939 2181 σπουδῇ
983 2113 1356 2185 ὐπερήλασενς
1400 2118 1539 2169 Ἀλλ’
1585 2120 1776 2187 ἐκείνῳ
1815 2124 1912 2192 μὲν
1954 2126 1986 2193 ή
2038 2124 2307 2195 βραδύτης
2331 2128 2411 2189 εἰς
2448 2127 2601 2180 οὐδὲν
2649 2130 2865 2200 ἀπήντα
2913 2130 3170 2185 δύσκολον
3196 2149 3209 2163 ·
3274 2132 3439 2200 φόϐος

214 2199 260 2253 δ’
281 2197 369 2296 Δῆν
393 2203 453 2256 οὐ
486 2205 683 2275 μικρὸς
718 2207 975 2277 περὶτῶν
1000 2207 1141 2261 οὕτω
1170 2210 1355 2274 κακῶς
1376 2213 1469 2265 ἐπὶ
1522 2217 1589 2283 τῇ
1628 2215 1809 2269 πίστει
1844 2218 2222 2290 διακειμένων,
2264 2222 2339 2292 μὴ
2362 2224 2456 2275 καὶ
2501 2222 2588 2275 διὰ
2657 2197 2774 2293 βίου
2818 2223 2917 2294 τὴν
2955 2225 3125 2296 αὐτὴν
3159 2197 3439 2287 νοσοῦντες

215 2293 491 2390 πώρωσιν,
520 2296 738 2350 αιὼνιον
757 2300 940 2363 αὐτοῖς
960 2301 1052 2353 τὸν
1073 2301 1295 2372 ὄλεθρον
1344 2307 1802 2375 συνεργάσωνταιο
1840 2310 1909 2364 δι’
1976 2312 2007 2366 δ
2036 2314 2136 2384 τὴν
2188 2315 2413 2369 ἐκείνων
2459 2319 2701 2389 προτιμᾷ
2746 2293 3017 2388 σωτηρίαν
3061 2293 3157 2373 τοῦ
3211 2320 3440 2390 ταχύτε-

216 2405 308 2461 ρον
330 2388 495 2443 αὐτόν
526 2390 678 2453 ἐντὸς
700 2392 951 2459 γενέσθαι
974 2394 1075 2463 τῆς
1100 2394 1394 2465 σωτηρίας.

294 2480 453 2532 Ἀλλά
482 2481 546 2533 σύ
574 2498 636 2550 γε
671 2485 975 2554 προσέχων,
1006 2484 1081 2550 ὡς
1104 2488 1137 2555 η
1186 2486 1305 2540 θεία
1331 2488 1597 2560 πολλαχοῦ
1635 2492 1779 2562 Γρα-

213 2588 311 2643 φη,
340 2573 433 2625 καὶ
474 2574 595 2627 ἀντὶ
632 2575 928 2639 κακώσεως
970 2578 1064 2630 καὶ
1105 2579 1378 2650 τιμωρίας
1428 2584 1775 2652 σωματικῆς,

216 2666 279 2715 τὸ
312 2663 566 2733 ἀνάθεμα
592 2666 823 2735 τίθησιν,
852 2669 912 2720 οὐ
963 2669 1218 2737 χαλεπῶς
1265 2670 1486 2724 κάκεῖνο
1530 2676 1778 2743 συνήσεις

213 2754 297 2808 ὅτι
322 2756 392 2807 τά
417 2754 523 2808 τῶν
554 2757 880 2828 κακούργων
904 2760 1097 2813 παθεῖν
1118 2763 1147 2813 ό
1190 2760 1331 2825 θεῖος
1377 2762 1606 2830 Παῦλος,
1638 2765 1777 2837 ὑπὲρ

212 2844 311 2899 τοῦ
335 2846 605 2901 σεσῶσθαι
630 2849 757 2915 τοὺς
789 2853 1090 2919 συγγενεῖς,
1136 2852 1224 2905 διά
1259 2854 1366 2907 τῶν
1394 2854 1650 2909 τοιούτων
1679 2861 1779 2928 ρη-

218 2940 404 3008 μάτων
430 2938 629 3009 ηὔχετο
652 2956 669 2973 ⁸
702 2941 798 2994 καὶ
824 2943 922 3012 οὐχ
946 2943 1135 3007 ἁπλῶς
1150 2945 1272 2998 οὐδὲ
1298 2946 1460 3000 τοῦτο
1480 2962 1493 2976 ·
1525 2948 1662 3001 ἀλλά
1688 2951 1782 3003 καὶ

215 3032 325 3083 ἀπὸ
348 3031 587 3101 Χριστοῦ
611 3031 924 3096 δικάζοντος
948 3050 963 3065 ο
1000 3033 1158 3087 τοῦτο
1192 3038 1301 3107 γὰρ
1323 3036 1389 3091 ἂν
1413 3040 1496 3109 εἴη
1522 3039 1584 3092 τὸ
1620 3060 1638 3092 ι
1674 3042 1779 3099 ἀπὸ

215 3122 456 3193 Χριστοῦ
480 3138 495 3155 ⁸
544 3142 563 3176 ι
602 3126 696 3177 καὶ
720 3125 821 3196 τὴν
838 3126 1077 3195 τιμωρὸν
1101 3126 1353 3194 ἀφιέντος
1386 3130 1585 3199 ψῆφον.
1606 3131 1777 3184 Τοῦτο

213 3213 273 3265 δὲ
304 3213 445 3283 μέγα
480 3214 579 3283 μὲν
610 3215 705 3267 καὶ
742 3213 1073 3285 θαυμάσιον*
1103 3218 1222 3280 πῶς
1246 3219 1357 3290 γάρ
1384 3219 1445 3272 οὐ
1477 3238 1492 3287 ;
1523 3222 1781 3291 οὐδεμίαν

216 3303 278 3356 δὲ
306 3302 399 3356 τοῦ
423 3304 561 3373 πρὸς
586 3306 823 3376 Χριστὸν
852 3306 1021 3359 πόθου
1047 3308 1080 3379 ἢ
1118 3310 1217 3378 τῆς
1244 3313 1540 3380 συναφείας
1562 3313 1785 3367 διάστα-

221 3410 314 3446 σιν
347 3395 681 3463 συνεισάγει,
706 3398 829 3451 οὐδέ
854 3415 976 3452 τινα
1023 3400 1258 3469 πάροδον
1294 3406 1417 3463 ταῖς
1449 3405 1654 3459 ἀνωθεν
1678 3412 1783 3474 ἁφ-

224 3481 372 3551 ίησιν
425 3482 702 3553 ἀπορίαις.
749 3485 885 3539 Οὐδέ
931 3487 1040 3556 γὰρ
1078 3487 1199 3540 οὐδὲ
1246 3489 1309 3542 τὸ
1337 3489 1623 3559 βούλεσθαί
1668 3512 1788 3546 τινα

222 3574 369 3645 ὑπὲρ
394 3574 494 3646 τῆς
533 3575 737 3647 ἐτέρων
794 3580 1073 3649 σωτηρίας
1100 3583 1168 3635 τά
1214 3582 1418 3653 ἔσχατα
1459 3583 1537 3653 τῷ
1576 3583 1788 3655 σώματι

220 3666 477 3735 πάσχειν,
533 3666 638 3720 κᾶν
696 3668 903 3721 ἀνωθεν
938 3671 1072 3741 έλκῃ
1123 3670 1223 3741 τὴν
1275 3674 1476 3744 κρίσιν,
1498 3674 1790 3729 ὲλάττωσίν

219 3775 344 3810 τινα
394 3758 494 3828 τῆς
530 3758 679 3822 θείας
715 3763 972 3833 στοργῆς,
1026 3764 1113 3817 ῖνα
1144 3763 1219 3835 μὴ
1266 3765 1410 3834 λέγω
1447 3767 1683 3836 μάλιστα
1716 3768 1792 3831 ὡς

221 3850 322 3901 καὶ
362 3851 686 3921 συναύξησιν
701 3853 933 3922 εἰσάγει.
964 3854 1165 3909 Ἐδίδου
1184 3856 1364 3910 τοίνυν
1391 3858 1583 3911 ἐαυτὸν
1601 3860 1629 3911 ό
1648 3860 1790 3922 θεῖος

224 3940 461 4003 Παῦλος,
498 3944 593 3996 καὶ
619 3942 818 4014 ηὐχετο
844 3948 1069 4015 πικραῖς
1098 3946 1357 4001 ὑπελθεῖν
1403 3949 1499 4001 καὶ
1551 3949 1796 4020 βαρείαις

221 4035 544 4103 τιμωρίαις,
582 4037 633 4088 ει
661 4036 821 4107 μόνον
852 4040 977 4099 τοὺς
1012 4039 1316 4109 ὁμοφύλους
1365 4041 1487 4105 ῖδοι,
1522 4043 1612 4096 τὸν
1656 4046 1798 4096 κατά

224 4124 469 4195 Χριστοῦ
514 4125 707 4193 φθόνον
748 4129 843 4180 καὶ
875 4128 1110 4198 πόλεμον
1154 4130 1581 4201 καταθεμένους,
1610 4135 1706 4185 καὶ
1738 4134 1797 4186 τὸ

226 4216 373 4287 βαρὺ
406 4216 502 4270 τοῦ
530 4218 696 4288 νόμου
729 4222 825 4272 καὶ
854 4220 1084 4274 παλαιὸν
1111 4221 1275 4291 ἄχθος
1303 4223 1795 4294 ἀποσεισαμένους,

226 4305 339 4360 ὑπὸ
368 4308 462 4361 τὸν
490 4309 724 4379 χρηστὸν
751 4311 847 4380 τῆς
874 4311 1092 4382 χάριτος
1123 4314 1218 4367 καὶ
1247 4313 1482 4384 ἐλαφρὸν
1506 4313 1673 4382 ζυγὸν
1704 4333 1798 4382 γε-

223 4399 590 4468 γενημένους.
634 4401 955 4455 ’Υπόλοιπον
1024 4404 1083 4456 δέ
1127 4404 1232 4457 τῶν
1285 4406 1596 4475 εἰρημένων
1652 4409 1799 4461 ἔστιν

1951 2491 2416 2549 Considerandum
2464 2502 2569 2559 est,
2611 2493 2755 2564 quod
2790 2494 2971 2548 divina
3022 2495 3304 2565 Scriptura
3345 2514 3442 2567 pro

1882 2584 2191 2648 malefacta,
2220 2593 2276 2639 et
2302 2585 2567 2654 supplicio
2607 2586 2893 2641 anathema
2920 2596 3146 2656 usurpat
3174 2605 3189 2641 :
3218 2589 3361 2644 unde
3389 2599 3443 2643 ct

1883 2676 2015 2729 illttd
2053 2675 2423 2747 cogitandum,
2455 2676 2600 2745 quod
2628 2678 2728 2732 hac
2752 2692 2887 2732 voce
2917 2677 3117 2732 Paulus
3140 2695 3239 2748 pro
3266 2681 3443 2735 salute

1880 2767 2162 2821 tribulium
2194 2766 2355 2820 vellet
2404 2767 2692 2836 impiorum
2735 2769 3000 2837 supplicia
3036 2770 3305 2836 tolerare;
3345 2788 3445 2826 nec

1879 2855 2218 2924 simpliciter,
2249 2854 2341 2908 sed
2374 2869 2406 2908 a
2433 2854 2654 2909 Christo
2684 2855 2865 2923 judice
2893 2854 3114 2910 inﬂicta.
3159 2854 3271 2910 Hoc
3300 2857 3442 2910 enim

1880 2947 2189 3017 signiﬁcare
2223 2955 2423 3015 potest.
2468 2964 2486 2997 ι
2516 2961 2546 2999 a
2577 2946 2814 3009 Christo,
2852 2966 2869 2997 ι
2902 2962 3095 3015 nempe
3122 2949 3443 3001 sententiam

1878 3036 2268 3107 pronuntiante
2295 3034 2610 3103 punitivam.
2649 3033 2746 3088 Est
2784 3035 2885 3088 hoc
2917 3036 3066 3089 dictu
3101 3051 3358 3103 maguum
3392 3047 3448 3090 et

1881 3127 2077 3179 mirum
2111 3137 2280 3191 certe,
2326 3125 2417 3178 sed
2453 3124 2659 3177 nullam
2689 3125 3003 3179 subiuducit
3048 3140 3077 3178 a
3106 3125 3310 3179 Christi
3350 3128 3447 3180 dc-

1883 3215 2083 3270 siderio
2104 3214 2189 3268 vel
2212 3214 2597 3283 conjunctione
2622 3216 3041 3284 scparationem,
3066 3230 3166 3269 nec
3194 3217 3449 3286 superius

1882 3306 2183 3375 positarum
2233 3305 2638 3359 dubitationum
2699 3306 2940 3374 aliquam
2989 3305 3258 3374 admittit;
3315 3306 3452 3359 velle

1884 3397 2027 3450 enim
2061 3397 2356 3464 quemlibet
2405 3406 2647 3451 extrema
2679 3413 2907 3467 qumque
2960 3399 3013 3451 in
3070 3413 3304 3469 corpore
3352 3414 3451 3452 suo

1885 3490 1996 3557 pati
2036 3502 2135 3556 pro
2180 3488 2356 3542 salute
2408 3489 2665 3553 aliorum,
2721 3504 2829 3541 non
2880 3488 3239 3542 minutionem
3281 3486 3453 3541 divini

1889 3576 2113 3631 allectus
2170 3585 2448 3647 operatur,
2503 3578 2626 3631 licet
2674 3593 2704 3632 a
2760 3578 2915 3631 ccelis
2980 3577 3272 3646 inﬂigatur,
3321 3577 3453 3645 quin

1891 3672 2072 3741 potius
2100 3672 2353 3741 adauget.
2384 3670 2598 3725 Detlidit
2620 3686 2679 3725 se
2703 3673 2962 3740 quocirca
2985 3672 3204 3726 divinus
3229 3670 3455 3732 Paulus,

1891 3769 1945 3814 ct
1974 3760 2179 3830 optavit
2209 3760 2393 3829 gravia
2422 3768 2477 3815 et
2501 3758 2869 3815 insuﬂ'erenda
2902 3761 3166 3831 supplicia
3191 3760 3455 3831 perferre.

1893 3854 1938 3907 si
1998 3852 2206 3906 videret
2263 3867 2393 3906 suos
2448 3852 2804 3918 contribules,
2855 3853 3139 3913 invidiam,
3206 3853 3457 3908 hostilem

1894 3944 2137 3999 animum
2181 3943 2235 3997 in
2263 3943 2544 3998 Christum
2577 3943 2872 4014 deponere,
2905 3948 2949 4000 si
2980 3961 3143 4017 grave
3175 3955 3229 4000 ct
3266 3946 3461 3999 intole-

1894 4035 2064 4089 rabile
2099 4034 2232 4106 legis
2266 4050 2407 4089 onus
2433 4046 2709 4099 excutere,
2735 4047 2789 4090 et
2816 4038 2922 4091 sub
2959 4038 3161 4092 Christi
3194 4046 3249 4092 et
3275 4039 3462 4106 gratim

1897 4124 2051 4178 suavi
2076 4134 2131 4179 et
2158 4126 2260 4178 levi
2282 4124 2412 4195 jugo
2449 4126 2677 4195 positos.
2712 4126 3000 4197 Reliquum
3039 4140 3119 4182 est
3156 4129 3460 4197 despicere,

1898 4216 2044 4286 quod
2075 4216 2121 4270 si
2156 4215 2299 4285 quis,
2343 4216 2437 4285 qui
2476 4216 2613 4269 nihil
2655 4233 2683 4270 a
2713 4219 2935 4288 scriptis
2964 4219 3201 4273 alienum
3236 4219 3461 4289 cogitat.

1901 4308 2015 4377 ipsa
2049 4316 2228 4361 autem
2260 4322 2355 4376 per
2379 4322 2459 4371 se,
2492 4308 2612 4362 sine
2644 4309 2752 4362 ulla
2774 4309 3266 4364 circumlocutione
3297 4311 3464 4363 inter-

1900 4409 2141 4469 pretans,
2167 4400 2380 4454 sincero
2396 4399 2622 4468 judicio,
2656 4402 2739 4455 vel
2772 4402 3069 4456 secundum
3119 4403 3296 4471 ipsum
3325 4401 3435 4455 Pan

230 4490 390 4555 ἰδεῖν,
421 4491 499 4553 ὡς
530 4492 583 4544 εί
613 4510 698 4556 τις
726 4495 821 4547 καὶ
852 4496 1020 4565 μηδὲν
1042 4495 1241 4559 ἔξωθεν
1263 4496 1372 4550 τῶν
1394 4499 1793 4569 γεγραμμένων
1826 4498 1869 4551 D

1826 4498 1869 4551 D
1897 4491 2007 4545 lum
2024 4490 2314 4560 spirituali,
2332 4493 2655 4545 sententiam
2676 4494 2833 4557 ferat,
2855 4507 2920 4547 ne
2935 4493 3013 4547 sic
3030 4494 3244 4561 quidem
3262 4494 3465 4561 aliquid

226 4582 704 4652 ἐπιλογιζόμενος,
734 4585 871 4638 αὐτά
889 4586 944 4639 δὲ
972 4586 1092 4639 καθ’
1126 4588 1314 4650 ἐαυτά,
1345 4590 1436 4642 καὶ
1464 4591 1632 4659 χωρίς
1657 4609 1802 4653 τινος

226 4674 520 4741 περινοίας
554 4675 969 4746 μετερχόμενος,
994 4679 1278 4749 άδεκάστῳ
1307 4681 1488 4751 κρίσει
1515 4682 1610 4734 καὶ
1644 4699 1806 4734 πνευ-

230 4767 533 4834 ματικαῖς,
562 4770 679 4819 κατ’
716 4768 878 4820 αὐτὸν
917 4771 1122 4822 ἐκεῖνον
1165 4773 1341 4823 εἰπεῖν
1377 4773 1467 4824 τὸν
1485 4772 1794 4839 θεσπέσιον,

227 4857 591 4928 ἀνακρίσεσι,
624 4858 725 4927 τὴν
759 4860 888 4928 περὶ
921 4859 1103 4912 αὐτῶν
1140 4862 1422 4932 ἐπιτρέψοι
1468 4862 1666 4933 ψῆφον,
1698 4865 1805 4916 οὐδ’

226 4946 415 5010 οὕτως
440 4948 593 5002 οὐδὲν
615 4949 873 5020 δυσχερὲς
901 4950 933 5021 ἢ
960 4950 1070 5003 τῶν
1099 4952 1322 5022 ἀπόρων
1363 4953 1647 5023 ἐπόψεται.
1689 4954 1807 5007 Ἰνα

228 5040 352 5110 γὰρ
384 5040 483 5111 τὴν
508 5040 602 5095 τοῦ
619 5043 955 5114 πατριάρχου
971 5044 1283 5113 θαυμασίαν
1316 5046 1462 5099 ἐάσω
1490 5044 1808 5108 Ῥεϐέκκαν,

231 5131 486 5201 φοϐερὰν
508 5132 648 5200 ἀράν
680 5134 763 5202 ἐφ’
793 5133 991 5205 ἑαυτὴν
1015 5136 1300 5198 ἐλκουσαν,
1321 5137 1394 5198 ὡς
1422 5138 1489 5189 ἂν
1516 5135 1607 5189 τὸν
1640 5137 1810 5192 παῖδα

232 5224 413 5294 πείσῃ
446 5224 720 5293 πατρικῆς
765 5224 1013 5293 εὐλογίας
1049 5226 1214 5297 τέχνῃ
1252 5228 1343 5279 τὸν
1368 5228 1569 5298 κλῆρον
1603 5228 1811 5282 ἰδιώσα-

231 5315 393 5369 σθαι.
440 5314 578 5367 Ἀλλ’
609 5317 704 5384 ὅγε
726 5318 929 5383 Μωσῆς
954 5319 982 5370 ὁ
1008 5316 1241 5387 θεόπτης
1258 5318 1328 5370 τὰ
1345 5320 1486 5373 αὐτά
1505 5320 1645 5390 ὑπὲρ
1680 5321 1809 5373 Ἰου-

230 5406 413 5459 δαίων
468 5405 666 5475 μικροῦ
716 5407 807 5460 καὶ
838 5406 1015 5471 λέξεσι
1055 5407 1658 5479 προαναφθεγξάμενος,
1692 5412 1808 5473 πῶς

231 5500 350 5549 οὐκ
380 5497 503 5549 ἀντὶ
530 5498 748 5551 πάντων
779 5499 1014 5569 ἁρκήσει
1044 5508 1073 5540 τ
1099 5500 1198 5562 τὰς
1236 5502 1643 5572 ἐπιφερομένας
1675 5503 1809 5553 ἁπο-

239 5589 376 5658 ρίας
404 5586 513 5641 τῶν
536 5588 629 5640 τοῦ
657 5587 981 5643 ’Λποστόλου
1017 5592 1278 5660 ῥημάτων
1306 5590 1770 5662 προδιαλῦσασθαι
1800 5608 1812 5652 ;

234 5680 313 5732 Τί
336 5680 447 5749 γάρ
481 5697 687 5747 φησιν;
726 5700 745 5731 ι
786 5683 847 5733 El
882 5682 978 5751 μὲν
1005 5684 1161 5751 ἀφεὶς
1192 5685 1389 5745 αὐτοὺς
1434 5684 1588 5751 ἄφες,
1630 5702 1648 5735 ι
1688 5681 1813 5735 εἰδὲ

245 5772 356 5843 μὴ,
381 5788 401 5821 ε
427 5769 705 5839 ἐξάλειψον
723 5773 865 5841 κάμέ
887 5789 900 5803 ·
932 5791 951 5824 ι
975 5774 1108 5829 ἀλλά
1130 5775 1294 5829 πόθεν
1315 5792 1329 5841 ;
1360 5776 1525 5839 ὅντως
1544 5774 1810 5844 συγγενὴς

364 5872 393 5904 ’¹
417 5861 553 5918 (3.3L
587 5864 721 5917 ἀί.κὲ
736 5881 828 5918 J51.-

1907 4582 2253 4650 ineluctabile
2298 4592 2571 4636 occurret.
2611 4582 2681 4637 Ut
2711 4587 2955 4637 omittam
3003 4585 3317 4655 praeclaram
3371 4602 3466 4653 pa-

1905 4671 2155 4725 triarchae
2173 4684 2399 4725 uxorem
2422 4669 2743 4734 Rebeccam,
2766 4672 3109 4725 maledictum
3136 4672 3467 4724 horrendum

1908 4764 1962 4817 in
1990 4776 2049 4818 se
2077 4762 2516 4824 transferentem,
2551 4770 2609 4815 ut
2632 4761 2799 4815 [ilium
2836 4762 3114 4815 induceret
3144 4763 3209 4814 ad
3236 4772 3473 4830 paternae

1910 4853 2299 4909 benedictionis
2340 4862 2541 4907 sortem
2583 4861 2698 4907 arte
2720 4853 2995 4921 quadam;
3062 4852 3240 4907 Moses
3298 4864 3469 4917 certe,

1908 4950 2001 5016 qui
2045 4945 2216 5000 Deum
2268 4946 2422 5008 vidit,
2469 4944 2657 4999 eadem
2712 4944 2903 4998 iisdem
2956 4960 3094 5012 pene
3144 4944 3324 4998 verbis
3374 4960 3474 5013 pro

1917 5038 2108 5091 Iudaeis
2149 5036 2493 5105 loquebatur,
2546 5045 2599 5089 et
2649 5035 2720 5087 ita
2772 5048 2963 5087 omnes
3012 5044 3198 5087 contra
3228 5035 3473 5102 Apostnii

1942 5129 2073 5180 orba
2100 5127 2468 5181 dubitationes
2492 5126 2717 5196 injectas
2749 5125 2998 5179 dissolvit
3026 5124 3267 5177 abunde.
3299 5124 3479 5192 luquit

1911 5227 2111 5280 autem,
2169 5237 2189 5269 ι
2221 5218 2281 5272 Si
2326 5218 2594 5282 remittes,
2631 5217 2844 5271 remitte
2886 5216 3035 5270 illis:
3070 5235 3090 5267 ο
3139 5216 3227 5268 sin
3276 5216 3477 5277 minus,

1919 5331 1936 5360 ι
1967 5325 2053 5365 me
2099 5310 2251 5377 dele;
2283 5330 2302 5362 ι
2356 5312 2501 5365 unde
2549 5310 2769 5365 autem?
2821 5319 2965 5367 certe
3020 5322 3325 5378 congenera
3376 5306 3481 5361 l‘uit

1916 5402 2117 5472 Moysis
2169 5402 2351 5456 anima
2396 5402 2571 5467 Pauli,
2626 5420 2644 5452 ι
2674 5418 2703 5455 e
2749 5402 2888 5455 libro
2934 5401 3077 5453 vita).
3132 5418 3149 5449 ι
3180 5399 3318 5464 Quid
3376 5400 3482 5452 hoc

1913 5494 2063 5547 aliud
2091 5503 2197 5558 est,
2227 5510 2415 5562 quam,
2448 5495 2504 5548 Si
2529 5493 2666 5548 meis
2709 5491 3106 5546 contribulibns
3138 5505 3240 5543 nec
3266 5489 3481 5542 veniam

1918 5585 2260 5654 indulgebis,
2289 5603 2389 5643 nec
2415 5588 2509 5642 tibi
2542 5588 2662 5641 illos
2695 5584 2940 5647 adunies,
2990 5600 3010 5634 ι
3037 5598 3225 5651 scpara
3256 5591 3308 5634 at
3340 5596 3427 5635 me
3453 5595 3484 5634 a

1918 5686 2051 5739 te?»
2102 5696 2210 5741 tam
2256 5682 2471 5737 sincero
2510 5678 2702 5732 affectu
2754 5678 2807 5729 in
2851 5674 3116 5743 sanguine
3163 5672 3485 5740 conjunctns

1920 5776 2193 5833 ferebatur
2246 5776 2347 5842 Qui
2372 5774 2437 5829 dc
2474 5771 2612 5825 libro
2642 5769 2867 5833 deletur,
2900 5766 3165 5837 judicium
3200 5764 3302 5820 sub
3325 5764 3393 5818 sit
3422 5779 3482 5815 ru
