4200 6444
800 422 908 488 σεε
1943 423 2202 487 ΡΗΟἸἹῙ
2240 425 2459 488 PATRl

2371 425 2745 487 .‘RIABCHIE
2772 428 2880 520 (ξιτ.
3926 426 4030 492 σοι

802 524 1102 597 parationis
1144 537 1176 578 a
1218 521 1349 577 Deo.
1391 521 1501 577 Nec
1547 522 1792 587 interest,
1827 525 2096 584 dixeritne
2135 547 2151 583 :
2193 549 2213 582 ι
2248 530 2372 584 Dele
2400 537 2445 589 Α

2400 537 2445 589 Α
2473 527 2541 599 ἦν
2572 536 2605 602 ἡ
2643 535 2888 598 Μωσέως
2942 535 3087 605 ψυχὴ
3137 537 3236 604 τῆς
3270 535 3485 591 Παύλου
3515 537 3732 607 ψυχῆς·
3763 555 3782 588 ι
3820 537 3922 590 Ἐκ
3938 539 4033 604 τῆς

807 633 894 672 me
918 616 985 671 de
1008 614 1146 669 libro
1169 615 1310 678 vitm,
1352 631 1371 664 ι
1413 626 1468 667 et
1503 631 1524 663 ι
1551 628 1746 682 separa
1783 631 1868 668 me
1902 631 1932 669 a
1957 625 2029 672 te.
2064 639 2082 672 ι
2121 621 2372 675 Libertas

2475 621 2656 689 βίδλου
2679 625 2808 692 γὰρ,
2835 625 2990 693 φησὶ,
3025 624 3127 693 τῆς
3149 625 3313 693 ζωῆς.
3359 645 3378 677 ι
3413 627 3583 680 Τοῦτο
3607 627 3662 680 δὲ
3687 627 3741 679 τί
3759 629 3915 678 ἐστιν
3941 627 4032 680 ἁλ-

808 708 922 761 baee
967 721 1074 759 non
1109 712 1318 757 tantum
1362 705 1428 756 ab
1460 701 1659 757 an‘ectu
1696 705 1882 758 divino
1927 711 2249 776 procedens,
2282 726 2375 766 ve.

809 813 930 851 rum
974 806 1030 850 et
1073 795 1308 864 propriis
1342 794 1552 848 meritis
1607 795 1944 860 subinduxit,
1982 809 2040 853 ut
2073 817 2182 854 non
2212 801 2376 854 modo

809 904 917 942 non
941 887 1276 955 rejiceretur.
1305 885 1400 940 sed
1429 901 1556 940 cum
1589 887 1797 942 honore
1818 891 2213 947 admitteretur.
2263 891 2378 946 Vox

814 980 902 1032 illa
943 978 1198 1047 populum
1248 976 1462 1031 aliinem
1514 979 1583 1031 ab
1635 980 1713 1032 ira
1759 980 1904 1049 justa
1952 984 2222 1047 liberavit,
2278 998 2379 1039 nec

813 1067 1078 1119 dicentem
1111 1064 1372 1133 expunxit
1401 1066 1468 1118 ab
1495 1066 1589 1120 illo
1620 1084 1638 1116 ι
1672 1067 1810 1120 libro
1839 1069 1981 1123 vitae.
2044 1089 2062 1120 ι
2106 1072 2377 1136 Quocirca

816 1165 875 1209 nt
905 1156 1087 1210 Mosen
1137 1156 1250 1208 haec
1293 1155 1564 1209 dicentem
1610 1167 1663 1210 et
1693 1159 1975 1212 facientem
2016 1162 2378 1224 admiramur,

816 1251 889 1303 ita
917 1260 973 1304 et
1008 1247 1235 1302 Paulum
1266 1250 1438 1318 magis
1463 1250 1741 1318 suspicere
1769 1252 2054 1316 debemus,
2100 1255 2193 1324 qui
2217 1257 2381 1310 vehe-

818 1340 1060 1394 mentius
1110 1341 1162 1392 in
1208 1342 1456 1393 eumdem
1502 1341 1752 1396 allectum
1801 1342 2096 1397 ferebatur.
2149 1347 2232 1399 An
2275 1361 2382 1399 non

819 1432 1034 1484 videtur
1079 1429 1174 1482 tibi
1217 1430 1510 1483 anathema
1559 1434 1800 1499 seipsum
1848 1431 2255 1497 quodammodo
2284 1448 2382 1502 po-

820 1524 1016 1588 suisse,
1051 1532 1108 1577 et
1135 1537 1193 1578 se
1226 1537 1256 1576 a
1301 1525 1472 1592 gratia
1519 1539 1805 1591 separasse
1837 1540 1935 1594 pro
1970 1527 2217 1596 cognatis
2243 1528 2383 1591 suis,

821 1631 946 1670 cum
990 1614 1339 1668 Timotheum
1389 1615 1829 1679 circumcideret,
1881 1625 1936 1670 et
1978 1633 2100 1672 cum
2150 1619 2385 1688 gloriose

820 1707 1123 1775 prtedicans
1159 1704 1535 1776 Evangelium,
1570 1705 1882 1760 Judaaorum
1922 1717 2045 1762 vota
2085 1709 2382 1774 simulavit,

822 1807 983 1864 caput
1016 1797 1302 1862 abradens,
1347 1806 1402 1850 et
1428 1806 1628 1851 statuta
1669 1797 1904 1853 σπι-τους
1941 1801 2246 1854 sacriﬁcia?
2287 1815 2387 1855 nec

821 1900 922 1954 pro
969 1901 1025 1938 se
1075 1885 1212 1948 solo,
1265 1885 1356 1939 sed
1389 1901 1486 1953 pro
1532 1887 1655 1941 aliis
1688 1888 1852 1940 etiam
1898 1903 2132 1956 quorum
2181 1889 2384 1944 sodalis
2423 1875 2460 1927 Β

821 1985 960 2038 erat,
989 1976 1081 2043 qui
1124 1987 1177 2028 et
1212 1986 1458 2043 sumptus
1487 1977 1542 2031 in
1575 1978 1843 2032 sacriﬁcia
1885 1980 2260 2047 suppeditabat
2297 1980 2384 2035 iis.

824 2065 882 2119 In
911 2082 1071 2132 quam
1111 2068 1373 2120 causam?
1398 2067 1546 2120 Illam
1583 2084 1795 2136 nempe.
1846 2079 1903 2122 ut
1939 2085 2130 2124 omnes
2163 2069 2382 2126 Christo

824 2157 1199 2220 lucrifaceret,
1231 2167 1289 2211 ut
1325 2159 1591 2227 plurimos
1626 2159 1940 2224 adduceret,
1988 2171 2045 2215 ut
2074 2162 2389 2216 omnimodo

824 2250 1038 2318 aliquos
1079 2257 1362 2304 servaret:
1393 2249 1516 2304 ideo
1543 2249 1747 2306 iudicis
1800 2251 2018 2307 Judaeus
2063 2253 2144 2316 ﬁt,
2188 2253 2255 2308 iis
2296 2253 2390 2322 qui

825 2342 947 2396 sine
983 2341 1119 2409 lege,
1165 2351 1425 2408 tanquam
1466 2343 1586 2396 sine
1622 2343 1760 2411 lege,
1810 2357 1930 2396 Cum
1960 2341 2192 2398 inﬁrmis
2233 2342 2390 2396 inlir-

825 2432 1095 2484 tnabatur.
1146 2431 1289 2484 Nihil
1321 2431 1514 2484 horum
1571 2440 1691 2486 erat
1720 2432 1885 2503 (absit
1923 2443 1981 2487 ut
2009 2431 2193 2503 fuerit)
2242 2435 2387 2503 apud

824 2523 1070 2574 animum
1107 2529 1163 2574 et
1185 2519 1448 2589 judicium
1481 2535 1641 2575 suum
1671 2539 1686 2574 :
1721 2523 1839 2588 sed,
1871 2542 1888 2573 ι
1917 2520 2186 2579 Omnibus
2205 2525 2390 2578 omnia

826 2611 1005 2666 factus
1037 2619 1144 2673 est,
1200 2621 1258 2664 ut
1292 2612 1371 2666 sic
1416 2612 1601 2682 aliquo
1633 2614 1794 2667 modo
1840 2615 2076 2684 aliquem
2107 2616 2394 2671 lucriface-

826 2709 931 2753 ret.
967 2719 987 2750 ο
1025 2700 1271 2754 linitator
1293 2703 1563 2768 egregius,
1589 2710 1668 2762 ut,
1700 2702 1844 2771 quod
1867 2714 2030 2771 caput
2056 2715 2157 2770 est,
2190 2705 2390 2769 dicam,

827 2792 1138 2846 communis
1183 2791 1392 2844 Domini
1434 2803 1488 2844 et
1513 2791 1821 2847 Servatoris
1853 2795 2048 2856 nostri,
2082 2796 2179 2864 qui
2207 2797 2391 2850 omnia

828 2897 930 2952 pro
960 2884 1119 2938 nobis
1151 2899 1366 2951 passus,
1404 2883 1474 2936 ob
1535 2883 1943 2953 inexplicabiles
1974 2885 2195 2942 divitias
2229 2889 2395 2942 mise—

830 2973 1084 3027 ricordiae
1119 2989 1233 3028 sua:
1267 2983 1323 3026 et
1367 2973 1778 3038 exinanitionis,
1816 2992 1925 3029 non
1971 2978 2244 3032 recusavit
2270 2993 2396 3047 pec-

827 3072 1012 3117 catum
1051 3075 1105 3117 et
1149 3064 1454 3116 maledictio
1497 3078 1596 3130 pro
1649 3066 1807 3118 nobis
1846 3067 1951 3119 dici
2006 3075 2061 3119 et
2115 3068 2392 3136 reputari,

2473 713 2552 775 λο,
2580 715 2795 784 παράτδ
2823 716 3035 783 λέγειν,
3067 717 3142 782 ὡς
3165 719 3263 771 ’Δν
3293 718 3368 789 μὴ
3394 721 3507 778 τοῖς
3545 720 3804 785 ὲκγένους
3836 727 3864 754 ι
3901 736 4034 772 κατ-

2475 805 2786 874 αλλαγείης,
2822 809 2916 860 καὶ
2977 809 3160 879 σαυτῷ
3199 810 3442 880 συνάψῃς
3482 811 3680 873 αὐτοὺς
3702 852 3716 874 ,
3741 831 3760 862 ι
3791 805 3863 879 (ὦ
3894 811 4035 877 γνώ-

2480 913 2587 964 μης
2618 899 2853 965 ἄκρατον
2874 898 2973 968 τὴν
2998 899 3108 951 τῶν
3149 900 3210 964 ἐξ
3247 901 3478 972 αἵματος
3517 902 3776 971 πρόνοιαν
3806 902 4039 971 μεθυού-

2480 988 2630 1055 σηςί)
2662 1005 2680 1037 ι
2711 986 2943 1058 χώρισον
2987 990 3131 1060 κάμὲ
3173 992 3280 1045 ἀπὸ
3329 991 3448 1058 acii;
3485 1011 3502 1043 ι
3527 991 3768 1063 Εὔδηλον
3819 995 3935 1062 γάρ
3967 995 4037 1057 ὡς

2478 1083 2506 1132 δ
2534 1082 2739 1135 ἐκεῖθεν
2766 1083 3198 1154 ἀπαλειφόμενος
3242 1087 3333 1140 τὸν
3375 1089 3656 1158 χωρισμὸν
3701 1089 4040 1153 συγκαταδι-

2482 1173 2706 1234 κτίζεται
2731 1173 2825 1226 τοῦ
2848 1173 3013 1226 Θεοῦ·
3032 1177 3129 1227 καὶ
3156 1177 3306 1228 οὐδὲν
3324 1177 3628 1247 διενήνοχεν
3650 1181 3854 1240 εἰπεῖν,
3889 1179 4040 1242 «Ἐξο

2481 1261 2699 1329 ἀλειψόν
2759 1281 2825 1333 με
2867 1265 2966 1332 τῆς
3009 1264 3190 1333 βίϐλου
3229 1267 3329 1336 τῆς
3370 1265 3538 1337 ζωῆς,
3581 1269 3675 1321 καὶ
3698 1267 3947 1339 χώρισόν
3984 1286 4043 1337 με

2482 1351 2590 1402 ἀπὸ
2623 1351 2740 1404 σοῦ.
2773 1370 2791 1402 ι
2823 1353 2890 1405 “Ω
2916 1354 3230 1424 παρῤησίας
3258 1355 3357 1408 οὐκ
3381 1358 3445 1408 ἐκ
3464 1355 3613 1418 θείας
3633 1358 3802 1426 μόνης
3842 1356 4043 1424 φιλοτι-

2489 1442 2636 1508 μίας,
2670 1439 2806 1492 ἀλλά
2852 1441 2948 1493 καὶ
2975 1441 3158 1503 πόνοις
3185 1442 3432 1505 οἰκείοις,
3458 1441 3579 1510 οὐχὶ
3613 1441 3675 1493 τδ
3711 1443 4041 1508 ἀκατάγνω·

2487 1547 2619 1583 στον
2654 1530 2836 1600 μόνον,
2870 1532 3010 1586 ἀλλά
3043 1533 3223 1586 καὶτὸ
3257 1533 3540 1601 εὐδόκιμον
3555 1532 4040 1602 ἀπενεγκαμένηςί

2483 1623 2654 1687 ἐξεῖλε
2685 1641 2744 1677 τε
2773 1624 2881 1694 γὰρ
2903 1624 2994 1676 τὸν
3025 1625 3262 1694 φυλέτην
3308 1624 3436 1676 λαὸν
3480 1623 3582 1692 τῆς
3619 1625 3840 1687 δικαίας
3877 1624 4043 1694 ὀργῆς

2486 1715 2520 1783 ἡ
2553 1714 2724 1786 φωνὴ,
2786 1715 3008 1768 καὶτὸν
3063 1716 3285 1767 εἰπόντα
3331 1715 3430 1767 οὐκ
3479 1713 3754 1782 άπὴλειψε
3810 1713 3916 1781 τῆς
3941 1712 4044 1764 τῶν

2485 1805 2730 1868 ἀειζώων
2763 1805 3114 1875 συγγραφῆς·
3145 1806 3222 1867 ώς
3270 1804 3364 1859 οὖν
3399 1805 3604 1874 Μωσῆς
3647 1803 3822 1857 ταῦτα
3870 1803 4043 1869 λέγων

2489 1897 2582 1948 καὶ
2606 1896 2862 1964 πράττων
2895 1897 3194 1967 θαυμάσιος
3219 1913 3234 1928 ο
3265 1895 3409 1948 οὔτω
3441 1896 3536 1947 καὶ
3579 1894 3790 1956 Παῦλος
3829 1895 3892 1946 ἐν
3936 1894 4044 1954 τοῖς

2488 1985 2694 2054 ὁμοίοις
2722 1984 3074 2056 σφοδρότερος
3100 1985 3306 2054 ὀφθεὶς,
3340 1985 3433 2035 ἐπὶ
3468 1983 3709 2036 τοιοῦτον
3731 1981 4045 2052 θαυμασιώ-

2489 2093 2666 2145 τερος.
2697 2077 2766 2128 Ἦ
2796 2077 2858 2128 οὐ
2883 2077 3033 2129 δοκεῖ
3064 2093 3146 2128 σοι
3171 2076 3418 2144 ἀνάθεμα
3443 2077 3620 2128 ποιεῖν
3657 2073 3870 2137 ἑαυτὸν,
3905 2072 4045 2141 ὑπὲρ

2488 2172 2587 2238 τῆς
2611 2169 2886 2238 σωτηρίας
2924 2167 3034 2220 τῶν
3085 2167 3381 2234 συγγενῶν,
3429 2167 3526 2218 καὶ
3569 2165 3768 2235 τρόπον
3795 2164 3923 2216 τινὰ
3945 2165 4047 2232 τῆς

2490 2261 2712 2330 χάριτος
2737 2259 3131 2330 διασχίζεσθαι,
3160 2262 3250 2312 ὅτε
3276 2258 3538 2326 Τιμόθεον
3569 2256 3891 2326 περιέτεμεν
3914 2273 3929 2318 ;
3954 2254 4047 2306 ὅτι

2492 2352 2651 2413 αὐτὸς
2702 2353 2908 2415 ἐκεῖνος
2939 2351 3209 2422 λαμπρῶς
3253 2351 3544 2421 κηρύσσων
3589 2351 3650 2403 τὸ
3687 2350 4045 2416 Εὐαγγέλιον,

2505 2445 2797 2508 Ἰουδαῖκάς
2832 2445 2996 2514 εὐχὰς
3029 2443 3386 2514 ὑπεκρίνετο,
3425 2445 3527 2513 τήν
3557 2460 3617 2495 τε
3655 2445 3826 2511 κόμην
3869 2439 4051 2509 ξυρῶ-

2495 2555 2654 2607 μενος
2690 2538 2788 2606 τῆς
2816 2537 3092 2606 κεφαλῆς,
3130 2537 3225 2590 καὶ
3265 2537 3361 2599 τὰς
3410 2535 3803 2605 νενομισμένας
3850 2534 4050 2595 θυσίας

2494 2628 2838 2697 προσφέρων,
2893 2627 2988 2680 καὶ
3023 2628 3122 2697 ούχ
3171 2627 3310 2696 ὑπὲρ
3338 2625 3530 2678 ἑαυτοῦ
3572 2627 3762 2694 μόνον,
3794 2623 3935 2675 ἀλλά
3956 2624 4052 2675 καὶ

2495 2720 2631 2788 ὑπὲρ
2661 2718 2864 2789 ἐτέρων
2897 2713 2979 2779 οἷς
3015 2716 3388 2788 συνηγνίζετο,
3416 2717 3515 2776 τὰς
3541 2716 3630 2768 ἐπὶ
3664 2719 3729 2785 τῇ
3760 2715 3925 2783 θυσίᾳ
3951 2731 4054 2765 κα-

2492 2811 2732 2872 τατιθεὶς
2755 2809 3019 2873 δαπάνας,
3057 2811 3152 2861 καὶ
3174 2809 3242 2860 τὰ
3271 2807 3603 2875 ἀναλώματα
3624 2825 3638 2868 ;
3659 2807 3772 2859 Ἰνα
3795 2806 3845 2857 τί
3886 2806 4053 2875 γένη-

2492 2921 2580 2956 ται
2605 2920 2620 2967 ;
2659 2920 2676 2951 ι
2700 2900 2822 2952 Ἰνα
2834 2902 2943 2953 πᾶν
2968 2903 3016 2940 ι’
3049 2897 3266 2966 Χριστῷ
3286 2899 3525 2968 κερδήσῃ
3556 2914 3570 2926 ·
3610 2897 3695 2950 ἵνα
3719 2898 3836 2957 τοὺς
3860 2896 4052 2948 πλείο-

2495 3010 2592 3055 νας
2643 2990 2910 3060 προσάξῃ,
2963 2988 3049 3042 ἵνα
3096 2989 3311 3048 πάντως
3351 2988 3506 3050 τινας
3551 2987 3701 3058 σώσῃ
3724 3002 3738 3017 ⁸
3763 2986 3846 3038 διὰ
3895 2985 4056 3038 τοῦτο

2496 3085 2589 3136 καὶ
2628 3082 2879 3143 Ἰουδαῖος
2925 3080 3136 3147 γίνεται
3181 3078 3453 3140 Ἰουδαίοις
3476 3095 3492 3108 ο
3527 3079 3622 3130 καὶ
3680 3079 3788 3136 τοῖς
3823 3076 4054 3144 ἁνόμοκ

829 3170 955 3208 cuin
997 3164 1174 3209 tamen
1219 3154 1340 3210 fons
1369 3168 1516 3211 esset
1557 3157 1735 3210 omnis
1776 3156 2190 3220 benedictionis,
2220 3167 2274 3210 et
2300 3157 2395 3210 de-
2423 3203 2462 3252 ί,

2423 3203 2462 3252 C
2496 3176 2571 3238 ὡς
2595 3175 2800 3244 ἄνομος
2823 3171 3127 3226 διατίθεται
3153 3189 3168 3204 ο
3199 3176 3294 3224 καὶ
3321 3173 3642 3223 συνασθενεί
3666 3173 3772 3233 τοῖς
3794 3169 4057 3222 ἀσθενοῦ-

833 3245 1063 3300 structio
1089 3247 1314 3314 peccati.
1355 3245 1511 3302 Hunc
1537 3248 1640 3301 sibi
1685 3261 1780 3315 per
1805 3254 1975 3299 telum
2006 3246 2125 3299 vitae
2170 3261 2392 3300 cursum
2428 3245 2462 3252 “’

2428 3245 2462 3252 ν
2501 3285 2606 3320 σιν.
2640 3286 2658 3316 ι
2687 3267 2870 3334 Μηδὲν
2910 3264 3114 3318 τούτων
3165 3265 3423 3333 (ἀπάγει)
3480 3266 3614 3334 μήτε
3662 3263 3735 3315 ῶν
3775 3265 3827 3316 ὲν
3847 3263 4054 3331 κρίσει,

831 3337 1109 3404 exemplar
1164 3351 1471 3405 proponens
1527 3341 1798 3408 genuinus
1875 3337 1995 3405 eius
2051 3337 2394 3405 discipulus,

832 3427 1212 3481 admirabilem
1249 3427 1397 3482 illam
1438 3438 1493 3482 et
1524 3428 1939 3483 desiderabilem
1969 3428 2398 3481 conversationis

835 3518 1378 3586 repraesentationem
1412 3520 1607 3572 animae
1636 3533 1750 3572 sua:
1774 3517 2016 3586 quatidie
2035 3516 2400 3570 transcribere

831 3619 890 3665 et
914 3610 1202 3665 eﬂormare
1247 3626 1353 3665 non
1385 3611 1609 3664 destitit.
1659 3609 1764 3664 Sed
1803 3609 1869 3663 de
1905 3619 1999 3662 tuo
2044 3608 2212 3662 dubio
2251 3608 2396 3661 haud

834 3703 951 3757 scio
984 3718 1049 3756 an
1080 3703 1224 3771 quod
1258 3704 1641 3771 requirebatur
1678 3702 1880 3764 minus,
1912 3710 2060 3754 certe
2091 3701 2232 3754 ultra
2274 3700 2393 3768 epi-

835 3798 988 3849 stola:
1011 3796 1294 3860 terminos,
1328 3797 1429 3850 ista
1456 3795 1660 3849 habeas
1687 3794 1973 3848 solutionis
2002 3793 2141 3847 vice.
2176 3792 2324 3845 Vale.

2495 3358 2635 3425 μήτε
2692 3357 3011 3426 γινόμενος·
3043 3355 3138 3406 καὶ
3172 3371 3191 3405 ι
3243 3355 3354 3414 τοῖς
3411 3354 3543 3404 πᾶσι
3597 3353 3770 3406 πάντα
3820 3350 4056 3418 γίνεται,

2495 3449 2582 3501 ἴνα
2630 3448 2846 3510 πάντως
2864 3447 3017 3510 τινάς
3043 3446 3145 3513 τῆς
3173 3444 3382 3513 πλάνης
3413 3442 3704 3512 ἀνελκύσῃ.
3743 3460 3762 3492 ι
3797 3441 4058 3511 Μιμητής

2495 3541 2604 3608 γὰρ
2636 3535 2704 3608 ἦν
2743 3537 3048 3609 περιδέξιος
3079 3537 3190 3607 (ἵνα
3216 3535 3279 3588 τὺ
3301 3536 3595 3602 κεφάλαιον
3637 3534 3790 3602 εἴπω)
3816 3532 3917 3586 τοῦ
3947 3551 4059 3587 κοι-

2499 3629 2592 3681 νοῦ
2622 3629 2871 3697 Σωτῆρος
2902 3628 3060 3698 ἡμῶν
3099 3627 3194 3679 καὶ
3239 3626 3534 3677 Δεσπότου·
3562 3623 3634 3685 ὣς
3675 3633 3701 3672 1
3741 3623 3923 3675 πάντα
3960 3641 4061 3674 πα-

2503 3720 2609 3773 θὼν
2637 3718 2779 3788 ύπὶρ
2821 3718 2980 3788 ἡμῶν
3028 3717 3220 3784 άφάτῳ
3258 3715 3472 3784 πλούτῳ
3519 3713 3929 3782 φιλανθρωπίας
3972 3716 4061 3765 καὶ

2505 3810 2807 3873 κενώσεως,
2835 3810 2943 3861 οὐδ’
2972 3809 3238 3878 ἁμαρτία,
3275 3806 3395 3860 οὐδὲ
3438 3807 3653 3876 κατάρα
3689 3803 3960 3873 κληθῆναι
3998 3805 4060 3857 δι’

835 3909 1004 3976 ἡμᾶς,
1061 3909 1155 3961 καὶ
1199 3909 1524 3978 νομισθῆναι
1571 3905 1964 3978 παρῃτήσατοο
2027 3908 2210 3960 καίτοι
2268 3906 2422 3975 πηγὴ
2492 3904 2672 3972 πάσης
2739 3902 3013 3968 εὐλογίας,
3073 3901 3166 3953 καὶ
3227 3901 3407 3968 πάσης
3457 3896 3732 3968 ἁμαρτίας
3799 3896 4062 3965 ὑπάρχων

832 4001 1136 4070 ἀναίρεσις.
1175 4002 1276 4054 Ὃν
1339 4000 1429 4052 διά
1490 4000 1606 4068 βίου
1655 3999 1818 4053 καλὸν
1885 3999 2238 4068 παράδειγμα
2279 3996 2730 4066 προστησάμενος
2771 3995 2800 4045 ό
2852 3993 3095 4061 γνήσιος,
3153 3992 3229 4054 ὡς
3283 3988 3523 4057 ἀληθῶς,
3571 3986 3835 4058 μαθητὴς,
3876 3987 3970 4039 ἀεὶ
4004 3987 4060 4035 τδ

833 4089 1148 4161 θαυμαστὸν
1192 4093 1368 4144 ἐκεῖνο
1399 4092 1493 4144 καὶ⁵
1530 4093 1896 4162 πολυέραστον
1939 4093 2036 4161 τῆς
2094 4091 2394 4152 πολιτείας,
2433 4093 2489 4140 ὲν
2544 4090 2610 4156 τῇ
2669 4087 2816 4156 ψυχῇ
2850 4087 3217 4156 μεταγράφων
3270 4085 3365 4137 καὶ
3394 4081 3684 4136 ἀνατυπῶν
3726 4080 3824 4132 οὐκ
3853 4081 4060 4146 ἀπέλη-

832 4202 930 4249 γεν
984 4185 1225 4254 ἄγαλμα.
1264 4186 1421 4237 Ἀλλά
1474 4190 1602 4256 γὰρ,
1654 4188 1783 4255 περὶ
1827 4185 1922 4239 τοῦ
1950 4186 2358 4256 διηπορημένου
2401 4201 2504 4247 σοι,
2551 4182 2655 4252 τῆς
2689 4181 2901 4252 χρείας,
2975 4181 3075 4233 οὐκ
3104 4175 3202 4233 οἶδ’
3255 4181 3306 4232 εί
3344 4178 3582 4241 ἔλαττον,
3610 4176 3712 4244 τῆς
3747 4176 3795 4229 δ’
3817 4169 3916 4228 οὖν
3947 4175 4063 4227 ἑπι-

834 4281 1027 4348 στολῆς
1065 4281 1158 4332 καὶ
1215 4281 1308 4333 επὶ
1350 4281 1544 4345 πλέον,
1578 4281 1676 4344 τάς
1722 4280 1902 4343 λύσεις
1953 4281 2261 4350 δεχόμενος,
2299 4279 2528 4349 ἔρρωσο.

940 4393 1265 4460 ρυέΕΞΤΙΟ
1283 4394 1443 4451 CXIII
1475 4395 1663 4466 [σοῖσι.
1702 4407 1751 4450 et
1787 4395 1950 4450 Taur.
1998 4393 2286 4470 CXXXV].

1217 4485 1290 4540 De
1337 4485 1674 4540 tabernaculo
1710 4488 2013 4542 testimonii.

3027 4386 3362 4442 ΕΡΩΤΗΣΙΣ
3393 4383 3539 4437 PII".

2744 4480 2881 4550 Περὶ
2907 4479 3016 4548 τῆς
3065 4477 3304 4546 σκηνῆς
3343 4477 3448 4530 τοῦ
3487 4475 3830 4544 μαρτυρίου.

1311 4598 1451 4649 Edita
1474 4614 1502 4649 a
1525 4599 1841 4662 lontacutio,
1881 4615 1961 4664 ep.
1984 4602 2093 4663 2l9,
2117 4602 2184 4652 ad
2206 4604 2404 4654 unum
2428 4606 2473 4651 et
2502 4599 2656 4649 Galut.
2680 4611 2728 4660 p.
2755 4596 2966 4646 δτι-528

1894 4615 1961 4664 ap.
1984 4602 2093 4663 2l9,
2117 4602 2184 4652 ad
2206 4604 2404 4654 Leonem
2428 4606 2473 4651 et
2502 4599 2656 4649 Galut.
2680 4611 2728 4660 p.
2755 4596 2982 4646 324-528.
3019 4595 3075 4646 In
3107 4593 3260 4644 Exod.
3289 4608 3367 4652 xc,
3392 4592 3553 4642 19-19.

904 4708 1066 4774 Quid,
1103 4709 1425 4777 interrogas,
1456 4712 1842 4766 vestimentum
1873 4729 1904 4767 e
1940 4713 2174 4768 diversis
2202 4711 2404 4768 colori-

832 4802 934 4855 bus
966 4811 1278 4856 contextum
1303 4803 1669 4860 adulterinum
1699 4821 1900 4861 vocans
1932 4808 2226 4876 legislator,
2254 4807 2402 4876 ejus-

831 4911 938 4963 que
973 4910 1127 4948 usum
1147 4894 1422 4962 prohibuit
1456 4895 1523 4949 iis
1549 4898 1645 4966 qui
1677 4898 1845 4967 ipsius
1877 4900 2119 4967 paedagio
2142 4897 2401 4953 informa-

831 4987 1052 5046 bantur,
1086 4971 1150 5038 ne
1181 4985 1504 5050 induerent;
1539 4995 1717 5042 tamen
1745 4989 2040 5044 testimonii
2073 4990 2399 5043 tabernacu-

833 5074 948 5129 lum
1011 5073 1285 5127 talismodi
1336 5073 1683 5142 Operimentis
1740 5077 1905 5130 velari
1940 5077 2140 5144 jubet:
2186 5079 2238 5131 in
2286 5095 2396 5148 quo

831 5167 1116 5222 videbatur
1145 5165 1288 5221 Deus
1325 5181 1592 5235 praesens.
1633 5180 1688 5222 et
1733 5168 1928 5223 Sancta
1959 5181 2270 5225 sanctorum
2313 5188 2401 5224 re-

832 5260 1223 5315 condebantur.
1248 5261 1386 5313 Audi
1409 5268 1586 5314 autem
1617 5263 2317 5332 rationemhuicquaestioni
2351 5276 2404 5317 et

834 5347 1106 5402 similibus
1151 5357 1580 5416 congruentem:
1625 5347 1842 5402 divinus
1895 5347 2070 5402 Moses
2110 5364 2232 5401 cum
2275 5351 2399 5402 talia

836 5439 1140 5503 mandaret,
1171 5437 1395 5509 praecise
1429 5439 1601 5493 voluit
1630 5439 1936 5508 signiﬁcare
1967 5455 2072 5493 non
2106 5455 2228 5495 esse
2260 5441 2401 5495 litte-

2574 4708 2640 4762 Τί
2671 4709 2888 4778 δήποτε,
2923 4706 3166 4777 πυνθάνῃ
3219 4704 3282 4755 τὸ
3331 4705 3397 4756 ἐκ
3448 4701 3721 4769 διαφόρων
3759 4699 4058 4769 χρωμάτων

2503 4800 2752 4867 ὕφασμα,
2782 4795 3032 4866 κίϐδηλόν
3059 4811 3119 4847 τε
3146 4793 3344 4856 καλῶν,
3378 4793 3470 4845 καὶ
3495 4791 3822 4861 ἀποτρέπων
3846 4792 3874 4842 ό
3907 4808 4058 4859 νομο-

2501 4890 2662 4956 θέτης
2687 4890 2808 4950 τοὺς
2837 4887 2928 4940 ὑπ’
2961 4884 3126 4938 αὑτοῦ
3165 4881 3716 4950 παιδαγωγουμένους
3758 4879 4055 4948 ἀμφιέννυ-

2504 4983 2648 5046 σθαι,
2682 4981 2780 5050 τὴν
2809 4979 2903 5031 τοῦ
2937 4977 3237 5048 μαρτυρίου
3275 4974 3481 5046 σκηνὴν
3525 4970 3790 5033 τοιούτοις
3838 4969 4055 5039 imm-

2506 5090 2638 5141 μασι
2662 5071 2990 5141 προστάσσει
3022 5067 3416 5128 καλύπτεσθαι,
3454 5057 3570 5135 ὲνῇ
3608 5061 3740 5126 Θεός
3770 5078 3830 5114 τε
3874 5061 4055 5114 ώπτά·

2501 5181 2642 5227 νετο,
2674 5163 2769 5215 καὶ
2795 5161 2863 5214 τά
2889 5162 2996 5214 τῶν
3022 5160 3195 5228 ἁγίων
3222 5159 3479 5213 ἀπέκειτο
3510 5156 3706 5221 “Arta;
3748 5150 3992 5210 ’Ᾱκούοις
4013 5147 4054 5199 δ’

2501 5258 2569 5310 ἂν
2595 5255 2791 5316 κοινὸν,
2822 5256 2910 5308 ἐπ’
2945 5252 3113 5307 αὑτοῦ
3146 5267 3208 5304 τε
3233 5250 3328 5303 καὶ
3355 5248 3464 5307 τῶν
3491 5247 3716 5317 ὁμοίων,
3745 5242 3904 5310 λόγον
3922 5244 4054 5296 ἀπο-

2501 5348 2777 5415 διδόμενον
2797 5363 2811 5377 ·
2835 5348 2912 5408 ὡς
2937 5347 3004 5400 τά
3027 5343 3249 5398 τοιαῦτα
3279 5339 3589 5412 νομοθετῶν
3617 5338 3647 5391 ό
3671 5336 3812 5398 θεῖος
3861 5335 4053 5401 Μωσῆς

2503 5437 2747 5508 ἀκριϐῶς
2775 5436 2985 5507 ἐδήλου,
3020 5434 3093 5506 μὴ
3118 5431 3524 5504 χρῆναι’γυμνῇ
3568 5422 3956 5495 προσεδρεύειν
3992 5425 4050 5490 τῇ

2129 5618 2360 5673 νΑηΙτΕ
2417 5616 2815 5674 LECTIONES.

921 5813 950 5844 ³
970 5806 1032 5860 (5.
1055 5805 1124 5860 Μ.
1158 5807 1221 5859 ὲκ
1249 5807 1457 5874 γένους.

1537 5811 1588 5843 ι’
1617 5806 1679 5861 C.
1722 5805 1793 5861 Μ.
1816 5806 2041 5869 πάντας.
2082 5812 2108 5852 1
2141 5802 2201 5858 C.
2236 5799 2306 5855 BI.
2338 5809 2480 5856 recte
2520 5800 2598 5863 ὃς.
