4200 6444
729 422 842 488 66⁸1

1889 409 2154 475 ΡΗΟΤῙΙ
2188 407 2691 471 ΡΑἸἭΙΑΒΟΗΕ
2719 410 2830 472 CP.

731 529 1017 588 criﬁcavit.
1045 527 1252 584 ﬂorum
1285 525 1494 583 nemini
1517 524 1650 581 vitio
1681 525 1799 579 haec
1827 523 2200 585 vertebantur,
2225 517 2319 574 sed

2445 513 2881 586 ιοθετοῦντος,εὗ
2907 518 3054 591 μάλα
3091 537 3151 576 τε
3178 523 3600 594 προσδεχθῆναι,
3631 526 3726 580 καὶ
3757 526 3997 597 οὐρανίῳ

733 651 760 688 ιι
799 624 926 690 Deo,
959 625 1056 694 qui
1090 638 1180 692 pg
1209 620 1397 682 Mosen
1431 620 1508 674 nil
1557 618 1663 672 tale
1694 615 1998 670 audendum
2023 611 2316 672 sancierat,

746 718 946 788 saepti
1001 715 1254 778 fuerant,
1301 728 1538 783 cumque
1590 709 1892 765 oblationes
1945 707 2054 774 igni
2112 703 2321 760 ccclein

743 808 1178 867 absumerentur,
1201 803 1370 855 multo
1407 809 1566 854 erant
1594 798 1922 853 illustriores
1955 803 2008 848 et
2032 792 2323 865 gloriosio-

743 915 828 955 res
861 912 1026 968 quam
1059 896 1134 950 illi
1173 896 1227 948 in
1261 894 1376 948 suis
1406 892 1692 948 sacriﬁciis
1714 933 1729 956 ,
1757 889 1851 961 qui
1891 887 2024 957 legis
2076 886 2324 957 prescri-

744 1002 891 1060 ptum
915 988 1288 1044 sacriﬁcantes
1312 982 1929 1056 sequebantur.S-.imuel
1956 980 2205 1040 ulterius.
2229 978 2322 1047 qui

745 1085 1089 1153 pontiﬁcatus
1134 1080 1352 1136 sublimi
1396 1079 1554 1133 titulo
1601 1085 1656 1133 et
1686 1075 1980 1147 prophetia:
2039 1072 2324 1126 attolleba-

747 1189 854 1235 tur.
891 1174 1121 1229 sacratis
1153 1173 1410 1226 manibus
1443 1173 1594 1240 Agag
1635 1168 1944 1231 interemit;
1974 1174 2027 1219 et
2058 1165 2150 1217 illo
2180 1164 2326 1231 prior

746 1264 976 1318 Phinees
1013 1278 1111 1333 per
1137 1261 1341 1316 eadem
1374 1263 1650 1331 duplicem
1689 1259 1954 1327 indigena:
1985 1267 2039 1310 et
2070 1255 2326 1322 alienige-

751 1375 830 1411 ine
884 1356 1248 1411 sacerdotium
1303 1364 1567 1408 aeternum
1612 1352 1853 1407 muneris
1905 1351 2022 1404 loco
2079 1352 2322 1416 accepit:

750 1447 843 1500 sed
887 1456 940 1500 et
971 1446 1210 1498 anterius
1257 1443 1468 1505 adhuc,
1524 1423 1824 1511 splendida?
1857 1437 2228 1492 benedictione
2275 1444 2329 1488 et

750 1537 956 1589 honore
991 1533 1182 1600 majori
1228 1531 1375 1601 digni
1412 1531 1580 1584 habiti
1631 1536 1778 1590 sunt,
1821 1527 1913 1594 qui
1945 1534 2176 1596 cognato
2202 1538 2329 1578 sau-

751 1629 912 1698 guine
952 1621 1148 1680 inaltus
1194 1625 1590 1694 impleverant;
1630 1631 1754 1676 eum
1794 1634 1958 1673 causa
1993 1627 2137 1672 esset
2173 1631 2327 1671 com-

753 1719 936 1773 munis
956 1731 1144 1772 eorum
1177 1716 1270 1784 qui
1305 1714 1675 1784 patiebantur.
1713 1723 1766 1766 et
1793 1713 1884 1782 qui
1916 1710 2208 1764 vindictam
2243 1709 2327 1761 iu-

2422 612 2554 680 πυρὶ⁵
2587 610 2686 680 τὴν
2711 611 2821 664 τῶν
2853 611 3113 681 θυμάτων
3143 613 3509 670 ὁλοκαύτωσιν
3527 618 3998 688 περιφανεστέραν

2419 718 2478 756 τε
2532 703 2626 756 καὶ
2679 703 3138 777 παραδοξοτέραν,
3168 709 3202 778 ἢ
3264 711 3556 779 συμπάσας
3586 711 3688 773 τάς
3713 709 3904 774 ἀλλας,
3943 710 3998 764 αἱ

2421 794 2512 847 τὸν
2557 795 2722 864 νόμον
2755 795 2901 866 εῐχον
2932 797 3030 867 τῆς
3077 799 3302 869 τελετῆς
3344 800 3524 854 αὐτῶν
3559 801 3995 872 καθηγούμενον,

2422 887 2824 958 ἀποφανθῆναι.
2851 884 2982 943 Εἶτα
3009 891 3100 944 τὸν
3122 893 3377 963 Σαμουὴλ
3397 894 3558 948 πάλιν
3586 895 3999 966 ἀρχιερωσύνης

2425 978 2548 1046 ὕψει
2573 981 2667 1032 καὶ
2688 982 3026 1052 προφητείας
3062 983 3407 1054 ἀνηγμένον,
3469 986 3658 1058 χερσὶν
3699 988 3875 1055 ίεραίς
3913 989 4000 1038 τὸν

2429 1072 2606 1138 Ἀγαγ
2630 1073 2998 1140 ἀποσφάττειν
3023 1092 3036 1106 ·
3070 1077 3164 1126 καὶ
3209 1077 3316 1146 πρό
3359 1093 3422 1143 γε
3462 1075 3628 1129 αὑτοῦ
3675 1080 3767 1130 τὸν
3816 1078 4002 1141 emt;

2425 1163 2619 1232 διπλῆς
2651 1164 2890 1233 σφαγῆς,
2931 1165 3200 1234 ἐμφυλίου
3231 1183 3291 1219 τε
3323 1170 3418 1220 καὶ
3439 1167 3764 1234 ἀλλοφύλου,
3801 1169 3900 1236 τὴν
3927 1171 4002 1220 is-

2428 1254 2677 1326 ρωσύνην
2708 1255 2882 1327 δῶρον
2909 1257 3129 1310 αἰώνιον
3175 1258 3494 1327 ἀποφέρειν.
3534 1261 3608 1312 Ού
3639 1261 3744 1329 μὴν
3770 1261 3910 1314 ἀλλά
3942 1277 4001 1326 γε

2427 1349 2523 1400 καὶ
2546 1348 2784 1415 πρόσθεν
2811 1347 2891 1399 ιτι
2924 1347 3184 1418 λαμπρᾶς
3217 1348 3469 1415 εὐλογίας
3502 1350 3597 1401 καὶ
3622 1349 3790 1418 τιμῆς
3822 1350 4003 1418 μείζο-

2429 1455 2518 1502 νος
2580 1437 2848 1508 ἠξιῶσθαι
2905 1439 3054 1501 τοὺς,
3087 1439 3202 1491 ὅσοι
3259 1439 3596 1506 συγγενικῶν
3635 1441 3887 1509 αἱμάτων
3910 1442 4005 1503 τὰς

2427 1532 2615 1601 χεῖρας
2637 1530 2990 1600 ἐπλήρωσαν,
3022 1530 3202 1584 καίτοι
3255 1534 3439 1601 κοινῆς
3473 1530 3643 1600 οὔσης
3683 1532 3786 1601 τῆς
3828 1533 4006 1595 αἰτίας

2427 1622 2536 1675 τῶν
2584 1639 2645 1674 τε
2685 1622 2844 1692 δίκην
2893 1624 3408 1693 εἰσπραττομένων,
3434 1625 3528 1675 καὶ
3577 1623 3684 1676 τῶν
3711 1624 4008 1677 ἀπαιτούνο

2428 1731 2537 1768 των
2559 1728 2572 1742 '
2606 1713 2830 1776 τούτους
2857 1713 2954 1784 μὲν
2979 1713 3243 1778 τοιούτοις
3290 1714 3471 1778 άθλοις
3497 1715 3593 1768 sui.
3616 1717 3682 1786 τῇ
3713 1715 3821 1768 τῶν
3837 1716 4009 1785 αἱμα-

753 1811 1037 1864 I'ereliant:
1089 1809 1141 1862 hi
1172 1808 1388 1877 quidem
1422 1806 1623 1860 talibus
1657 1802 2192 1858 remunerationibus
2233 1815 2330 1869 pro

2445 1823 2538 1857 των
2563 1804 2718 1875 χύσει
2751 1805 3065 1876 τιμηθῆναι.
3092 1805 3196 1859 Τὸν
3219 1806 3278 1860 δέ
3301 1823 3367 1875 γε
3397 1806 3624 1877 βασιλέα
3654 1807 3819 1861 Δασὶδ
3842 1799 4012 1875 ἀνάγ·

753 1904 1018 1974 sangnine
1053 1901 1177 1956 fuso
1207 1900 1546 1954 colebantur.
1586 1897 1842 1952 Davidem
1877 1909 2056 1964 regem
2092 1893 2329 1948 necessi-

755 2003 838 2045 tas
883 1990 1181 2059 adurgebat
1221 1988 1360 2042 bello
1406 1987 1655 2056 persequi
1689 1986 1911 2050 hostes;
1945 1983 2168 2044 idcirco,
2204 1996 2327 2034 eum

757 2088 807 2138 id
855 2086 1201 2137 vehementer
1248 2089 1494 2150 cuperet,
1566 2079 1827 2147 templum
1887 2075 2333 2146 Hierosolymita-

759 2193 886 2229 num
922 2184 1236 2229 construere
1261 2172 1562 2226 vetabatur.
1599 2170 1727 2225 Saul
1757 2181 1810 2224 et
1835 2168 2044 2232 Achab,
2069 2167 2209 2237 quod
2233 2167 2333 2219 mi-

758 2266 1126 2322 sericordtbus
1177 2265 1355 2319 oculis
1411 2263 1764 2316 intuebantur
1832 2260 2074 2330 captivos
2120 2258 2330 2318 hostes,

760 2361 1054 2414 amissione
1105 2359 1253 2426 regni
1305 2356 1698 2416 multabantur,
1747 2362 1801 2408 et
1829 2353 2006 2422 gladio
2041 2351 2216 2420 perire
2242 2349 2334 2402 de-

761 2451 1122 2504 cernebantur
1148 2467 1160 2502 :
1183 2463 1307 2502 cum
1343 2447 1532 2511 David,
1559 2447 1652 2517 qui
1681 2447 1830 2515 justo
1853 2443 2060 2514 judicio
2089 2440 2337 2494 similiter

761 2543 1132 2611 delinquentes
1179 2549 1468 2596 mactasset
1497 2581 1510 2600 .
1567 2540 1818 2608 indignus
1855 2543 2203 2590 censeretur.
2244 2533 2335 2601 qui

761 2643 1062 2688 exstrueret
1114 2634 1398 2702 templum.
1454 2632 1510 2686 Si
1563 2631 1799 2685 volueris
1829 2639 2031 2692 autem,
2067 2630 2265 2695 poteris
2311 2643 2341 2679 e

762 2733 951 2779 contra
977 2725 1162 2780 videre
1191 2725 1416 2794 dignum
1441 2723 1749 2793 judicatum
1783 2722 1875 2790 qui
1907 2722 2078 2774 altare
2107 2722 2342 2789 erigeret

765 2818 818 2869 in
897 2830 1022 2869 area
1094 2815 1237 2869 Orua
1281 2813 1498 2868 Jcbusei
1549 2831 1562 2865 :
1624 2812 1716 2866 tibi
1772 2811 2096 2865 sacriﬁcium
2149 2807 2342 2862 obtulit

765 2908 1108 2978 pra-clarum,
1141 2908 1264 2977 igne
1307 2905 1373 2961 de
1403 2908 1546 2960 coelo
1575 2904 1705 2958 illud
1765 2905 2121 2968 absumeute;
2164 2901 2234 2954 ita
2287 2909 2345 2954 ut

767 3002 902 3052 iram
935 2999 1351 3061 irresistibilem,
1405 3013 1436 3050 e
1471 3001 1618 3066 justo
1664 2993 1759 3049 Dei
1804 2993 1990 3047 furore
2023 3005 2340 3054 accensam,

767 3106 889 3160 qua:
920 3099 1090 3144 totum
1127 3087 1373 3144 lsraelem
1409 3087 1758 3158 depascebat.
1793 3085 2164 3152 exstingueret
2195 3100 2209 3136 :
2249 3081 2344 3151 qui

2439 1915 2541 1967 κην
2593 1897 2784 1967 έχοντα
2837 1899 3100 1969 πολέμοις
3171 1899 3298 1962 τοὺς
3345 1899 3749 1971 ἀνθεστηκότας
3795 1899 4011 1964 έπεξιέ-

2435 2009 2543 2054 ναι,
2573 1989 2662 2042 διά
2695 1989 2852 2044 τοῦτο
2880 1995 2972 2042 τὸν
3002 1990 3061 2042 ἑν
3103 1990 3500 2061 Ἰεροσολύμοις
3557 1991 3666 2045 νεὼ
3712 1991 4013 2060 ἀναστῆσαι

2435 2081 2905 2152 προθυμούμενον,
2928 2081 3291 2138 κεκωλύσθαι.
3323 2083 3433 2136 Καὶ
3462 2083 3556 2136 τὶν
3593 2083 3692 2154 μὲν
3717 2083 3886 2136 Σαοὺλ
3919 2083 4016 2136 καὶ

2434 2177 2524 2227 τὶν
2565 2174 2792 2245 ’Δχαέι6,
2814 2175 2895 2228 ὅτι
2927 2173 3333 2246 φιλανθρώποις
3356 2175 3600 2246 ὄμμασιν
3631 2175 3740 2232 ίδον
3762 2175 3886 2236 τοὺς
3917 2175 4015 2228 έαο

2437 2266 2662 2328 λοκότας
2690 2265 2798 2318 τῶν
2829 2264 3131 2335 πολεμίων,
3163 2265 3437 2319 έκπτὼσει
3488 2283 3548 2319 τε
3593 2265 3696 2335 τῆς
3737 2264 4017 2336 βασιλείας

2439 2359 2813 2430 ζημιωθῆναι,
2847 2359 2942 2412 καὶ
2967 2358 3058 2411 τὸν
3083 2358 3172 2413 διὰ
3202 2359 3476 2430 μαχαίρας
3510 2359 3740 2414 θάνατον
3784 2359 4019 2430 deum?

2439 2451 2595 2517 θῆναι
2615 2466 2628 2479 °
2665 2452 2754 2503 τὸν
2779 2450 2834 2504 δέ
2864 2450 3045 2517 Δαϐὶδ,
3073 2452 3158 2504 ὃτι
3198 2451 3515 2523 δικαιοτέρα
3543 2452 3725 2521 κρίσει
3760 2451 3883 2515 τοὺς
3923 2469 4021 2504 πα-

2444 2541 2780 2612 ραπλησίους
2809 2543 3021 2612 ὑπῆγεν
3047 2542 3096 2607 ἀ,
3130 2543 3350 2606 ἀνάξιον
3370 2544 3627 2614 κριθῆναι
3648 2543 3856 2613 τῆς.τοῦ
3883 2542 4021 2595 ναοῦ

2447 2635 2813 2706 ἀνεγέρσεως.
2839 2635 2903 2690 El
2931 2635 3110 2705 βούλει
3137 2635 3193 2688 δέ
3223 2635 3318 2689 καὶ
3347 2634 3496 2700 ἀξιον
3536 2637 3700 2689 αὐτὸν
3730 2635 3826 2704 μὲν
3852 2634 4023 2688 πάλιν

2440 2725 2629 2778 τοῦτον
2654 2725 3049 2796 ἐπιδειχθῆναι,
3085 2725 3468 2797 θυσιαστήριον
3506 2728 3563 2778 έν
3595 2728 3663 2796 τῇ
3708 2724 3800 2778 τοῦ
3847 2725 4025 2793 Ὄρνᾶ

2445 2817 2558 2885 ἅλῳ
2597 2817 2899 2886 ἀναστῆσαι
2921 2816 3018 2869 καὶ
3067 2815 3229 2871 θύσαι
3263 2817 3563 2883 παράδοξον
3605 2815 3814 2876 θυσίαν,
3843 2815 4023 2883 ούρα-

2445 2909 2559 2960 νίου
2583 2908 2752 2978 πυρὸς
2770 2907 2870 2978 τὴν
2884 2907 3250 2962 ὁλοκαύτωσιν
3271 2907 3803 2978 συγκαλλιεροῦντος,
3816 2908 3916 2958 καὶ
3929 2906 4028 2958 θυ-

2450 2997 2549 3067 μὸν
2571 2998 2800 3067 ἄσχετον
2828 3000 2892 3051 ἑκ
2921 2997 3072 3060 θείας
3098 2999 3271 3070 ὀργῆς
3297 2999 3394 3051 καὶ
3411 2997 3649 3061 δικαίας,
3681 2997 3898 3050 ᾶπαντα
3929 2996 4029 3049 τὸν

2461 3088 2678 3158 Ἰσραὴλ
2726 3087 3156 3157 έπινεμόμενον,
3196 3087 3625 3155 ὶξιλεωσάμενον
3666 3086 3854 3154 στῆσαι
3880 3099 3898 3116 ο
3932 3083 4029 3135 τον

770 3183 883 3249 ipse
916 3190 1094 3235 tamen
1132 3178 1487 3232 inexorabilis
1521 3193 1644 3232 eum
1682 3185 1827 3231 esset
1867 3175 1918 3228 iu
1953 3172 2187 3228 hostium
2217 3187 2333 3228 san-

2451 3180 2612 3232 αὑτὸν
2643 3179 2700 3232 δέ
2747 3176 2939 3232 τοῦτον
2985 3178 3138 3232 ούὸὶν
3198 3178 3363 3232 πλέον
3427 3178 3508 3240 εις
3555 3169 3699 3246 αἷμα
3750 3173 4031 3245 πολεμίων

771 3269 931 3335 guine
959 3265 1252 3330 fundendo,
1286 3265 1678 3329 prohibebatur
1709 3261 1798 3316 Dei
1841 3260 2098 3330 templum
2137 3260 2344 3315 exaedi-

770 3359 950 3410 “eam.

837 3445 962 3500 lltee
994 3455 1073 3498 tot
1099 3452 1151 3498 et
1185 3443 1332 3508 talia,
1369 3442 1456 3496 tibi
1512 3443 1712 3513 legitur
1751 3442 1923 3496 littera
1975 3448 2162 3494 contra
2197 3439 2344 3494 litte-

774 3555 911 3604 ram,
944 3537 1220 3608 quomodo
1254 3538 1380 3606 quis
1404 3537 1472 3590 ab
1504 3536 1652 3590 omni
1693 3533 2079 3590 contrarietate
2113 3547 2346 3588 excusa-

773 3629 874 3693 bit,
905 3641 956 3683 et
990 3630 1208 3691 seriem,
1244 3642 1365 3695 qua:
1400 3642 1499 3695 par
1529 3637 1612 3681 est
1658 3626 1710 3680 in
1742 3626 1847 3681 illis
1884 3626 2184 3688 observari.
2213 3639 2345 3680 con-

775 3734 961 3790 gruam
1005 3718 1419 3779 demonstrabit,
1449 3726 1506 3770 et
1550 3732 1656 3770 non
1689 3717 1865 3784 potius
1903 3717 2084 3768 omnia
2110 3717 2344 3768 tumultu

774 3824 829 3868 et
851 3813 1210 3882 suspensione
1241 3811 1406 3863 animi
1443 3811 1700 3880 impleat?
1727 3808 2016 3869 Praeterea.
2046 3823 2168 3878 quae
2207 3808 2346 3862 ratio

778 3905 928 3960 reddi
985 3913 1184 3975 potest.
1245 3903 1415 3956 Deum
1471 3904 1688 3972 nup'ﬂs
1745 3904 2086 3971 permittere,
2137 3909 2192 3954 et
2246 3914 2346 3954 sua

774 3999 986 4069 dignari
1015 3995 1416 4060 benedictione;
1453 4004 1507 4050 et
1537 4005 1716 4049 tamen
1760 3995 1851 4062 qui
1894 3994 2084 4063 copula
2118 3992 2346 4061 nuptiali

773 4091 1122 4160 jungebatur,
1150 4087 1449 4142 secundum
1494 4085 1589 4141 Dei
1615 4095 1670 4141 et
1703 4097 1912 4140 natura:
1965 4085 2140 4155 ipsius
2177 4084 2345 4154 leges,

780 4191 837 4234 nt
873 4178 1216 4233 immundum
1247 4193 1274 4231 a
1311 4177 1694 4247 mysteriorum
1725 4175 2140 4246 participatione
2165 4175 2349 4230 exclu-

777 4278 950 4334 deret,
974 4287 1071 4326 nec
1095 4272 1159 4325 ad
1187 4283 1339 4324 sacra
1370 4268 1680 4324 admitteret
1708 4268 1811 4322 nisi
1847 4268 1998 4338 prius
2023 4266 2347 4338 purgatum?

779 4366 854 4420 Ita
891 4379 1108 4434 quoque
1154 4378 1248 4417 vas
1283 4370 1612 4425 testaceum,
1660 4361 1715 4415 in
1753 4376 1863 4432 quo
1912 4361 2171 4431 pollutum
2216 4359 2346 4429 quid

778 4458 1181 4520 continebatur,
1235 4452 1503 4522 confringi
1543 4452 1786 4522 iubebat,
1841 4467 1905 4506 ac
1934 4453 1978 4506 si
2029 4466 2138 4506 non
2167 4459 2351 4520 posset

778 4546 985 4616 alioqui
1044 4545 1308 4615 pollutum
1375 4543 1632 4612 expiari:
1675 4544 1755 4598 sin
1815 4557 2024 4596 aeneum
2080 4557 2208 4606 vas,
2267 4541 2350 4596 vel

2452 3267 2808 3335 ἀδυσώπητον
2831 3268 3090 3336 γεγονότα
3113 3265 3454 3334 έξείργεσθαι
3471 3263 3564 3319 τοῦ
3597 3261 3845 3333 ναδνθεῷ
3869 3263 4031 3316 ἀνοι-

2451 3359 2777 3431 κοδομῆσαι.

2523 3452 2646 3517 Πῶς
2671 3453 2779 3523 γάρ
2799 3451 2977 3507 ταῦτα
3007 3451 3102 3505 καὶ
3130 3451 3197 3504 τά
3224 3451 3447 3504 τοιαῦτα
3473 3449 3507 3519 ὴ
3549 3446 3647 3500 τοῦ
3701 3445 4034 3518 γράμματος

2453 3545 2595 3600 κατὰ
2624 3545 2686 3598 τὸ
2707 3545 2941 3616 γράμμα
2969 3545 3295 3613 ἀνάγνωσις,
3340 3544 3518 3605 αἰτίας
3546 3558 3602 3591 ττ
3651 3539 3739 3593 καὶ
3763 3536 4031 3592 έναντιώ-

2457 3655 2596 3702 σεως
2623 3638 2946 3705 ἀπαλλάξει,
2983 3639 3078 3692 καὶ⁵
3107 3637 3201 3690 τὸν
3231 3635 3513 3707 πρέποντα
3537 3635 3729 3704 εἱρμὸν
3755 3632 3809 3684 έν
3838 3630 4036 3692 αὐτοῖς

2453 3731 2828 3802 θεωρούμενον
2863 3728 3140 3796 ἐπιδείξει,
3169 3727 3306 3782 ἀλλά
3337 3726 3412 3798 μὴ
3447 3727 3540 3780 καὶ
3580 3723 3779 3792 πολλῆς
3808 3720 4039 3792 έμπλή-

2455 3840 2537 3877 σει
2562 3824 2811 3895 ταραχῆς
2847 3839 2908 3876 τε
2945 3823 3040 3876 καὶ
3079 3820 3431 3892 ἀμηχανίας;
3479 3818 3605 3872 ἐπὶ
3649 3815 3881 3877 τούτοις,
3915 3812 4039 3875 πῶς

2453 3914 2522 3969 ἀν
2575 3914 2688 3986 έχοι
2739 3915 2915 3984 λόγον,
2965 3914 3058 3968 τὸν
3099 3914 3196 3983 μὲν
3225 3912 3403 3984 γάμον
3429 3910 3566 3964 Θεὸν
3596 3906 3912 3979 έπιτρέψαι,
3946 3907 4041 3959 is.

2452 4005 2642 4074 λογίας
2677 4023 2739 4060 τε
2765 4005 2868 4075 τῆς
2910 4005 3043 4076 παρ’
3076 4004 3242 4058 αὑτοῦ
3295 4002 3562 4068 ἀξιῶσαι·
3611 3997 3927 4069 ἀκάθαρτον
3980 3997 4040 4052 δὲ

2457 4099 2551 4152 τὸν
2577 4096 2918 4168 ὡμιληκότα,
2953 4096 3096 4150 κατά
3125 4097 3252 4158 τοὺς
3282 4094 3460 4156 θείους
3509 4093 3763 4163 θεσμοὺς,
3789 4089 3913 4152 τοῖς
3938 4087 4043 4155 τῆς

2457 4187 2675 4255 φύσεως
2704 4184 3027 4256 μυστηρίοις
3058 4183 3398 4238 ἀποκαλέσαι
3431 4192 3477 4247 ο,
3502 4183 3732 4244 καὶτοῖς
3767 4181 3941 4248 ίεροῖς
3964 4176 4042 4247 μὴ

2461 4281 2763 4351 προσιέναι,
2799 4278 2851 4332 sl
2879 4277 2954 4349 μὴ
2983 4275 3307 4347 καθαρθείη,
3337 4273 3742 4337 ἀποθεσπίσαις
3774 4269 3957 4326 Πάλιν
3983 4267 4043 4321 δι

2455 4372 2518 4424 τὸ
2574 4371 2672 4440 μὶν
2733 4371 3055 4441 ὀστράκινον
3114 4368 3306 4435 ἄγγος,
3347 4365 3486 4420 έπάν
3540 4362 3849 4433 ἀκαθάρτου
3890 4359 4044 4423 τινὸς

2455 4461 2665 4535 ψαύσῃ,
2697 4459 3100 4531 συντρίϐεσθαι,
3149 4459 3224 4522 ὡς
3260 4456 3456 4528 μηκέτι
3510 4456 3734 4510 δυνατὸν
3763 4448 3913 4506 εἶναι
3939 4451 4046 4520 τῆς

2458 4553 2805 4623 ἀκαθαρσίας
2852 4551 2914 4604 τδ
2963 4550 3375 4622 μεμολυσμένον
3409 4544 3740 4603 ἀπολύεσθαι
3779 4543 3842 4582 ί·
3884 4542 3958 4597 ἀν
3988 4543 4045 4596 δέ

780 4640 1017 4708 ligneum
1047 4642 1212 4697 esset,
1243 4634 1502 4689 facillime
1533 4634 1767 4689 lavando
1815 4633 2190 4687 mundaretur.
2248 4631 2326 4687 Eli

2460 4643 2694 4715 χαλκοῦν
2739 4641 3005 4712 ἧξῦλινον
3054 4637 3110 4713 ᾖ.
3158 4641 3356 4711 ῥᾳδίως
3407 4641 3508 4710 τῆς
3557 4633 3902 4706 ἀκαθαρσίας
3953 4633 4049 4687 sia

783 4727 879 4783 saii
914 4741 1040 4782 ossa
1071 4726 1352 4781 communi
1381 4726 1448 4780 de
1476 4725 1801 4782 morticiniis
1841 4725 1941 4794 legi
1977 4724 2352 4794 subjucebaut,

781 4828 832 4874 et
864 4816 1220 4888 pollutionem
1263 4816 1690 4886 impertiebant;
1722 4827 1901 4871 tamen
1934 4815 2132 4869 mortui
2162 4815 2352 4870 iisdem

783 4910 1228 4982 approximantes
1274 4909 1482 4964 abillis
1523 4922 1690 4979 puros
1733 4909 1854 4962 vita:
1893 4908 2071 4962 radios
2125 4908 2356 4978 recipie-

784 5003 935 5068 bant,
975 5012 1029 5056 et
1058 5002 1123 5055 ad
1157 5002 1277 5054 vita.-
1310 5001 1484 5056 lucem
1514 5015 1546 5054 a
1586 4999 1892 5056 tenebrosis
1918 4999 2109 5054 mortis
2144 4997 2356 5056 foribus

783 5096 1206 5152 reducebantur.
1229 5093 1456 5149 Dicesne
1479 5094 1664 5166 igitur,
1679 5093 1869 5162 polluti
1898 5093 1996 5155 illi,
2011 5091 2105 5162 qui
2122 5093 2354 5162 proximi

782 5192 892 5247 illis
922 5191 1142 5245 ossibus
1169 5187 1319 5251 laeti,
1349 5202 1379 5241 a
1412 5189 1607 5244 mortis
1642 5185 2004 5258 ,immunditie
2045 5187 2359 5257 purgaban-

786 5283 913 5338 tur?
939 5296 1119 5338 aunon
1153 5283 1334 5352 potius
1368 5281 1700 5337 saeritlcium
1751 5279 2102 5351 gratitudinis
2155 5295 2256 5350 pro
2270 5295 2359 5334 re-

785 5374 1356 5431 staurationeillorum
1387 5374 1603 5440 oll'eres,
1640 5387 1802 5445 quam
1841 5373 2201 5444 expiatorium
2231 5388 2363 5428 con-

2457 4735 2553 4788 τοῦ
2606 4734 2796 4798 ὓδατος
2853 4732 3313 4787 ἀπαλλάττεσθαι.
3367 4731 3478 4786 Καὶ
3514 4730 3586 4783 τά
3617 4729 3714 4800 μὲν
3754 4726 4045 4780 Ἐλισαίου

2459 4827 2595 4880 ὀστᾶ
2641 4823 2716 4894 τῷ
2765 4825 2931 4894 κοινῴ
2975 4825 3084 4877 τῶν
3127 4822 3338 4894 νεκρῶν
3384 4823 3534 4893 νόμῳ
3579 4823 3662 4883 εις
3685 4815 4044 4887 ἀκαθαρσίαν

2462 4920 2614 4987 άγειν
2636 4936 2648 4950 ·
2678 4919 2803 4981 τοὺς
2829 4917 2888 4971 δὲ
2923 4917 3365 4986 πεπλησιακότας
3394 4915 3577 4978 αὐτοῖς
3607 4911 3835 4982 νεκροὺς
3860 4909 4047 4964 καθαο

2466 5011 2563 5080 ρας
2623 5007 2834 5062 ἐκεῖθεν
2875 5007 2974 5078 τῆς
3001 5007 3149 5076 ζωῆς
3195 5005 3446 5076 δέχεσθαι
3484 5004 3588 5067 τάς
3632 5005 3862 5064 ἀκτῖνας
3886 5042 3906 5067 ,
3947 5002 4046 5056 καὶ

2460 5102 2599 5172 πρὸς
2632 5100 2692 5155 τὸ
2709 5099 2805 5154 τοῦ
2835 5099 2951 5170 βίου
2980 5099 3096 5170 φῶς
3119 5101 3182 5152 εκ
3209 5097 3332 5160 τῶν¹
3351 5097 3598 5169 ζορερῶν
3640 5093 3821 5150 πυλῶν
3868 5095 4046 5148 επαν-

2456 5191 2684 5259 ἀγεσθαι
2716 5190 2812 5244 τοῦ
2833 5192 3086 5245 θανάτου.
3121 5190 3186 5244 Τί
3227 5187 3359 5255 ούνς
3387 5191 3530 5261 έρεῖς
3559 5187 3913 5258 ἀκαθάρτους
3960 5187 4046 5238 ὅτι

2457 5285 2858 5354 πλησιάσαντες
2908 5284 3118 5347 ὀστέοις
3153 5281 3373 5354 νεκροῦ,
3417 5283 3521 5351 τῆς
3542 5277 3891 5348 ἀκαθαρσίας
3944 5278 4043 5331 τοῦ

2465 5373 2700 5429 θανάτου
2730 5373 3134 5447 έκαθάρθησαν,
3162 5373 3196 5446 ῆ
3229 5373 3324 5454 καλ
3353 5374 3661 5445 προσοίσεις
3689 5370 3831 5440 ὑπὲρ
3849 5369 4046 5423 αὐτῶν

787 5478 964 5522 tactus
987 5481 1080 5537 per
1111 5479 1273 5537 quem
1300 5465 1620 5521 surrexere?
1653 5463 1939 5532 Quomodo
1987 5479 2093 5518 non
2133 5465 2238 5518 erit
2261 5463 2329 5517 ho

2458 5467 2558 5518 οὐκ
2585 5468 3000 5539 εὐχαριστήριον
3023 5466 3120 5537 τῆς
3145 5465 3441 5537 έγέρσεως,
3461 5461 3599 5519 ἀλλά
3614 5459 3923 5530 καθάρσιον
3940 5457 4045 5528 τῆς

2055 5662 2292 5720 VARUS
2341 5662 2748 5718 LECTlONl‘ZS.

852 5787 879 5826 ά
900 5787 953 5858 νο
996 5784 1060 5839 Μ.
1087 5781 1742 5858 παραπλησίουςάλὸντας
1770 5778 2006 5848 ὑπῆγεν.
2087 5789 2110 5818 ⁸
2139 5777 2226 5832 ῐσ.
2281 5779 2625 5833 ἀποκλεῖσαι.
2651 5780 2712 5834 C.
2742 5779 2812 5836 Si.
2843 5779 3198 5834 ἀποκαλέσαι.
3284 5778 3301 5817 τ
3339 5776 3428 5832 lor.
3457 5773 3845 5832 ἀπολούεσθαι.
3869 5774 3940 5832 C.
3965 5772 4040 5830 ΙΙ.

790 5856 1140 5912 amiserim.
