4200 6444
175 482 277 544 889

1009 474 1107 533 AD
1148 462 1735 531 AMPHILOCHIUM
1772 456 2115 533 QUIESTIO
2144 455 2363 528 CXIII,
2399 454 2595 517 CXIV.

3291 452 3398 517 610

180 589 340 656 ἀφῆς,
374 586 431 653 ἱξ
456 580 523 656 ἧς
540 583 876 653 ἁνέστησανς
906 581 1012 636 Καὶ
1040 581 1158 644 πῶς
1199 580 1300 633 οὑκ
1338 578 1404 632 ἂν
1446 577 1532 647 εῐη
1570 574 1731 629 τοῦτο
1760 590 1805 646 Α

1834 576 2022 623 contra
2076 565 2293 636 planam
2344 562 2678 633 Scripturam
2727 574 2840 614 rem
2890 567 3240 629 apparentem
3303 576 3400 624 per

180 679 317 730 κατά
334 694 398 744 γε
416 677 524 728 τῶν
551 673 948 744 γεγραμμένων
962 674 1023 724 τὸ
1043 671 1386 741 φαινόμενον,
1409 666 1576 736 πολλὴ
1594 666 1735 734 ἀμα-

179 767 264 818 θία
297 767 392 819 καὶ
419 765 608 825 avom;
658 762 724 814 'I-I
758 760 815 814 δὲ
844 762 941 830 τῆς
967 760 1088 813 ὅνου
1110 757 1315 825 σιαγὼν
1330 755 1567 826 τριπλῆς
1596 754 1735 806 ἀκα-

179 858 405 926 θαρσίας
432 856 613 908 αἰτίαν
644 853 985 921 πηγάζουσα,
1029 850 1145 912 πῶς
1187 846 1429 916 καθαροῦ
1463 845 1558 898 καὶ
1583 844 1736 897 ποτί-

181 966 280 1016 μου
314 948 550 1013 νάματος
578 942 799 1011 διψῶντι
823 941 899 1011 τῷ
929 940 1228 1011 Ναζαραίῳ
1252 938 1487 991 ἀνέδωκε
1506 935 1735 1006 ῥύακας,

182 1040 313 1100 ίσοις
341 1039 441 1106 τῆς
466 1034 803 1104 ἀκαθαρσίας
827 1032 1174 1102 διαϐοηθεῐσα
1196 1030 1437 1099 θαύμασι
1461 1028 1618 1093 ςὸνου
1640 1025 1738 1096 μὲν

180 1130 286 1197 γὰρ
317 1123 406 1195 ἧν,
436 1126 529 1178 καὶ
556 1123 749 1195 νεκροῦ
770 1124 921 1186 ὀστᾶ,
942 1122 1039 1174 καὶ
1073 1122 1275 1192 τρίτον,
1299 1120 1473 1188 φόνων
1491 1119 1699 1187 ὅργανα
1723 1130 1737 1145 '

179 1219 277 1269 οὐκ
317 1218 376 1268 ὲν
424 1217 494 1284 γῇ
555 1214 613 1266 δὲ
663 1212 889 1283 πλησίον
933 1212 1144 1272 ὓδατος,
1183 1209 1305 1262 οὐδέ
1355 1225 1499 1270 τινες
1542 1205 1743 1266 νοτίδες

182 1306 406 1374 ἀφανῶς
434 1304 804 1374 ὐπαρὸόμεναι
845 1302 939 1357 τοῦ
981 1301 1139 1355 ὀστοῦ
1188 1299 1562 1355 κατελείδοντο
1583 1316 1598 1330 ·
1630 1297 1742 1350 ἀλλ’

181 1396 373 1466 ἀνδρὸς
406 1397 550 1465 χειρὶ
582 1392 822 1464 μαχητοῦ
845 1394 1007 1446 ὅπλον
1033 1391 1174 1444 κατά
1190 1390 1464 1459 πολεμίων
1486 1389 1710 1457 ἐφέρετο
1728 1400 1741 1414 ·

184 1489 278 1539 καὶ
301 1483 572 1553 τοσαύτην
603 1483 783 1551 πηγὴν
808 1482 1016 1535 ὑδάτων
1047 1477 1360 1543 ἀνέδλυσεν,
1406 1476 1545 1529 ὥστε
1566 1475 1658 1526 τὸν
1690 1474 1749 1525 έν

183 1576 423 1645 τοσούτῳ
477 1576 629 1642 κόπῳ
654 1575 678 1613 ⁸
713 1574 808 1625 καί⁵
846 1570 1098 1640 καμάτῳ,
1145 1569 1242 1621 καὶ
1278 1565 1512 1636 τοσαύτῃ
1553 1560 1748 1631 καιροῦ

187 1668 491 1738 παρατάσει
523 1663 865 1733 δεδιψηκότα,
887 1660 1118 1731 ἀφθόνου
1181 1660 1276 1712 καὶ
1323 1654 1599 1725 δαψιλοῦς,
1655 1652 1750 1706 καὶ

186 1758 334 1828 πέρα
357 1758 453 1827 τῆς
486 1756 696 1826 χρείας,
722 1754 1009 1824 ἑμοιρῆσαι
1035 1753 1061 1791 δ
1095 1751 1356 1820 πόματος.
1406 1747 1564 1800 Ἀλλά
1579 1743 1752 1798 τοιού-

185 1867 263 1918 τῳ
308 1851 405 1919 μὲν
429 1850 499 1900 τά
524 1846 621 1900 τοῦ
647 1844 955 1915 ἀκαθάρτου
985 1842 1124 1908 ζὼου
1163 1844 1256 1895 καὶ
1285 1840 1464 1910 νεκρά
1520 1837 1615 1891 καὶ
1652 1852 1748 1905 φο-

1835 656 2201 729 ignorantiam
2230 662 2285 710 et
2318 654 2645 722 imperitiam
2695 651 2998 707 inducere?
3026 651 3180 706 Asini
3216 662 3401 706 autem

1834 728 2055 804 maxilla
2087 746 2282 817 triplici
2318 755 2536 799 scatens
2559 745 2901 798 immunditia
2927 744 3206 813 quomodo
3234 728 3411 799 deﬂe?

1837 852 1974 897 cata:
1997 849 2050 896 et
2079 838 2333 909 potabilis
2355 852 2509 906 aqua:
2528 836 2885 907 scaturigines
2907 837 3109 890 sitienti
3144 836 3404 890 Nazarene

1839 932 2251 1002 suppeditabat,
2288 943 2412 997 qua:
2466 928 2691 997 paribus
2742 928 3071 996 impuritatis
3125 928 3405 981 miraculis

1840 1019 2259 1076 illustrabatur?
2286 1033 2350 1072 os
2391 1018 2534 1071 enim
2571 1017 2674 1070 fuit
2710 1018 2889 1079 asini,
2920 1026 2975 1070 et
3004 1016 3223 1085 quidem
3264 1018 3407 1071 asini

1841 1113 2064 1171 mortui.
2111 1119 2167 1165 et
2226 1110 2403 1163 adhuc
2455 1109 2638 1172 tertio,
2716 1108 2867 1163 necis
2932 1110 3402 1162 instrumentum:

1842 1219 1951 1256 non
2001 1211 2180 1255 autem
2210 1215 2240 1254 e
2275 1200 2452 1253 vicina
2480 1208 2621 1252 terra
2670 1214 2859 1267 aquea:
2903 1198 3289 1253 diStillationes
3321 1199 3407 1250 iu-

1844 1294 2172 1349 sensibiliter
2198 1307 2262 1346 os
2288 1292 2418 1345 iilud
2476 1289 2906 1343 madefaciebant
2936 1308 2949 1342 :
2984 1291 3076 1344 sed
3108 1290 3209 1343 viri
3241 1289 3409 1343 bella-

1851 1386 1983 1439 toris
2018 1398 2169 1437 arma
2224 1390 2409 1435 contra
2461 1381 2685 1435 hostiles
2716 1380 2950 1434 insultus
3001 1381 3408 1434 adhibebatur:

1848 1484 2051 1530 tantam
2079 1488 2209 1527 vero
2254 1486 2520 1541 aquarum
2575 1470 2961 1538 scaturiginem
3001 1471 3188 1535 edidit,
3221 1480 3279 1524 ut
3317 1470 3412 1539 qui

1849 1573 1970 1635 post
2001 1566 2161 1619 talem
2197 1564 2661 1635 defatigationem,
2720 1575 2777 1618 et
2815 1564 3078 1627 laborem,
3110 1572 3165 1618 et
3218 1564 3270 1616 in
3320 1563 3414 1616 tali

1849 1658 2112 1726 temporis
2144 1658 2416 1725 exigentis
2446 1658 2640 1719 sitiret,
2661 1655 2984 1718 abundanti,
3008 1655 3183 1717 varia,
3200 1664 3254 1707 et
3273 1654 3415 1707 ultra

1851 1749 2229 1803 necessitatem
2260 1763 2528 1817 aquarum
2556 1748 2710 1816 copia
2733 1747 3072 1817 irrigaretur.
3100 1746 3167 1800 Et
3195 1747 3416 1815 quidem

1854 1840 2123 1895 talismodi
2179 1840 2443 1895 miraculo
2488 1854 2550 1893 os
2599 1839 2857 1893 animalis
2885 1838 3083 1908 impuri
3130 1847 3184 1893 et
3213 1837 3415 1891 mortui

187 1942 317 1993 νικά
361 1940 493 1992 ὀστᾶ
536 1936 926 2005 ὑπηρετήσατο
970 1931 1241 1999 θαύματι·
1277 1932 1389 1993 τοῖς
1435 1927 1543 1999 γὰρ
1580 1926 1749 1995 ὅνομα
1781 1947 1820 2002 Β

1850 1929 2286 1986 subministravit
2312 1947 2326 1984 :
2356 1946 2455 1986 nec
2489 1930 2786 2000 quidquam
2819 1931 2943 1984 inde
2971 1929 3289 1984 detrimenti
3320 1944 3418 1983 ac-

188 2033 397 2100 πηγῆς,
427 2031 524 2100 τὴν
550 2028 673 2081 ὅνου
722 2026 950 2094 σιαγόνα
983 2022 1249 2083 ποιοῦσιν,
1280 2018 1532 2074 κάκεῖθεν
1555 2016 1633 2086 τῷ
1666 2016 1751 2068 δε-

186 2122 443 2192 διψηκότι
478 2121 705 2191 φέρουσι
732 2118 793 2170 τὸ
825 2119 993 2187 νᾶμα,
1046 2115 1222 2169 καίτοι
1269 2112 1361 2164 τὸν
1394 2108 1753 2181 προκείμενον

186 2215 349 2281 λόγον
381 2210 499 2264 κατ’
529 2209 681 2261 οὐδὲν
725 2204 1159 2275 λυμαινομένοις.
1185 2201 1355 2271 Δῆλον
1394 2199 1503 2268 γάρ
1539 2195 1616 2259 ὡς
1659 2195 1753 2247 καὶ

187 2304 349 2357 αὐτοὶ
370 2302 528 2355 τοῦτο
567 2300 844 2367 λέγοντες,
876 2297 1065 2368 πόρρω
1103 2292 1197 2347 τοῦ
1249 2291 1580 2362 γράμματος
1642 2288 1753 2355 ίχνο

184 2395 481 2466 ηλατοῦσιν
501 2410 514 2422 ·
546 2394 649 2453 ἕως
682 2391 748 2444 ἂν
796 2394 829 2458 ἡ
862 2389 970 2442 τῶν
994 2384 1307 2456 παραδόξων
1352 2382 1528 2454 εργων
1573 2378 1755 2439 πίστις

186 2487 436 2556 ἐνισχύῃ,
468 2486 567 2537 οὐκ
602 2483 667 2537 ἂν
715 2482 886 2552 ἡδέως
936 2478 1305 2548 συμφήσαιμι.
1353 2472 1464 2527 Καὶ
1501 2471 1554 2523 τί
1575 2471 1640 2524 ἀν
1671 2485 1756 2531 τις

187 2577 534 2649 ἀπαριθμοίη
567 2576 634 2627 τὰ
667 2573 924 2635 τοιαῦτα;
961 2569 1145 2640 σχεδὸν
1168 2568 1276 2635 γάρ
1304 2566 1372 2619 δι’
1399 2564 1521 2618 ὅλου
1556 2560 1651 2616 τοῦ
1669 2578 1755 2615 νο-

181 2671 362 2742 ’μικοῦ
423 2669 767 2739 γράμματος,
821 2667 854 2734 ὴ
899 2663 1123 2731 τοιαύτη
1184 2661 1293 2715 τῶν
1344 2652 1757 2726 αίνιγματωδῶν

190 2762 441 2831 θεωριιῖιν
484 2758 852 2827 κατακέχυται
907 2754 1134 2808 θύελλα·
1170 2752 1286 2808 ἀλλ’
1344 2752 1479 2821 ὅπερ
1522 2747 1618 2803 καὶ
1652 2747 1756 2817 ἀρ-

187 2855 424 2923 χόμενος
470 2849 621 2903 εἶπον
648 2890 663 2912 ,
695 2849 785 2901 διὰ
841 2846 1043 2900 τούτων
1105 2861 1162 2898 τε
1215 2843 1309 2897 καὶ
1344 2842 1453 2895 τῶν
1502 2840 1758 2895 τοιούτων

190 2942 473 3003 ἁπάντων,
508 2939 537 2990 ό
568 2936 728 3006 σοφὸς
770 2935 1067 3006 νομοθέτης
1116 2933 1355 3003 ἐναργῶς
1406 2932 1755 3003 παρίστησιν,

188 3030 270 3093 ὡς
308 3027 441 3097 ἄλλη
475 3027 573 3096 μὲν
599 3028 633 3096 ὴ
663 3026 803 3079 κατά
824 3025 884 3077 τὸ
904 3024 1137 3093 γράμμα
1160 3023 1256 3075 καὶ
1276 3023 1338 3074 τὺ
1353 3022 1639 3091 πρόχειρον
1658 3020 1759 3090 τῆς

188 3120 488 3189 ἐπιστολῆς
514 3118 843 3184 ἀπαγγελία,
873 3117 948 3179 ὡς
970 3115 1379 3186 παραπέτασμα
1406 3111 1759 3183 διηπλωμινη

189 3212 448 3283 κρυφίων
486 3210 890 3280 θεωρημάτων·
926 3208 1089 3278 ἑτέρα
1136 3207 1192 3259 δὲ
1246 3207 1278 3276 ή
1314 3206 1407 3259 τοῦ
1450 3204 1759 3273 πνεύματος

1852 2029 2132 2090 ceperunt,
2162 2020 2253 2089 qui
2287 2036 2485 2075 nomen
2516 2020 2685 2076 fontis
2716 2022 2950 2076 maxilla:
2973 2021 3111 2076 asini
3142 2021 3416 2081 detulere.

1851 2119 1905 2163 et
1929 2109 2127 2164 abinde
2180 2110 2386 2165 sitienti
2419 2110 2619 2165 ﬂuenta
2650 2111 2863 2165 dedere.
2924 2111 3084 2166 Certe
3139 2111 3185 2165 si
3213 2111 3305 2180 qui
3344 2110 3418 2165 ita

1852 2200 2139 2265 afﬁrmant,
2197 2202 2351 2273 longe
2375 2217 2406 2257 a
2439 2202 2620 2257 littera
2667 2203 3055 2273 investigantes
3109 2205 3417 2269 recedunt;

1853 2291 2051 2361 quibus
2091 2308 2191 2361 ego
2225 2292 2400 2347 libens
2425 2308 2532 2347 non
2570 2294 2837 2349 adhibebo
2855 2308 3211 2358 consensum,
3242 2310 3420 2363 quan-

1853 2383 1945 2438 diu
1968 2386 2366 2453 paradoxorum
2396 2400 2621 2455 operum
2655 2384 2787 2439 ﬁdes
2808 2386 3171 2455 pravaluerit.
3203 2386 3266 2439 Et
3291 2384 3420 2454 quid

1854 2488 1993 2544 Opus
2028 2476 2111 2529 his
2148 2475 2346 2530 similia
2376 2476 2732 2530 enumerare?
2758 2477 2869 2531 lere
2900 2477 3048 2531 enim
3080 2492 3173 2545 per
3200 2476 3424 2529 univer-

1856 2581 1971 2620 sam
1997 2566 2130 2637 legis
2162 2565 2504 2637 Scripturam
2534 2568 3252 2638 ejusmodispeculationum
3287 2569 3424 2624 teni-

1856 2657 2214 2727 gmaticaruni
2260 2667 2554 2728 tempestas
2591 2658 2957 2713 dill'unditur:
3011 2660 3105 2714 sed
3152 2660 3295 2727 quod
3358 2661 3426 2711 ali

1856 2750 2013 2803 initio
2059 2749 2209 2817 dixi,
2260 2760 2478 2820 propter
2508 2750 2622 2805 hac
2675 2760 2729 2805 et
2770 2752 3003 2815 similia,
3059 2752 3278 2821 sapiens
3333 2752 3427 2805 ille

1859 2840 2137 2911 legislator
2174 2851 2359 2911 aperte
2400 2841 2640 2907 indicat,
2686 2842 2829 2912 quod
2857 2844 3015 2897 aliter
3043 2844 3221 2897 littera
3258 2858 3424 2912 appa-

1862 2939 2044 2984 renter
2088 2932 2367 3003 suggerit,
2415 2941 2669 3001 tanquam
2716 2933 3075 2988 velamentum
3128 2935 3422 2989 obductum

1859 3020 2271 3075 obscuratarum
2348 3023 2774 3092 speculationum
2805 3065 2821 3090 ,
2872 3026 3029 3079 aliter
3084 3026 3307 3094 spiritus
3374 3029 3429 3079 in

1859 3112 2184 3167 abscondito
2238 3114 2422 3169 divina
2481 3116 2801 3184 sapientia:
2861 3131 2890 3170 a
2934 3134 3045 3187 quo
3097 3116 3320 3173 Iudaica
3375 3129 3431 3172 et

1860 3202 2111 3260 haeretica
2160 3205 2449 3261 multitudo
2514 3209 2769 3264 excidens
2814 3209 3028 3280 longum
3074 3222 3129 3265 et
3160 3210 3431 3266 diﬂicilem

189 3276 299 3356 καὶ
324 3276 408 3354 -ἐν
446 3301 523 3371 τῷ
550 3276 701 3371 sse}:
752 3276 1100 3369 κρυπτομένη
1157 3297 1445 3365 θεοσοφία·
1481 3292 1549 3367 ἦς
1598 3293 1764 3365 ήτῶν
1789 3276 1820 3335 (Ῑ

1834 3320 1836 3327 ν
1873 3309 2113 3350 errorem
2141 3311 2325 3353 errare
2354 3314 2461 3353 non
2490 3299 2691 3354 desinit
2718 3276 2917 3356 adhuc:

204 3394 501 3457 Ἰουδαίων,
524 3392 619 3444 καὶ
649 3391 751 3443 τῶν
765 3388 1156 3454 Ἰουδαῐζόντων
1192 3386 1526 3457 αἱρεσιωτῶν
1560 3385 1767 3453 πληθὺς

192 3482 478 3537 ὲπεκοῦσα
517 3481 534 3520 ί
569 3482 783 3551 μακράν
804 3482 901 3533 καὶ
935 3479 1179 3550 χαλεπὴν
1206 3479 1268 3531 οὐ
1302 3478 1535 3532 παύεται
1554 3477 1762 3546 πλάνην

192 3574 553 3642 πλανωμένη.

748 3680 1079 3734 ΕΡΩΤΗΣΙΣ
1100 3679 1242 3733 PIA'.

1952 3678 2277 3747 ρυιεδτιο
2313 3682 2473 3737 CXIV
2510 3682 2699 3756 [CoisL
2730 3694 2778 3739 et
2804 3684 2964 3741 Taur.
3001 3685 3326 3765 CXXXVI

352 3790 495 3842 Edita
520 3807 547 3841 a
580 3791 897 3851 llontacutio,
917 3805 997 3854 ep.
1020 3791 1129 3852 228,
1171 3790 1236 3840 ad
1263 3790 1514 3851 Δγεαόετ..
1547 3792 1820 3904 p.

1834 3792 2273 3915 bileségnorantla
2299 3784 2404 3845 diei
2441 3807 2495 3847 et
2515 3797 2649 3849 born
2688 3798 2877 3862 judicii.
2910 3801 3054 3852 Marc.
3080 3818 3181 3865 xiu,
3200 3807 3280 3867 δὶς

270 3940 351 3994 Οὐ
401 3940 600 4010 ¹ιιιολλήν
640 3956 730 4009 μοι
767 3939 913 3993 δοκεῖ
936 3939 1035 4008 τὴν
1074 3938 1394 4009 δυσχέρειαν
1424 3938 1589 4010 ἔχειν,
1635 3939 1772 4010 ὅπερ

190 4049 285 4083 σοι
325 4030 549 4099 πολλὴν,
574 4030 648 4093 ὡς
682 4029 933 4099 γράφεις,
966 4031 1183 4100 ιμποιεί
1208 4027 1309 4099 τὴν
1342 4030 1594 4101 ἀπορίαν·
1626 4029 1774 4100 πρῶ-

186 4139 293 4176 τον
336 4120 437 4191 μὲν
479 4118 613 4190 γὰρ,
644 4120 700 4173 ἑν
729 4117 1015 4188 ἀνθρώπου
1048 4118 1209 4188 φύσει
1247 4119 1342 4173 καὶ
1386 4120 1567 4191 μορφῇ
1594 4135 1773 4189 πεφη-

186 4210 332 4275 νὼς,
380 4211 411 4263 ὀ
459 4210 517 4262 ιν
560 4210 742 4279 μορφῇ
788 4208 884 4261 τοῦ
931 4207 1067 4261 θεοῦ
1123 4209 1217 4262 καὶ
1262 4209 1472 4280 Πατρός
1512 4209 1774 4278 ὑπάρχων

187 4301 357 4364 Υἱὸς,
394 4298 470 4362 ὡς
502 4297 787 4369 ἄνθρωπος
826 4300 895 4352 τά
922 4298 1093 4353 πολλά
1138 4301 1252 4363 τοῖς
1293 4299 1563 4370 μαθηταῖς
1603 4298 1775 4353 συνὼν

186 4392 512 4456 διελέγετο,
541 4390 639 4457 τὴν
680 4388 803 4442 καθ’
846 4392 995 4460 ἡμᾶς
1039 4390 1199 4460 φύσιν
1230 4389 1561 4445 ἀναλαϐεἶνί
1612 4390 1776 4444 ὶνδει-

188 4482 495 4550 κνύμενος.
543 4481 654 4533 Καὶ
688 4479 740 4533 τί
787 4481 895 4550 γὰρ
922 4482 1147 4551 ἄπορον,
1178 4480 1271 4533 τὸν
1317 4480 1594 4535 κοπιῶντα
1617 4520 1634 4546 ,
1680 4481 1776 4535 καὶ

192 4572 482 4640 ἱδροῦντα,
517 4569 611 4622 καὶ
643 4568 794 4638 ὕπνῳ
818 4571 1302 4641 διαναπαυόμενον,
1341 4570 1540 4642 βρώσει
1574 4588 1635 4623 τε
1680 4572 1775 4624 καὶ

1936 3937 2055 3993 Non
2085 3939 2298 3995 videtur
2334 3942 2468 3997 mihi
2516 3958 2765 4014 magnam
2817 3947 3017 4005 habere
3061 3951 3435 4011 difficultatem

1866 4032 2014 4101 quod
2046 4032 2142 4086 tibi
2163 4072 2179 4095 ,
2213 4034 2291 4087 uti
2327 4035 2560 4100 scribis,
2601 4037 3300 4111 dnbitationenfplurimam
3350 4045 3435 4100 af-

1868 4121 1973 4177 fert
2015 4138 2031 4177 :
2073 4123 2325 4193 inprimis
2354 4124 2402 4180 si
2432 4127 2485 4179 in
2512 4136 2703 4183 natura
2734 4138 2783 4185 et
2810 4129 2979 4185 forma
3007 4132 3247 4189 humana
3268 4151 3438 4206 appa-

1874 4215 2006 4281 ruit,
2070 4218 2186 4287 qui,
2213 4231 2337 4273 cum
2376 4217 2544 4275 Filius
2568 4230 2711 4277 esset
2735 4261 2749 4287 ,
2792 4231 2907 4279 erat
2938 4226 2994 4279 in
3035 4225 3208 4283 forma
3254 4228 3349 4284 Del
3385 4242 3441 4286 et

1872 4306 2084 4364 Patris:
2112 4322 2168 4363 ut
2192 4312 2357 4365 homo
2380 4325 2502 4367 cum
2534 4313 2811 4385 discipulis
2842 4332 3067 4374 versans
3095 4320 3399 4379 disserebat
3418 4365 3433 4385 .

1873 4401 2114 4449 nostram
2154 4394 2207 4449 in
2244 4411 2302 4451 se
2330 4407 2579 4453 naturam
2613 4405 2920 4472 suscepisse
2952 4409 3265 4465 ostendens.
3289 4409 3433 4478 Quid

1871 4484 1928 4539 in
1961 4497 2037 4574 eo
2076 4484 2300 4541 dubium
2342 4497 2463 4551 est,
2522 4491 2672 4546 illum
2717 4495 2810 4563 qui
2860 4495 3292 4567 defatigabatur,
3336 4507 3431 4574 qui

1872 4573 2140 4641 sudabat,
2189 4577 2283 4646 qui
2338 4592 2533 4633 somno
2586 4584 2999 4651 requiescebat,
3058 4591 3155 4657 qui
3204 4592 3327 4647 cibo
3356 4573 3436 4649 iac

186 4663 366 4714 πόσει
386 4699 403 4723 ,
432 4660 528 4729 τὴν
552 4660 643 4712 τοῦ
680 4661 925 4730 σώματος
955 4661 1136 4729 φύσιν,
1181 4662 1243 4715 τὸ
1269 4662 1389 4715 ὅλον
1427 4662 1623 4727 εἰπεῖν,
1652 4680 1775 4715 συνο
1805 4687 1820 4742 ι

1834 4672 2003 4740 ,potu
2053 4665 2300 4731 corporis
2340 4675 2614 4729 naturam,
2644 4680 2702 4724 ut
2749 4681 2919 4726 totum
2951 4677 3094 4743 quod
3126 4686 3208 4731 est
3233 4680 3436 4742 dicam,

186 4755 406 4823 έχοντα
435 4751 681 4818 ῥέουσαν,
721 4751 907 4803 τοῦτον
935 4752 999 4822 δὴ
1028 4751 1236 4819 τοῦτον,
1279 4753 1374 4805 καὶ
1421 4752 1644 4820 ἄγνοιαν
1673 4753 1774 4823 τῆς

190 4840 515 4910 μελλούσης
570 4840 781 4909 ἡμέρας
834 4841 1227 4910 ἀναδέχεσθαι,
1280 4843 1372 4895 καὶ
1433 4842 1495 4894 τὸ
1557 4842 1774 4913 μέτρον,

185 4932 403 4999 ὥσπερ
428 4928 491 4999 δὴ
520 4929 629 4981 τῶν
659 4929 852 4992 ἄλλων,
888 4927 1031 4981 οὕτω
1075 4931 1130 4983 δὲ
1179 4930 1273 4982 καὶ⁵
1302 4930 1404 4999 τῆς
1433 4930 1779 5000 ἀνθρωπίνης

189 5022 491 5090 γνώσεως,
542 5020 843 5089 ἐξυϐρίζειν
886 5022 987 5073 οὐκ
1034 5021 1359 5090 ἀνέχεσθαι;
1402 5022 1478 5083 ὼς
1528 5023 1627 5089 μὲν
1670 5022 1779 5090 γὰρ

184 5112 558 5183 Δημιουργὸς
605 5114 859 5165 ἁπάντων
906 5112 1001 5165 καὶ
1044 5112 1178 5175 Θεὸς
1220 5113 1434 5167 ἅπαντα
1483 5112 1561 5183 τῷ
1604 5113 1780 5181 Πατρὶ

186 5203 432 5273 συνῄδει
451 5217 465 5231 ⁶
501 5202 573 5265 ὡς
599 5202 880 5273 ἄνθρωπος
908 5203 986 5267 δὲ,
1023 5203 1145 5256 οὐδὲ
1172 5203 1271 5271 τὴν
1303 5202 1609 5273 ἀνθρώποις
1638 5203 1775 5273 πρέ-

185 5308 423 5346 πουσαν
454 5292 695 5359 ἄγνοιαν,
728 5294 787 5345 ού
822 5294 918 5361 μὲν
950 5289 1044 5346 οὖν
1078 5294 1176 5346 οὒκ
1206 5293 1410 5362 ὴθέτει.
1455 5295 1549 5356 Ὃς
1579 5294 1685 5365 γὰρ
1712 5294 1776 5363 δὴ

182 5384 254 5435 τὸ
311 5382 443 5435 ὅλον
484 5381 655 5435 εἰλετο
690 5381 893 5445 λαϐεῖν,
935 5382 1051 5445 πῶς
1094 5382 1153 5434 ἓν
1200 5399 1251 5433 τι
1297 5382 1406 5433 τῶν
1442 5383 1572 5452 περὶ
1603 5383 1778 5436 ἐκεῖνο

187 5475 575 5544 παρῃτήσατο
628 5474 701 5544 μὴ
728 5472 913 5526 λαὸείν
982 5473 1015 5544 ἦ
1050 5474 1125 5543 μὴ
1163 5472 1485 5527 πιστοῦσθαι
1516 5475 1597 5527 ὅτι
1634 5492 1775 5545 παρ-

1878 4749 2117 4805 ﬂuxilem
2165 4754 2431 4820 ﬁrmabat,
2470 4757 2613 4811 hunc
2636 4759 2993 4828 ignorantiam
3027 4764 3132 4817 diei
3162 4765 3351 4834 judicii
3384 4770 3438 4824 in

1873 4856 1932 4895 se
1960 4845 2287 4913 suscepisse,
2320 4855 2375 4899 et
2404 4862 2713 4903 mensuram
2732 4890 2747 4915 ,
2776 4852 2851 4904 uti
2887 4863 2939 4906 et
2966 4864 3281 4911 cancrorum
3308 4900 3324 4923 ,
3366 4863 3437 4915 ita

1870 4942 1926 4987 et
1959 4934 2214 4989 humana
2240 4939 2572 5006 cognitionis
2615 4942 2855 4997 noluisse
2885 4946 3246 5012 pudefacere?
3272 4950 3433 5006 Certe

1874 5032 1933 5077 ut
1959 5023 2220 5080 Conditor
2244 5032 2486 5083 omnium
2510 5048 2575 5084 ac
2598 5031 2738 5088 Deus
2760 5036 2939 5089 omnia
2966 5052 3090 5090 cum
3122 5038 3278 5093 Patre
3300 5044 3440 5096 scie-

1874 5114 2003 5180 bat;
2036 5125 2091 5169 at
2120 5126 2377 5187 tauquam
2419 5120 2583 5176 homo
2615 5125 2902 5180 humanam
2933 5145 2961 5180 a
2991 5141 3049 5183 se
3076 5131 3437 5200 ignorantiam

1880 5221 1988 5259 non
2016 5206 2222 5273 rejecit.
2253 5208 2387 5263 Nam
2426 5214 2517 5281 qui
2547 5224 2717 5268 totum
2747 5216 3000 5285 dignatus
3039 5231 3123 5274 est
3164 5224 3437 5292 recipere,

1881 5299 2154 5365 quomodo
2180 5315 2347 5353 unum
2378 5303 2579 5373 aliquid
2620 5322 2808 5361 eorum
2860 5310 3183 5380 abnegaret.
3218 5331 3317 5370 nec
3350 5332 3426 5372 ac-

1882 5385 2110 5453 ciperet,
2144 5398 2238 5441 aut
2269 5390 2358 5443 ubi
2393 5395 2707 5462 accepisset,
2743 5403 3015 5468 accepisse
3046 5420 3151 5456 non
3185 5410 3438 5461 credere-

1881 5478 2011 5531 tur?
2044 5476 2296 5536 Secundo
2325 5484 2371 5538 si
2402 5488 2524 5555 quis
2553 5488 2750 5544 dixerit
2778 5503 3007 5547 mentem
3033 5502 3087 5549 et
3115 5501 3438 5555 sententiam

1473 5636 1706 5692 VAllUE
1742 5638 2142 5699 LECTIONES.

282 5757 317 5796 κ
346 5755 518 5828 C._M,
552 5756 850 5828 κόπῳῇκαὶ
882 5756 1084 5828 ἱδρῶτι.
1159 5755 1187 5795 h
1226 5757 1311 5809 τσ.
1336 5757 1678 5828 εύμοιρῆσαι.
1720 5756 1778 5811 C.
1818 5756 1887 5811 Ill.
1909 5758 2216 5828 ὲμοιρῆσαι.

184 5834 299 5900 την
335 5825 465 5879 καθ’
492 5827 635 5893 ἡμᾶς
657 5826 815 5894 φύσιν
844 5825 1057 5895 ἀληθῶς
1082 5828 1388 5881 ἀναλαϐεῖν.

2302 5763 2317 5801 ί
2351 5762 2413 5818 C.
2442 5764 2509 5819 Μ.
2544 5767 2751 5835 πληθὺς
2795 5773 3119 5826 ἐκπεσοῦσα.
3199 5786 3212 5824 1
3272 5778 3332 5831 (Σ.
3369 5777 3435 5833 Μ.
