4200 6444
811 428 912 496 671

1979 422 2236 484 ΡΠΟἸἹῙ
2279 418 2776 482 PATRIARCILE
2810 419 2923 482 Cl'.

3945 408 4047 473 ετε

811 542 1081 596 dictorum
1145 533 1497 606 rejectionem
1548 532 1863 604 respicere,
1921 531 1994 584 ita
2044 539 2104 583 ut
2147 529 2385 582 noluerit
2412 538 2459 594 Α

2493 525 2604 595 έχοι
2634 527 2657 564 κ
2683 523 3171 597 λαεώνςΔεύτερον
3196 523 3274 589 δὲ,
3292 526 3393 579 κᾶν
3414 524 3492 585 είς
3509 520 3778 592 ἀναϐολὴν
3805 520 3900 574 τὸν
3927 523 4045 572 νοεὶν

813 645 936 686 eam
971 631 1115 684 diem
1143 626 1428 696 discipulis
1457 625 1717 688 revelare,
1758 631 2043 692 propterea
2067 621 2211 688 quod
2238 618 2381 672 scire

813 735 909 776 eos
942 733 1048 774 non
1080 725 1200 772 erat
1230 717 1360 768 utile
1385 755 1399 777 ,
1433 729 1502 768 ne
1532 715 1648 768 haec
1669 710 1891 782 quidem
1935 710 2072 764 ratio
2119 724 2148 761 a
2201 709 2384 778 provi-

813 812 995 866 dentia
1052 809 1105 862 in
1170 808 1420 861 homines
1467 806 1650 858 divina
1711 803 2021 856 abhorret:
2078 798 2384 854 methodice

817 911 996 957 autem
1039 898 1346 968 disponitur
1392 910 1489 967 per
1524 895 1890 951 meonomiam
1924 933 1938 957 ,
1985 906 2106 960 qua:
2158 904 2269 960 prae
2325 903 2383 942 se

823 994 934 1049 fert
970 990 1338 1062 ignorantiam
1361 1028 1378 1051 ,
1429 997 1487 1041 et
1525 987 1748 1041 minime
1781 983 2112 1053 intelligere,
2157 996 2222 1034 ne
2253 995 2385 1034 mm-

821 1101 946 1142 rore
982 1084 1282 1152 discipulos
1315 1079 1572 1139 alliceret,
1598 1080 1689 1147 qni
1725 1075 2106 1130 desiderabant
2138 1073 2210 1134 id.
2240 1071 2383 1139 quod

820 1174 1164 1247 ignorabant,
1193 1171 1514 1240 intelligere.
1539 1168 1702 1222 Certe
1739 1168 2093 1234 incongruum
2131 1173 2252 1215 erat
2296 1161 2383 1212 illa

819 1270 960 1323 scire
981 1307 999 1333 ,
1036 1279 1157 1335 quae
1187 1273 1401 1332 tempus
1433 1259 1564 1313 illud
1595 1266 1752 1312 erant
1775 1269 2110 1326 praeessura
2131 1295 2146 1318 ,
2191 1261 2246 1306 et
2276 1260 2383 1303 tam

821 1367 1078 1412 accurate
1131 1355 1223 1408 illa
1272 1365 1590 1422 exponere:
1642 1349 1828 1402 horam
1887 1359 2014 1397 vero
2059 1345 2230 1412 ipsam
2281 1342 2386 1394 illis

821 1451 1214 1510 adherentem,
1247 1457 1370 1514 qua:
1404 1455 1532 1512 pars
1559 1439 1873 1494 eorumdetn
1899 1435 2221 1490 brevissima
2253 1433 2350 1486 fuit
2371 1473 2386 1495 ,

821 1558 928 1596 non
981 1551 1331 1609 cognoscere.
1386 1533 1496 1588 Nec
1552 1533 1668 1585 Ileri
1716 1537 1897 1599 potest
1952 1538 2011 1580 ut
2059 1541 2146 1580 res
2207 1526 2386 1593 aliqua

819 1631 1088 1686 cxsistens
1134 1627 1378 1681 animum
1426 1624 1671 1678 divinum
1735 1629 1790 1674 et
1826 1633 1987 1689 quem
2041 1618 2210 1672 latere
2256 1618 2390 1670 nihil

821 1729 1044 1792 potest,
1084 1718 1291 1782 lateat;
1334 1729 1432 1770 nec
1472 1713 1587 1768 lieri
1627 1720 1847 1782 potest,
1894 1719 1951 1764 ut
1985 1707 2390 1762 obvenientium

825 1825 1029 1873 rerum,
1058 1819 1112 1863 et
1141 1809 1428 1868 obventus,
1470 1813 1526 1859 et
1560 1801 1914 1857 connexionis
1942 1813 2166 1854 causam
2205 1800 2390 1868 cogni-

825 1915 932 1956 tam
970 1869 1206 1966 babeat;
1252 1908 1468 1966 tempus
1513 1905 1696 1950 autem
1748 1893 2078 1947 destinatum
2126 1899 2185 1944 ut
2230 1905 2386 1944 suam
2420 1869 2462 1923 Β

823 2007 1084 2063 superans
1108 1990 1516 2059 conceptionem
1540 1988 1756 2057 ignoret
1783 2002 1799 2050 ;
1839 1996 1897 2038 ut
1922 1983 2114 2053 judicii
2145 1991 2388 2052 potestas

824 2083 900 2137 illi
942 2083 1291 2141 concedatur,
1347 2097 1364 2130 ι
1415 2077 1574 2131 Pater
1619 2075 1802 2137 enim,
1856 2073 2069 2144 inquit,
2119 2074 2386 2127 neminem

819 2173 1034 2243 judicat
1060 2210 1076 2237 ,
1109 2171 1202 2226 sed
1237 2182 1398 2224 omne
1423 2168 1689 2238 judicium
1740 2164 1879 2220 Filio
1907 2165 2054 2219 dedit
2078 2165 2156 2228 “,
2187 2180 2206 2216 ι
2244 2165 2390 2217 hora:

825 2275 1009 2318 autem
1039 2263 1265 2316 scientia
1291 2299 1306 2322 ,
1355 2269 1410 2314 et
1449 2260 1730 2324 discretio,
1764 2258 2082 2328 sapientiam
2112 2258 2232 2324 ejus
2258 2255 2390 2309 elin-

826 2357 937 2427 giat
977 2364 1032 2408 et
1083 2353 1407 2408 dominium.
1447 2351 1550 2407 Sed
1580 2351 1710 2420 quid
1745 2367 1846 2420 ego
1885 2351 1998 2404 haec
2032 2349 2120 2403 hic
2146 2364 2388 2402 comme-

827 2447 1020 2502 moro?
1043 2449 1121 2500 An
1153 2447 1199 2499 is
1235 2447 1326 2514 qui
1358 2445 1567 2497 Patrem
1598 2445 1671 2498 ita
1703 2444 1946 2506 videt,ac
1983 2442 2137 2496 Pater
2167 2439 2389 2501 Filium,

825 2541 967 2594 diem
989 2550 1043 2592 et
1073 2538 1282 2600 horam,
1331 2533 1625 2606 particulas
1654 2537 1916 2601 quasdam
1955 2533 2111 2588 l'acile
2160 2533 2394 2587 circurn-

825 2629 1167 2693 acribendas,
1191 2627 1439 2698 ignorat?
1470 2625 1636 2691 Sane,
1667 2627 1972 2695 patetquod
2003 2624 2068 2689 is,
2090 2624 2184 2693 qui
2213 2624 2394 2676 omnia

827 2721 1038 2774 sciebat
1071 2718 1388 2787 priusquam
1418 2725 1604 2769 essent
1631 2756 1647 2780 ,
1673 2729 1798 2768 cum
1829 2715 1902 2768 sit
1931 2711 2108 2767 Patris
2134 2713 2395 2780 sapientia

830 2811 1042 2865 interna
1071 2809 1382 2864 subsistens
1405 2846 1420 2871 ,
1445 2808 1540 2875 qui
1567 2806 1754 2860 omnia
1803 2803 2048 2875 possidet
2091 2817 2220 2873 quae
2271 2812 2400 2856 sunt

831 2900 1046 2963 Patris,
1091 2899 1195 2952 nisi
1246 2898 1392 2967 quod
1431 2898 1704 2966 ingenitus
1730 2933 1747 2960 ,
1796 2907 1855 2950 ut
1898 2895 2097 2959 Pater,
2139 2907 2250 2947 non
2285 2893 2398 2958 sit,

832 2992 1066 3046 istorum
1121 2987 1482 3057 ignorantiam
1517 3001 1624 3040 non
1660 2987 1848 3040 habuit
1877 3004 1890 3038 :
1932 2983 2028 3039 sed
2065 2983 2212 3054 quod
2242 2983 2401 3038 disci-

831 3082 993 3151 pulos
1023 3079 1163 3136 scire
1187 3092 1295 3133 non
1322 3085 1648 3148 congrueret
1672 3115 1689 3141 ,
1722 3075 2224 3146 comperendinavit
2250 3088 2400 3130 reve-

2482 619 2589 672 τών
2621 619 2922 690 είρημένων
2950 620 3064 687 ipsi
3089 635 3170 682 τις
3201 619 3430 690 ἀφορᾲν,
3457 620 3550 670 καὶ
3574 616 3635 668 τὸ
3663 617 3738 685 μὴ
3768 613 4049 682 βούλεσθαι

2482 711 2592 771 τοῖς
2629 709 2896 778 μαθηταῖς
2918 713 3111 770 είπειν,
3151 707 3297 778 ᾇπερ
3323 709 3505 770 αὐτοῖς
3528 707 3628 759 οὐκ
3648 702 3717 776 ἦν
3744 707 3886 768 τέως
3919 721 4050 773 συμ-

2483 800 2647 869 φέρον
2678 800 2888 868 μαθεῖν,
2923 799 3042 852 οὐδὲ
3070 799 3226 852 τοῦτο
3253 800 3351 869 τῆς
3381 797 3766 866 φιλανθρώπου
3799 798 4052 864 προνοίας

2484 892 2518 961 ἡ
2549 891 2767 960 μέθοδος
2799 895 3166 960 παραιτεῖται·
3206 891 3546 959 μεθοδεύοιτο
3569 889 3613 942 δ’
3653 889 3740 952 ἂν,
3769 889 3830 953 ἑξ
3858 891 4057 940 οἰκονο-

2487 984 2616 1050 μίας
2666 983 3110 1052 σχηματιζομένη
3160 983 3259 1050 τὴν
3302 983 3545 1049 ἄγνοιαν,
3604 982 3697 1032 καὶ
3743 981 3808 1032 τὸ
3858 981 4055 1047 μᾶλλον

2483 1072 2630 1138 δόξαι
2654 1073 2730 1141 μὴ
2757 1073 2974 1134 εἰδέναι,
3009 1073 3149 1140 ὑπὲρ
3177 1071 3271 1122 τοῦ
3305 1071 3380 1140 μὴ
3403 1070 3591 1122 λυπεῖν
3621 1073 3744 1130 τοὺς
3783 1070 4054 1137 μαθητὰς,

2484 1163 2546 1215 τδ
2577 1165 2920 1231 ἐγνωσμένον
2953 1162 3146 1233 μαθεῖν
3167 1161 3462 1231 ζητοῦντας
3487 1203 3503 1226 ,
3531 1163 3629 1213 οὐκ
3651 1159 4054 1212 ἑκδιὸἁσκοντι·

2486 1255 2606 1306 ἐπεὶ
2641 1253 2752 1316 πῶς
2776 1254 2948 1317 ἄλλως
2977 1255 3044 1308 ἂν
3081 1255 3191 1322 [xei
3223 1255 3400 1321 λόγον,
3425 1255 3492 1303 τὰ
3526 1253 3624 1322 μὲν
3648 1252 3753 1320 πρὸ
3785 1251 3886 1318 τῆς
3912 1248 4058 1318 ὧρας

2487 1343 2687 1396 εἰδέναι
2732 1360 2830 1408 τε,
2873 1344 2968 1396 καὶ
3001 1345 3098 1396 σὺν
3136 1343 3303 1413 πολλῇ
3344 1343 3618 1395 διδάσκειν
3655 1343 3721 1410 τῇ
3768 1339 4057 1407 ἀκριϐείᾳ,

2488 1436 2655 1506 αὐτὴν
2683 1435 2738 1488 δι
2766 1437 2866 1505 τὴν
2890 1434 3038 1506 ὥραν
3065 1435 3288 1488 ἐκείνων
3318 1434 3606 1503 εχομένην,
3637 1433 3733 1484 καὶ
3759 1434 3823 1484 τὸ
3853 1431 4057 1500 βραχύ-

2487 1545 2645 1580 τατον
2680 1527 2842 1597 μέρος
2869 1522 3056 1588 οὖσαν,
3089 1529 3189 1578 οὐκ
3223 1526 3646 1594 ἑπιγινὼσκειν;
3683 1525 3802 1586 πῶς
3832 1525 3878 1576 δ’
3914 1524 3981 1576 ἄν
4014 1541 4061 1574 τι

2489 1620 2597 1672 τῶν
2642 1620 2813 1671 ὄντων
2844 1618 2938 1671 τὸν
2977 1616 3248 1686 ἀλάθητον
3298 1621 3392 1670 καὶ
3438 1616 3579 1669 θεῖον
3619 1614 3864 1668 διαλάθοι
3905 1613 4061 1671 νοῦν;

2490 1712 2524 1781 ἢ
2551 1712 2671 1764 τίνα
2698 1712 2854 1778 λόγον
2893 1711 3027 1780 ιχοι,
3056 1711 3165 1763 τῶν
3195 1711 3293 1780 μὲν
3324 1710 3718 1778 παραγομένων
3743 1709 3936 1766 αὑτὸν,
3976 1711 4067 1760 καὶ

2491 1805 2589 1872 τῆς
2620 1804 2960 1873 παραγωγῆς
2985 1842 3000 1865 .
3029 1804 3121 1856 καὶ
3152 1802 3252 1871 τῆς
3279 1802 3537 1871 συνοχῆς,
3563 1802 3661 1870 τὴν
3689 1801 3871 1852 αἰτίαν
3897 1799 4065 1866 ἔχειν,

2491 1896 2586 1946 καὶ
2637 1895 2736 1964 τὴν
2765 1893 2990 1963 γνῶσιν·
3028 1893 3120 1947 ’τὸν
3157 1893 3214 1944 δι
3260 1892 3448 1962 καιρὸν
3483 1893 3665 1960 μόνον.
3696 1891 3936 1957 κρείττω
3974 1888 4066 1953 τῆς

2489 1987 2695 2036 ἐκείνου
2730 1984 3108 2053 καταλήψεως,
3141 1983 3430 2052 ὑπάρχειν.
3462 1981 3673 2049 καὶτῆς
3703 1981 3804 2051 μὲν
3831 1981 4067 2048 κρίσεως

2490 2076 2653 2126 αὑτὸν
2676 2075 3015 2145 ἀνηρτῆσθαι
3039 2075 3101 2126 τὸ
3131 2076 3332 2144 κράτος
3387 2079 3433 2144 (ι
3465 2077 3494 2127 6
3526 2075 3712 2144 Πατὴρ
3737 2074 3849 2142 γὰρ
3876 2071 4068 2124 οὐδένα

2491 2165 2698 2233 κρίνει,
2722 2165 2818 2234 τὴν
2855 2165 2912 2218 δὲ
2943 2166 3124 2236 κρίσιν
3155 2167 3334 2219 πᾶσαν
3365 2168 3561 2219 δέδωκε
3597 2165 3674 2234 τῷ
3707 2165 3822 2233 Υίῷ
3867 2165 3944 2229 ι).
3974 2164 4068 2229 τῆς

2491 2253 2636 2324 ὥρας
2666 2257 2723 2308 δὲ
2746 2255 2842 2324 τὴν
2865 2257 3173 2323 διάγνωσιν,
3204 2259 3301 2312 καὶ
3330 2260 3532 2327 κρίσιν,
3557 2259 3652 2328 τὴν
3674 2256 3840 2310 αὑτοῦ
3876 2256 4070 2328 σοφίαν

2493 2351 2586 2400 καὶ
2615 2350 2908 2418 κυριότητα
2935 2348 3273 2417 διαφεύγεινς
3309 2325 3417 2403 καὶ
3451 2351 3504 2402 τί
3529 2325 3702 2400 ταῦτα
3727 2347 3912 2414 λέγω;
3947 2325 4069 2412 Ἆρ’

2493 2438 2522 2486 6
2560 2441 2649 2490 τὸν
2684 2438 2898 2506 Πατέρα
2929 2437 3105 2501 είδὼς,
3134 2437 3322 2507 ὥσπερ
3353 2442 3380 2490 ὁ
3409 2439 3597 2506 Πατὴρ
3624 2439 3714 2489 τὸν
3755 2437 3906 2496 “by,
3940 2435 4072 2501 ἡμέο

2499 2547 2595 2598 ραν
2623 2532 2716 2580 καὶ
2751 2530 2918 2596 ὥραν,
2958 2531 3128 2599 μικρά
3156 2515 3277 2582 τινα
3309 2531 3398 2581 καὶ
3433 2531 3817 2598 εὐωριὸριστα
3848 2527 4069 2591 διαστή-

2499 2639 2644 2691 ματα
2667 2663 2680 2685 ,
2713 2623 3002 2690 ἀγνοήσεις
3035 2623 3067 2692 ῆ
3116 2623 3294 2684 δῆλον,
3338 2623 3413 2685 ὡς
3459 2623 3559 2673 οὐκ
3597 2621 3755 2681 α;τδς
3777 2662 3792 2682 ,
3827 2621 3856 2670 6
3892 2621 4065 2670 πάντα

2497 2712 2649 2774 εἰδὼς
2675 2753 2690 2773 ,
2723 2714 2817 2765 καὶ
2854 2714 2986 2783 πρὶν
3019 2715 3340 2784 ὑποστῆναι,
3371 2717 3404 2784 ἡ
3438 2715 3800 2775 ινυπόστατος
3834 2711 3932 2764 τοῦ
3971 2713 4070 2764 lla-

2495 2807 2620 2873 τρὸς
2653 2805 2843 2871 σοφία,
2871 2805 2900 2857 6
2928 2807 3106 2859 πάντα
3134 2807 3204 2858 τά
3229 2806 3322 2859 τοῦ
3356 2807 3564 2878 Πατρὸς
3602 2806 3764 2874 έχων,
3810 2805 3953 2874 πλὴν
3978 2803 4071 2870 τῆς

2497 2897 2856 2964 ἀγεννησίας,
2906 2898 2968 2950 ού
3022 2898 3122 2967 μὶν
3174 2894 3266 2952 οὖν
3324 2899 3448 2951 οὐδὲ
3498 2899 3607 2950 τῶν
3660 2896 3920 2950 τοιούτων
3978 2899 4072 2963 τὴν

2497 2983 2718 3052 ἄγνοιαν
2749 2982 2894 3054 εἶχεν
2916 3003 2930 3018 ο
2960 2987 3096 3039 ἀλλά
3122 2990 3231 3051 τοῖς
3264 2989 3536 3057 μαθηταῖς
3563 2987 3884 3057 ἀσύμφορον
3913 2984 4075 3039 οὖσαν

2499 3075 2922 3146 ὑπερτιθέμενος
2961 3077 3061 3147 τὴν
3093 3079 3295 3145 γνῶσιν
3327 3079 3516 3147 κοινὴν
3552 3082 3616 3132 εκ
3666 3078 4074 3148 φιλανθρωπίας

832 3175 1088 3227 lationem
1137 3179 1192 3224 et
1223 3170 1507 3224 scientiam
1536 3183 1880 3223 communem
1911 3183 2034 3222 cum
2067 3169 2252 3228 Patre,
2281 3180 2401 3235 qua:
2428 3201 2462 3263 ε

2502 3167 2599 3236 τὴν
2644 3167 2865 3232 ἄγνοιαν
2890 3168 3143 3232 ,ἐποιεῖτο
3169 3209 3182 3230 ,
3219 3177 3314 3222 καί
3351 3169 3489 3239 πρὸς
3534 3171 3596 3222 τὸ
3641 3168 3850 3222 ἄλυπον
3896 3170 4075 3228 αὐτοῖς

833 3273 950 3319 erat
977 3262 1376 3326 misericordia,
1427 3260 1788 3330 ignorantiam
1822 3259 1981 3324 fecit,
2013 3268 2068 3312 et
2095 3274 2162 3312 ne
2197 3257 2399 3312 contri-

834 3365 1126 3420 starentur,
1160 3354 1464 3424 apologiam
1513 3368 1619 3406 una
1689 3361 2111 3405 commentatur.
2156 3349 2399 3404 Tertium

834 3449 1141 3502 consideret
1189 3448 1313 3515 quis
1379 3453 1434 3498 et
1465 3445 1626 3510 illud,
1686 3445 1830 3512 quod
1875 3457 2000 3496 cum
2035 3440 2228 3504 Patri,
2279 3451 2401 3496 tan-

835 3555 1001 3608 quam
1045 3552 1226 3592 causa‘.
1275 3535 1445 3590 Filius
1495 3537 1904 3605 praerogativam
1956 3535 2226 3587 ascribat:
2271 3548 2403 3586 con-

835 3633 983 3682 venit
1028 3629 1172 3682 enim
1225 3625 1402 3691 Filio,
1446 3627 1540 3694 qui
1589 3625 1802 3679 Patrem
1854 3639 2014 3678 suum
2059 3624 2267 3692 diligit,
2316 3632 2402 3676 ut-

836 3733 957 3792 pote
1015 3724 1179 3774 totius
1237 3717 1601 3772 ordinationis
1645 3726 1698 3770 et
1753 3725 1963 3769 natura:
2015 3715 2283 3781 Operatori
2349 3725 2402 3768 et

834 3811 1215 3882 dispensatori.
1238 3825 1420 3864 cauam
1443 3808 1863 3878 prmeminentiis
1877 3807 2145 3859 honorare
2163 3805 2400 3868 l'atrcm,

835 3917 900 3957 ac
928 3904 1007 3958 sic
1036 3903 1139 3957 diei
1174 3901 1318 3955 illius
1366 3909 1422 3954 et
1466 3901 1615 3954 hora
1669 3897 2060 3967 cognitionem,
2096 3907 2154 3952 ut
2198 3907 2252 3953 et
2298 3897 2400 3952 alia

837 3991 1029 4053 multa,
1065 3989 1240 4044 eidem
1274 3989 1590 4042 ascribere:
1629 4001 1736 4040 non
1765 4023 1780 4048 ,
1833 3984 1885 4038 id
1929 3983 2072 4037 enim
2106 3983 2258 4038 nefas
2295 3992 2400 4049 est,

837 4082 1075 4149 seipsurn
1110 4079 1199 4132 illa
1230 4078 1459 4133 scientia
1503 4077 1720 4146 privare
1746 4115 1761 4140 ,
1821 4085 1881 4129 ut
1914 4089 2011 4130 nec
2059 4076 2166 4129 alio
2223 4075 2402 4144 aliquo

837 4171 1001 4243 dlgno
1029 4181 1082 4228 et
1112 4172 1430 4226 honorando
1456 4183 1704 4234 munere,
1732 4183 1919 4226 verum
1950 4167 2100 4222 illum
2133 4168 2234 4222 sibi
2265 4184 2404 4238 pra:-

837 4265 1000 4329 lerre,
1032 4263 1108 4317 ita
1144 4277 1305 4316 nemo
1339 4261 1462 4315 Filii
1497 4261 1695 4315 bonam
1742 4259 2155 4329 dispositionem
2217 4259 2272 4313 in
2312 4275 2404 4314 ar-

836 4364 1152 4423 gumentum
1204 4353 1358 4406 malae
1418 4352 1620 4405 trahat.
1656 4350 1750 4404 Sic
1791 4350 1884 4419 qni
1930 4350 2288 4419 ignorantiam
2325 4349 2402 4404 illi

841 4443 1066 4519 κφιιαὶι,
1095 4453 1149 4497 et
1177 4444 1369 4496 littere
1391 4442 1652 4506 adhaeret,
1679 4453 1787 4494 non
1817 4440 2088 4494 tenebitur
2114 4454 2239 4495 reus
2261 4440 2404 4495 blas-

2505 3259 2860 3311 συνδιετίθετο
2889 3257 2987 3327 τὴν
3019 3260 3334 3326 ἀπολογίαν.
3383 3259 3580 3330 Τρίτον
3621 3260 3664 3311 δ’
3711 3260 3778 3312 ἂν
3823 3260 3957 3311 εῖδοι
3998 3277 4075 3320 τις

2504 3350 2720 3401 κάκεῖνο
2753 3349 2829 3412 ὡς
2857 3351 2935 3420 τῷ
2972 3351 3143 3420 ΙΙατρὶ
3189 3351 3365 3412 διδοὺς
3417 3353 3446 3403 6
3478 3350 3634 3412 Υἱὸς,
3688 3351 3762 3412 ὼς
3796 3352 3978 3419 αἰτίῳ,
4013 3355 4075 3400 τα

2504 3442 2784 3508 πρεσὸεῖα.
2837 3441 3043 3511 Πρέπει
3093 3443 3202 3511 γὰρ
3252 3442 3368 3510 Υίῷ
3416 3442 3769 3511 φιλοπάτορι,
3807 3444 3989 3512 πάσης
4019 3460 4073 3492 τε

2505 3531 2715 3599 φύσεως
2761 3534 2853 3585 καὶ
2879 3533 3132 3599 εὐταξίας
3163 3535 3495 3604 Δημιουργῷ
3541 3538 3630 3587 καὶ
3660 3554 3684 3584 ν
3703 3535 3956 3603 ιμοθέτῃ.
3990 3537 4076 3584 καὶ

2503 3625 2612 3684 τοῖς
2651 3625 2750 3691 τῆς
2783 3625 2957 3686 αἰτίας
2992 3624 3305 3694 προνομίοις
3345 3628 3510 3696 τιμᾷν
3555 3627 3644 3677 τὸν
3677 3626 3935 3694 Πατέρα,
3989 3624 4076 3676 καὶ

2502 3713 2600 3784 τὴν
2636 3715 2734 3783 τῆς
2761 3715 2971 3786 ἡμέρας
2993 3715 3207 3785 ἐκείνης
3245 3717 3339 3768 καὶ
3371 3716 3521 3787 ὧρας
3564 3717 3788 3784 γνῶσιν,
3821 3715 3977 3786 ὥπερ
4017 3716 4076 3782 δὴ

2505 3809 2598 3857 καί
2643 3805 2779 3857 ἄλλα
2808 3805 2978 3860 πολλά
3024 3807 3220 3876 δκείνῳ
3264 3807 3688 3878 προσανατίθησι
3712 3822 3725 3834 θ
3755 3810 3854 3874 οὐχ
3886 3809 4075 3859 ἑαυτὸν

2505 3897 2705 3965 (ἄπαγε
2732 3898 2769 3966 l)
2818 3897 3022 3966 ταύτης
3059 3898 3398 3970 ἀποστερῶν,
3451 3898 3532 3952 δτι
3574 3896 3698 3968 μηδ’
3733 3897 3903 3952 ἀλλον
3939 3899 4075 3958 τινος

2501 3987 2612 4040 τῶν
2635 3990 2830 4056 τιμίων
2875 4006 2934 4043 τε
2976 3989 3070 4043 καὶ
3096 3991 3297 4052 καλῶν,
3335 3990 3448 4044 ἀλλ’
3498 3992 3704 4042 ἐκεῖνον
3751 3993 3857 4042 κάν
3905 3991 4076 4057 ταύτῃ

2504 4078 2811 4146 προτιμῶν·
2840 4079 2933 4131 καὶ
2972 4081 3033 4132 οὐ
3059 4078 3230 4150 δήπου
3263 4095 3347 4142 τις
3371 4080 3434 4132 τὸ
3471 4079 3751 4148 εὕγνωμον
3797 4077 3896 4130 τοῦ
3949 4077 4072 4130 fit»)

2505 4167 2760 4221 ὑπόθεσιν
2786 4169 3180 4240 ἀγνωμοσύνης
3211 4170 3551 4237 ποιούμενος.
3579 4165 3711 4223 Εἶτα
3729 4169 3831 4239 τὴν
3853 4171 4074 4236 ἄγνοιαν

2505 4258 2828 4327 περιάπτειν
2859 4259 3030 4330 αὐτῷ,
3059 4260 3154 4313 καὶ
3183 4261 3318 4330 πρὸς
3334 4263 3430 4323 τάς
3459 4261 3554 4328 τῆς
3579 4259 3773 4322 λέξεως
3796 4260 4073 4326 καταφεύ-

2508 4365 2623 4417 γων
2647 4349 2661 4388 ι
2686 4351 2976 4415 συλλασάς,
2999 4352 3098 4418 τῆς
3118 4351 3466 4420 βλασφημίας
3495 4351 3922 4420 ἀπολυθήσεται.
3942 4351 4074 4403 Οὐδὲ

2504 4441 2612 4510 γὰρ
2635 4441 2744 4493 οὐδ’
2775 4443 2809 4511 η
2837 4442 2939 4510 τῆς
2967 4443 3165 4508 λέξεως
3193 4443 3477 4513 ἀκρίϐεια,
3505 4442 3580 4504 ὡς
3611 4441 3840 4508 ὕστερον
3867 4441 4071 4494 ἀπεδειο

837 4535 1067 4605 ρίιειιιίιο
1090 4552 1104 4588 :
1127 4544 1273 4589 certe
1301 4532 1564 4587 dictionis
1591 4538 1850 4586 accurata
1887 4532 2050 4596 ratio,
2072 4539 2130 4584 ut
2145 4530 2400 4600 deinceps
2426 4533 2462 4594 1:

2507 4531 2767 4603 χθήσεται
2789 4570 2805 4595 ,
2833 4533 3060 4603 ἀφορμή
3085 4550 3227 4587 τισιν
3249 4537 3329 4596 εἰς
3353 4535 3412 4586 τὸ
3437 4535 3512 4602 μὴ
3533 4533 3822 4602 βούλεσθαι
3850 4534 3920 4585 τά
3941 4533 4074 4602 ὀρθὰ

838 4626 1068 4690 docebo,
1104 4641 1212 4679 non
1249 4624 1505 4694 przebebit
1527 4621 2048 4676 alicuioccasionem
2064 4621 2245 4676 minus
2260 4630 2403 4676 recte

2507 4626 2724 4693 φρονεῖν
2751 4624 3161 4694 πορισθήσεται.
3204 4625 3263 4678 El
3299 4628 3408 4695 γάρ
3441 4627 3534 4678 καί
3579 4627 4074 4695 συγκεχωρημένον

838 4715 1125 4772 sentiendi.
1155 4714 1304 4770 Licet
1341 4716 1485 4768 enim
1521 4727 1667 4768 nunc
1689 4727 2008 4768 concessum
2041 4713 2134 4774 sit,
2163 4713 2398 4766 litteram

2506 4713 2600 4766 νῦν
2631 4715 2726 4776 τάς
2757 4714 2931 4778 λέξεις
2969 4715 3162 4785 δηλοῦν
3193 4717 3408 4784 ἀγνοεῖν
3437 4716 3526 4769 τὸν
3557 4715 3704 4778 Υίδν,
3737 4717 3891 4785 ὅμως
3921 4715 4074 4768 οὐδὲν

837 4809 1076 4864 indicare
1100 4806 1219 4861 Filii
1247 4805 1634 4876 ignorantiam,
1667 4802 1802 4858 nihil
1823 4813 2002 4858 tamen
2031 4802 2274 4868 absurdl,
2307 4811 2401 4857 aut

2503 4806 2610 4858 τῶν
2643 4807 2858 4860 ἀτόπων
2889 4809 3268 4879 παρεπόμενον
3300 4808 3536 4871 εὐσεϐῶς
3561 4809 3653 4861 τὸν
3699 4807 3825 4859 νοῦν
3857 4806 4070 4876 θεωρή-

837 4897 1023 4968 pietati
1055 4896 1416 4960 contrarium,
1443 4896 1630 4948 animo
1667 4903 1814 4948 recte
1836 4894 2399 4962 conteinplante,eon-

2505 4911 2692 4956 σαντες
2743 4899 3182 4966 παρεστήσαμεν.
3228 4897 3364 4948 Ἀλλ’
3396 4893 3511 4958 οὖν.
3544 4896 3655 4949 οὐδ’
3689 4897 3746 4950 αἱ
3795 4896 3971 4959 λέξεις
4020 4913 4072 4946 τι

838 4989 1129 5043 stituamus
1163 5008 1175 5040 :
1214 4986 1305 5040 sed
1348 5001 1449 5040 nec
1482 4984 1661 5040 littera
1693 4984 1838 5039 favet
1872 4986 1938 5040 iis
1955 4984 2395 5054 qui,utgloriam

2502 4985 2816 5056 χαριοῦνται
2847 4988 2956 5049 τοῖς
3001 4987 3095 5038 ἀπὶ
3129 4986 3445 5056 καθαιρέσει
3489 4987 3588 5055 τῆς
3628 4987 3788 5057 δόξης
3821 4989 3918 5041 τοῦ
3949 4990 4071 5042 Ιο-

839 5079 1162 5132 imminnant
1194 5076 1487 5148 Unigcnili,
1538 5077 1764 5130 adliiant
1825 5076 1982 5128 istam
2019 5075 2397 5144 ignorantiam.

2499 5077 2774 5144 νογενοῦς,
2806 5077 2904 5147 τὴν
2949 5079 3170 5146 ἄγνοιαν
3207 5080 3631 5148 περιχαίνουσιν.
3681 5080 3822 5148 Ἐγὼ
3851 5081 3911 5136 δὲ
3949 5079 4072 5135 οἰδα

839 5171 953 5240 Ego
981 5173 1118 5235 seio,
1143 5170 1340 5240 quippe
1366 5170 1460 5238 qui
1485 5169 1615 5222 olim
1647 5182 1780 5222 sene
1810 5167 2042 5236 quodam
2074 5166 2400 5237 theologiam

2499 5169 2665 5222 παλαι
2681 5166 2808 5220 ποτε
2829 5169 3042 5238 γέροντι
3064 5169 3212 5238 σοφῷ
3234 5173 3300 5222 es
3317 5170 3436 5223 θεία
3455 5171 3830 5240 δνωμιληκὼς,
3855 5171 3914 5234 δς
3943 5175 4065 5226 καί·

838 5263 1084 5331 apprime
1116 5264 1322 5317 sciente
1357 5263 1568 5324 utebar,
1604 5260 1698 5330 qui
1735 5273 1858 5313 cum
1888 5267 2137 5314 externas
2160 5258 2402 5328 discipli-

2496 5275 2578 5311 τοι
2601 5259 2707 5311 τῶν
2731 5270 2771 5299 II
2791 5258 2898 5324 ιξω
2926 5258 3297 5330 θεωρημάτων
3323 5263 3524 5333 πολλὴν
3573 5263 3714 5332 ἔχων
3761 5264 3859 5333 τὴν
3913 5267 4070 5330 6hr-

839 5370 938 5408 nas
977 5355 1262 5419 lastidiret,
1307 5356 1376 5408 de
1428 5354 1680 5422 praesenti
1713 5353 2016 5421 quaestione
2045 5351 2205 5404 talem
2244 5351 2401 5404 insti-

2497 5351 2865 5419 ιυρίιν,ὅμως
2895 5352 3149 5423 τοιαύτην
3195 5357 3315 5406 τινὰ
3367 5357 3495 5426 περὶ
3542 5356 3636 5408 τοῦ
3698 5356 4070 5428 προκειμένου

911 5558 953 5588 ⁸⁸
981 5554 1138 5611 Joan.
1167 5571 1219 5620 ν,
1245 5553 1333 5608 22.

2155 5703 2385 5761 VAlllE
2427 5698 2826 5758 ιεοτιολω.

907 5835 929 5874 ι
976 5835 1066 5889 Ic.
1099 5834 1292 5892 ὅτιπερ
1318 5833 1447 5896 ἔχοι.
1476 5832 1535 5884 (ὲ.
1572 5828 1639 5882 Μ.
1667 5830 1750 5882 ὅτι
1779 5828 2025 5897 παρέχοι.
2111 5825 2124 5863 ι
2162 5823 2224 5880 C.
2261 5823 2328 5878 Μ.
2371 5822 2713 5890 ἀποφεύγων.
2791 5829 2828 5856 ³⁵
2863 5821 2924 5875 C.
2952 5822 3025 5873 Μ.
3063 5822 3154 5872 καὶ
3181 5823 3243 5890 τῇ
3267 5821 3392 5875 τῶν,
