4200 6444
148 462 249 523 613

1120 460 1220 516 ΑΙ)
1246 453 1830 516 AMPHILOCHIUM
1874 454 2214 525 QUIESTIO
2239 456 2432 515 CXIV.

3268 454 3374 517 6⁵14

148 574 398 641 διέγραρε
436 572 696 641 θεωρίαν·
726 570 801 622 Τὸ
852 567 1072 622 ειδέναι
1112 567 1288 619 διττὸν
1311 566 1497 633 ἔλεγεν
1552 561 1710 617 εἶναι·
1742 567 1787 623 Α

1742 567 1787 623 Α
1818 565 2003 620 tuebat
2040 567 2528 621 considerationem
2549 585 2561 620 :
2585 566 2749 629 Scire,
2770 566 2966 634 duplex
2992 580 3110 621 esse
3125 566 3371 621 dicebat:

150 667 204 715 τὸ
239 664 334 732 μὲν
372 665 673 733 ἐπιστήμῃ,
709 663 768 713 τὸ
792 661 848 713 δὲ
868 663 935 729 τῇ
968 659 1155 731 πείρᾳο
1178 657 1321 711 κατά
1346 659 1445 725 μὲν
1471 654 1566 711 οὖν
1593 659 1713 710 ἐπι-

150 757 359 824 στήμην
394 755 594 823 ὁμοίως
636 753 834 804 ειδέναι
858 751 939 821 τῷ
968 752 1142 820 Πατρὶ
1168 750 1261 802 τὸν
1295 750 1426 801 Υῖὸν
1452 747 1552 827 τὴν
1581 748 1713 817 ἡμέ-

150 863 248 913 ραν
272 843 489 912 ἐκείνην
519 845 610 894 καὶ
640 842 811 911 ὥραν-
848 842 992 894 κατά
1022 842 1222 909 πεῖραν
1266 840 1324 892 δέ
1369 839 1553 893 οὐκέτι
1574 854 1587 867 ’
1621 838 1714 889 τὴν

153 937 249 1001 μὲν
274 935 378 1001 γὰρ
406 933 624 1001 Πατέρα
657 936 753 985 καὶ
784 934 864 994 εις
892 935 1091 1002 πεῖραν
1119 930 1313 991 ἐλθεῖν,
1342 930 1437 982 καὶ
1472 929 1714 998 προσλα-

147 1025 259 1075 ϐεῖν
287 1024 385 1092 τὴν
426 1023 681 1092 τοιαύτην
706 1023 928 1089 γνιῖισιν,
956 1024 1122 1092 ὴνικα
1158 1023 1341 1073 πᾶσαν
1364 1018 1613 1072 ἐδεδώκει
1639 1018 1718 1087 τῷ

149 1118 260 1183 Υἱῷ
298 1117 400 1184 τὴν
444 1118 641 1184 κρίσιν·
682 1114 961 1181 ἐκεκρίκει
990 1113 1101 1181 γάρ
1151 1111 1272 1163 τότε.
1303 1112 1334 1161 6
1383 1109 1573 1177 Πατὴρ
1617 1111 1718 1175 τὴν

148 1203 324 1273 κρίσιν
350 1214 377 1240 I
407 1205 625 1255 ἃπασαν
655 1201 960 1270 ἐγχειρίσαι
989 1199 1067 1269 τῷ
1096 1199 1214 1268 Υῖῷ
1236 1239 1253 1263 ,
1300 1200 1396 1251 καὶ
1424 1196 1548 1250 ὅσον
1584 1194 1720 1268 ἧκεν

146 1298 225 1357 εξς
267 1295 480 1363 ψήφους
525 1294 625 1355 τὰς
674 1292 839 1345 αὑτοῦ
886 1292 1178 1360 ἐνεργῆσαι
1218 1291 1318 1359 τὴν
1360 1291 1498 1341 ἰδίαν
1541 1292 1722 1359 κρὲσιν

149 1388 242 1438 καὶ
272 1385 757 1453 συμπεραίνεσθαι.
800 1384 858 1435 Ὀ
881 1383 937 1434 δέ
975 1400 1038 1447 γε
1074 1383 1197 1443 Υἱὸς
1217 1421 1233 1441 .
1276 1382 1438 1450 δῆλον
1464 1381 1538 1443 ὼς
1571 1382 1724 1435 οὔπω

150 1477 423 1543 κέκρικεν,
450 1475 559 1526 οὐδ’
576 1476 655 1536 εις
670 1476 830 1543 ἔργον
844 1474 941 1541 τὴν
966 1474 1188 1542 πρᾶξιν.
1207 1468 1274 1542 ἦς
1292 1475 1454 1526 αὐτὸν
1482 1476 1511 1526 6
1536 1476 1722 1543 Πατὴρ

147 1570 338 1619 ἀνεῖπε
382 1566 605 1635 Κύριον,
641 1567 869 1634 ἤγαγεν.
903 1564 1114 1616 θ”ικοῦν
1174 1566 1204 1615 ὀ
1246 1564 1346 1632 μὶν
1396 1566 1586 1636 Πατὴρ
1630 1568 1725 1619 καὶ

150 1659 316 1728 πείρᾳ
343 1659 439 1726 τὴν
464 1657 614 1726 ὥραν
640 1653 800 1707 οἶδεν·
835 1658 863 1708 6
888 1656 944 1707 δέ
981 1655 1135 1715 Υἱὸς,
1162 1657 1210 1705 εἰ
1236 1656 1327 1705 καὶ
1353 1656 1474 1707 κατ’
1502 1657 1725 1723 ἐπιστήι

152 1768 282 1817 μην,
311 1749 499 1817 ὥσπερ
541 1751 570 1800 6
603 1748 811 1816 Πατὴρ,
854 1746 969 1798 ἀλλ’
1008 1742 1104 1799 οὖν
1144 1744 1297 1797 οὔπω
1329 1747 1387 1797 δέ
1418 1747 1511 1798 καὶ
1540 1746 1723 1816 πείρᾳ·

148 1837 360 1889 εἵσεται
405 1838 461 1890 δὲ
509 1838 725 1889 ἐπειδὰν
762 1837 1007 1905 δηλονότι
1054 1835 1156 1903 τὴν
1201 1835 1380 1902 κρίσιν
1425 1836 1545 1903 οῐσῃ
1576 1875 1591 1890 .
1627 1838 1725 1904 τῆς

149 1926 274 1977 κατ’
306 1928 618 1995 ἐπιστήμην
642 1926 898 1993 εἰδήσεως
923 1926 1002 1984 εἰς
1029 1924 1129 1991 τὴν
1148 1922 1291 1975 κατά
1310 1926 1504 1993 πεῖραν
1526 1923 1727 1989 γνῶσιν

148 2017 543 2086 προελθούσης.

237 2109 400 2161 Ἀλλὰ
434 2106 637 2174 ταύτην
673 2106 772 2168 μέν
798 2105 1066 2174 ἐξεθέμην
1084 2122 1169 2157 σοι
1195 2105 1294 2174 τὴν
1323 2104 1642 2173 ἑρμηνείαν,
1668 2103 1729 2155 οὐ

147 2202 255 2269 τὴν
300 2202 361 2253 ἐν
399 2200 536 2267 αὐτῇ
582 2199 813 2259 θειάζων
862 2199 1142 2267 ἀλήθειαν,
1190 2196 1306 2249 ἀλλ’
1345 2198 1494 2257 ὅπως
1543 2195 1733 2263 ἀνδρὸς

149 2294 395 2359 ἁπλότης
422 2291 678 2358 τοσαύτη,
705 2290 958 2359 ποικίλην
984 2288 1129 2341 οὕτω
1158 2290 1251 2341 καὶ
1274 2288 1734 2356 περινενοημένην

152 2383 411 2435 ὑπελθεῖν
455 2383 770 2451 ἐφρόντισεν
813 2380 1043 2432 ἐννοιαΨ
1088 2382 1171 2433 ὅτι
1213 2380 1272 2432 δέ
1310 2379 1419 2430 οὐδ’
1466 2380 1522 2431 αἱ
1564 2378 1735 2441 λέξεις

151 2474 326 2525 αὐταὶ
359 2473 683 2541 καταφυγῆς
730 2466 841 2523 εῐεν
868 2472 1034 2533 τόπος
1066 2471 1180 2531 τοῖς
1211 2469 1525 2538 δυσφημίαν
1551 2485 1737 2520 ποιου-

154 2566 350 2631 μένοις
383 2566 479 2631 τὴν
505 2566 749 2630 ἄγνοιαν,
778 2565 842 2614 ἐκ
869 2562 1036 2614 τῶνδε
1071 2560 1255 2631 ῥᾴδιον
1281 2561 1491 2627 μαθεῖν.
1539 2560 1597 2612 '0
1640 2561 1738 2629 μὲν

152 2652 260 2708 οὖν
292 2655 435 2723 ἱερὸς
474 2654 751 2714 Ματθαῖος
789 2652 888 2717 τὴν
914 2653 1255 2720 Δεσποτικὴν
1285 2652 1468 2720 φωνὴν
1492 2652 1739 2721 ἀναγρά·

154 2762 299 2813 φων,
329 2763 347 2794 ι
375 2743 561 2805 Οὐδεὶς
582 2739 710 2802 οἶδε,
735 2744 888 2811 φησι,
913 2745 1011 2811 τὴν
1041 2742 1273 2812 ἡμέραν,
1301 2743 1425 2794 οὐδὲ
1443 2742 1544 2812 τὴν
1567 2743 1738 2810 ὥραν,

1811 670 2007 721 unum,
2040 672 2138 726 per
2176 658 2563 727 experientiam
2584 697 2598 719 ,
2642 660 2872 712 alterum
2904 674 2998 726 per
3032 668 3242 723 artem;
3288 676 3376 717 sc-

1814 750 2051 802 cnndum
2084 758 2251 802 artem
2296 759 2389 804 aut
2430 752 2794 819 cegnitionem
2833 751 3066 813 dicebat,
3123 767 3276 819 atque
3314 767 3378 805 ac

1816 838 2029 892 Patrem
2050 837 2243 894 Filium
2274 842 2421 895 illum
2445 844 2585 895 diem
2607 851 2661 895 et
2683 828 2870 895 horam
2887 858 3240 913 cognoscere.
3268 860 3378 896 non

1817 932 2113 986 secundum
2150 933 2572 1000 experientiam;
2613 933 2824 987 Patrem
2869 936 3014 987 enim
3048 938 3381 1004 experientia

1817 1023 2159 1090 cognovisse,
2198 1031 2252 1076 et
2280 1024 2439 1077 talem
2471 1024 2752 1078 scientiam
2802 1026 3166 1093 assumpsisse
3188 1067 3203 1087 ,
3256 1043 3380 1080 eum

1818 1124 1981 1166 omne
2012 1112 2274 1179 judicium
2321 1112 2375 1166 in
2408 1113 2606 1167 Filium
2650 1115 3030 1168 transcriberet
3065 1116 3384 1183 :judieubat

1820 1202 1965 1254 enim
2006 1211 2137 1255 tunc
2160 1202 2316 1256 Pater
2340 1206 2655 1268 convenire,
2718 1215 2775 1259 ut
2810 1206 3078 1274 judicium
3121 1208 3201 1261 sic
3239 1218 3388 1260 tran-

1828 1294 2111 1357 scriberet,
2142 1302 2197 1346 et
2226 1304 2485 1362 quantum
2542 1296 2714 1362 ipsius
2764 1297 3078 1365 sulfragium
3105 1300 3386 1365 attinebat,

1825 1383 2107 1451 proprium
2145 1400 2302 1437 suum
2326 1384 2592 1453 judicium
2615 1400 3045 1442 consummasse.
3078 1390 3145 1439 At
3174 1398 3391 1441 constat

1826 1471 2021 1526 Filium
2053 1483 2179 1526 actu
2214 1476 2761 1541 nondumjudicasse.
2783 1492 2879 1531 nec
2910 1478 2963 1530 in
2992 1477 3241 1532 effectum
3275 1494 3389 1531 rem

1828 1563 1996 1625 illam,
2028 1563 2115 1616 cui
2148 1564 2322 1631 ipsum
2356 1564 2597 1634 przefecit
2629 1567 2802 1631 Pater,
2836 1568 3061 1621 duxisse
3094 1588 3106 1621 :
3133 1570 3390 1635 quocirca

1828 1651 1987 1705 Pater
2011 1654 2339 1721 experientia
2373 1656 2557 1709 horam
2588 1658 2754 1712 novit.
2788 1658 2956 1712 Filius
2987 1661 3111 1712 licet
3143 1669 3202 1713 ut
3234 1659 3394 1713 Pater

1825 1743 2124 1796 secundum
2164 1752 2334 1795 artem
2370 1744 2535 1806 novit,
2572 1747 2809 1799 nondum
2845 1756 3023 1799 tamen
3059 1749 3391 1816 experientia

1833 1830 1998 1883 novit.
2033 1828 2178 1885 Sciet
2208 1840 2389 1884 autem
2419 1840 2554 1893 tum,
2586 1848 2707 1886 cum
2756 1834 3021 1901 judicium
3068 1834 3243 1897 faciet,
3281 1843 3392 1887 tum

1831 1920 2086 1988 cognitio,
2115 1935 2237 1988 quae
2257 1930 2338 1974 est
2368 1936 2462 1989 per
2494 1923 2804 1986 scientiam,
2838 1924 3092 1977 transibit
3122 1927 3173 1977 in
3201 1927 3393 1992 cogni-

1829 2008 2033 2061 tionem
2066 2023 2161 2076 per
2188 2010 2601 2077 experientiam.

1905 2093 2068 2153 Hanc'
2082 2101 2178 2154 tibi
2202 2100 2620 2170 explicationem
2655 2103 2910 2171 proposui
2934 2143 2948 2165 ,
2982 2117 3090 2156 non
3123 2105 3266 2172 quod
3304 2120 3397 2159 ve-

1835 2208 1949 2244 ram
1981 2207 2078 2260 per
2098 2192 2283 2243 omnia
2317 2206 2590 2253 censeam,
2618 2194 2709 2245 sed
2751 2202 2808 2245 ut
2836 2194 3072 2249 hominis
3100 2196 3218 2263 ejus
3249 2206 3398 2251 tanta

1835 2284 2191 2351 simplicitas,
2242 2294 2350 2336 tam
2401 2284 2605 2335 variam
2652 2292 2705 2338 et
2738 2286 3108 2354 multipliciter
3140 2289 3399 2356 agitatam

1837 2374 2219 2443 cogitationem
2269 2389 2599 2442 sensumque
2655 2376 2976 2445 satagebat:
3010 2393 3172 2445 porro
3218 2388 3401 2433 autem

1837 2465 1982 2535 quod
2021 2481 2120 2518 nec
2151 2465 2265 2533 ipsa
2302 2465 2472 2519 dictio
2503 2466 2695 2533 refugii
2744 2467 2919 2520 locum
2971 2468 3259 2533 praebitura
3309 2471 3401 2535 sit,

1838 2561 1931 2627 qui
1962 2574 2028 2611 ex
2084 2559 2386 2626 ignorantia
2442 2559 2855 2624 blasphetnant,
2910 2559 3067 2614 facile
3114 2570 3297 2630 potest
3337 2577 3403 2616 ex

1843 2651 1992 2703 hisce
2051 2648 2231 2701 disci:
2276 2662 2432 2699 sacer
2476 2648 2555 2699 vir
2613 2646 2897 2701 Matthaaus
2943 2646 3155 2702 Domini
3200 2650 3405 2703 dictum

1841 2740 2153 2794 etlisserens
2208 2737 2371 2791 refert
2424 2756 2438 2791 :
2490 2756 2507 2785 ι
2560 2736 2726 2791 Nemo
2775 2739 2925 2791 novit
2969 2739 3188 2802 horam,
3234 2756 3409 2807 neque

152 2835 284 2888 οὐδὲ
313 2836 364 2885 οῖ
394 2834 636 2899 ἄγγελοι,
668 2834 716 2884 εἰ
769 2834 844 2902 μὴ
872 2836 899 2885 6
930 2835 1116 2903 Πατήρ
1147 2851 1248 2902 μου
1290 2834 1470 2901 μόνος.
1494 2852 1512 2883 ι
1543 2834 1740 2885 Σκόπει

1841 2832 2005 2889 diem.
2036 2845 2142 2882 non
2188 2829 2384 2896 angeli,
2432 2827 2534 2880 nisi
2585 2828 2732 2881 Se-lus
2757 2826 2912 2881 Pater
2941 2844 3115 2881 meus.
3143 2830 3185 2859 "
3218 2848 3236 2879 ι
3275 2830 3406 2883 Nota

155 2928 275 2994 γὰρ
301 2926 508 2977 λοιπόν·
540 2925 756 2994 πρῶτον
788 2926 905 2993 μὲν,
933 2927 1082 2984 ὅπως
1139 2922 1335 2988 εἰπὼν,
1385 2922 1512 2976 οὐδ’
1543 2924 1597 2976 οι
1637 2922 1741 2991 ἆτ-

1845 2921 2100 2989 primum,
2147 2920 2292 2987 quod
2323 2918 2413 2972 ubi
2457 2918 2666 2971 dixerat
2703 2936 2715 2971 :
2764 2916 2873 2969 Nec
2898 2919 3092 2987 angeli,
3121 2934 3228 2972 non
3258 2921 3407 2987 adje-

155 3020 331 3081 τελοι
355 3053 371 3073 ,
394 3014 576 3066 οὐκέτι
610 3012 991 3082 προστίθησιν,
1036 3013 1171 3065 Οὑδέ
1200 3014 1230 3064 6
1257 3013 1406 3074 Υῖός.
1447 3011 1607 3065 Οὖτω
1634 3014 1745 3081 γὰρ

1848 3011 1920 3062 cit
1949 3027 1963 3061 :
1996 3010 2107 3064 Nec
2156 3009 2327 3065 Filius
2358 3030 2370 3062 :
2404 3011 2508 3063 hoc
2540 3012 2684 3063 enim
2723 3012 2925 3065 dictum
2958 3011 3097 3065 forte
3130 3014 3271 3066 viam
3306 3015 3409 3067 im-

155 3104 230 3169 ἦν
278 3107 312 3172 ὴ
355 3104 495 3165 λέξις
529 3104 657 3164 ἴσως
700 3103 1048 3171 ἀναχώρησις
1085 3101 1183 3154 τοῦ
1222 3101 1665 3170 δυσσεϐήματος.
1696 3104 1746 3154 εἰ

1850 3101 2030 3167 pietati
2063 3104 2317 3163 muniret,
2342 3102 2388 3155 si
2420 3116 2543 3154 cum
2571 3101 2778 3167 angelis
2815 3101 2903 3155 ubi
2934 3100 3128 3155 Filium
3158 3114 3415 3171 posuerat

154 3197 264 3247 καὶ
296 3195 390 3245 τὸν
422 3195 548 3245 Υιὸν
579 3195 690 3253 τοῖς
720 3193 975 3258 ἀγγέλοις
1011 3192 1266 3260 προσθεὶς
1300 3193 1602 3261 ἐπήγαγεν,
1627 3210 1646 3242 ι
1684 3194 1745 3244 El
1774 3220 1813 3276 ο

1774 3220 1817 3276 C
1852 3194 2166 3247 intulisset:
2202 3210 2222 3242 ι
2263 3193 2373 3246 Nisi
2409 3193 2569 3247 Pater
2625 3208 2777 3247 meus
2810 3193 3000 3257 solus;
3038 3214 3055 3243 ι
3107 3204 3160 3248 ιιι
3188 3211 3291 3248 non
3340 3198 3413 3250 ita

157 3290 241 3352 μὴ
279 3288 307 3335 ὁ
342 3286 532 3352 Πατήρ
591 3301 695 3352 μου
744 3283 925 3352 μόνος.
964 3302 983 3333 ι
1040 3284 1153 3335 Νῦν
1191 3284 1250 3335 δὲ
1286 3287 1383 3352 οὐχ
1424 3282 1567 3335 οὕτω
1611 3286 1744 3353 φησί

1856 3284 2119 3352 loquitur,
2166 3284 2261 3336 sed
2313 3283 2671 3351 ignorantiam
2709 3282 2776 3334 ad
2830 3284 3051 3352 angelos
3098 3300 3275 3353 neque
3324 3287 3413 3340 ubi

154 3375 379 3436 ποθεν;
428 3376 561 3427 ἀλλὰ
613 3375 777 3444 μέχρι
813 3374 925 3426 τῶν
970 3375 1221 3441 ἀγγέλων
1264 3375 1599 3445 παριτεὺιας
1646 3376 1745 3444 τὴν

1852 3375 2171 3434 deduxerat,
2220 3387 2326 3425 non
2366 3373 2538 3426 cidem
2573 3373 2805 3441 subjecit
2842 3372 3080 3437 Filium;
3134 3391 3222 3439 ne,
3268 3378 3412 3444 quod

154 3468 421 3530 ἄγνοιαν,
464 3462 649 3516 οὐκέτι
688 3463 858 3533 ταύτῃ
901 3464 991 3515 τὸν
1031 3464 1158 3516 Υῖδν
1188 3464 1422 3531 ὑπάταν
1449 3465 1525 3526 ὥς
1556 3465 1621 3517 ἂν
1670 3468 1743 3534 μὴ

156 3556 363 3623 χώραν
395 3555 507 3621 ἔχοι
539 3552 657 3605 κατ’
688 3555 885 3615 αὐτοὺς
923 3554 952 3603 6
991 3554 1181 3622 ιιατὴρ
1224 3555 1619 3623 ἐπιφερόμενον
1649 3556 1747 3624 τὴν

155 3649 311 3714 πρὸς
335 3648 429 3697 τὸν
456 3646 575 3698 Υιὸν
594 3644 960 3713 ἀπαγορεύειν
980 3644 1290 3713 διαστολήν.
1345 3645 1503 3697 Ἀλλὰ
1519 3646 1627 3715 γὰρ
1648 3646 1748 3697 κάο

153 3740 371 3795 τωθεν,
398 3737 507 3788 ἀπὸ
533 3737 641 3787 τῶν
668 3736 970 3805 ἀνθρώπων
997 3735 1189 3798 ἀνιὼν,
1221 3736 1460 3797 καὶτοὺς
1486 3736 1750 3802 ἀγγέλους

152 3832 426 3898 φθάσας,
460 3829 643 3880 οὐκέτι
688 3827 904 3895 πρόεισι
944 3829 1277 3897 περαιτέρω·
1320 3830 1500 3879 ἐκεῖσε
1535 3828 1594 3880 δέ
1624 3846 1753 3894 συγ-

154 3921 547 3981 κατακλείσας
579 3919 674 3988 τὴν
704 3919 950 3985 ἄγνοιαν,
988 3919 1088 3986 τὴν
1114 3927 1137 3947 ⁶
1178 3918 1503 3987 ὐπερούσιον
1534 3919 1628 3970 καὶ
1658 3920 1750 3989 δηο

154 4013 445 4081 μιουργὸν
477 4011 662 4062 οὐσίαν
693 4011 910 4082 μακράν
943 4012 1148 4079 ἀπάγει
1176 4012 1378 4082 ταύτης
1410 4014 1506 4065 καὶ
1535 4013 1756 4082 ὑπερτι-

1854 3465 2079 3526 volunt,
2136 3463 2260 3517 inde
2306 3462 2463 3517 Pater
2501 3462 2732 3515 infertur
2777 3479 2897 3517 eum
2948 3463 3084 3516 Filio
3127 3466 3413 3521 diastolem

1857 3557 2188 3625 prohibere;
2226 3556 2508 3609 desursum
2546 3556 2614 3608 ab
2645 3557 2950 3609 hominibus
2984 3572 3330 3625 progressus.
3362 3573 3415 3612 et

1856 3649 1922 3702 ad
1970 3649 2190 3718 angelos
2220 3649 2573 3716 perveniens,
2615 3648 2840 3701 ulterius
2890 3664 2995 3702 non
3052 3654 3411 3720 progreditur.

1859 3741 1956 3793 llic
1993 3740 2104 3807 jam
2138 3738 2463 3792 concludens
2505 3738 2886 3808 ignorantiam,
2918 3742 3415 3808 supersubslantia-

1857 3832 1961 3884 lem
1989 3842 2043 3885 et
2076 3830 2391 3883 creatricem
2425 3829 2782 3883 substantiam
2811 3829 2969 3898 longe
2999 3832 3068 3884 ab
3116 3832 3203 3885 illa
3244 3848 3421 3885 semo-

1862 3932 1968 3974 tam
2000 3921 2585 3987 trauscendentemque
2611 3920 2763 3985 ponit
2789 3936 2802 3972 :
2838 3935 2959 3972 nam
2998 3922 3225 3988 quaestio
3254 3922 3418 3976 disci-

1862 4014 2112 4080 pulorum
2145 4011 2383 4064 humana
2410 4012 2527 4073 fuit,
2552 4011 2708 4078 cujus
2737 4010 3019 4079 responsio
3048 4024 3199 4066 erat:
3224 4012 3421 4065 «Nemo

148 4106 361 4173 θησιν·
396 4102 699 4171 ἀνθρώπων
744 4103 844 4171 μὲν
886 4104 995 4171 γὰρ
1023 4099 1093 4172 ἦν
1120 4106 1154 4171 ἡ
1188 4104 1296 4155 τῶν
1332 4104 1589 4173 μαθητῶν
1616 4105 1755 4173 ἐρώο

148 4210 360 4262 τησις.
394 4188 459 4261 ἦς
488 4193 800 4259 ἀπόκρισις,
829 4210 847 4241 ι
880 4193 1069 4254 Οὐδεὶς
1091 4189 1256 4257 οἶδεν,
1287 4212 1306 4243 ι
1334 4194 1639 4263 ἀνθρώπων
1662 4194 1754 4262 δη-

146 4284 379 4337 λονότι·
411 4281 549 4345 εἶτα,
584 4283 695 4334 οὐδ’
723 4286 771 4335 ol
802 4284 1043 4350 ἄγγελοι·
1074 4284 1281 4353 saepe;
1307 4280 1461 4348 οὗτος
1488 4284 1506 4351 (
1529 4287 1667 4353 μετά
1695 4301 1756 4352 γε

146 4377 219 4426 τὸ
263 4370 620 4439 ἀνθρώπινον
654 4374 686 4440 ἠ
732 4372 839 4423 τῶν
883 4372 1194 4440 ἀσωμάτων
1235 4374 1436 4443 φύσις)
1482 4374 1757 4442 δεύτερος.

1866 4378 2108 4447 quidem,
2149 4378 2293 4445 quod
2322 4377 2547 4438 obtinet,
2575 4391 2668 4443 per
2691 4377 2856 4445 legem
2884 4376 3159 4430 filiationis
3192 4390 3425 4444 paternzc

146 4464 224 4517 Τί
262 4462 375 4514 οὖν
406 4464 433 4512 6
460 4462 609 4526 Υἰό;;
640 4464 687 4513 el
718 4462 816 4530 μὲν
841 4462 1029 4531 ὥσπερ
1064 4462 1130 4531 δὴ
1161 4467 1254 4515 καὶ
1280 4468 1444 4529 νόμος
1484 4463 1634 4520 υἱῶν.
1663 4466 1761 4531 τῆς

1869 4470 2055 4537 gloria:
2082 4480 2133 4521 et
2169 4476 2374 4520 naturre
2425 4467 2596 4519 haeres
2649 4466 2759 4528 sit,
2817 4465 3017 4519 frustra
3063 4468 3423 4531 ignorantiam

147 4553 463 4623 πατρικῆς
495 4552 650 4620 δόξης
689 4554 1024 4622 κληρονόμος
1055 4556 1151 4605 καὶ
1179 4554 1392 4620 φύσεως
1415 4596 1429 4618 ,
1466 4557 1643 4623 μάτην
1671 4573 1760 4608 πε-
1793 4548 1806 4601 1

1793 4548 1836 4601 υ
1868 4560 2039 4612 hianti
2070 4574 2164 4612 ore
2190 4556 2359 4610 infers
2384 4574 2397 4609 :
2418 4557 2501 4609 sin
2533 4572 2638 4608 non
2677 4556 2747 4608 ita
2776 4557 2861 4619 sit,
2896 4557 3109 4609 tertium
3141 4568 3425 4611 creatura-

146 4647 449 4717 ριχαῖνεις
486 4644 582 4712 τὴν
609 4644 832 4710 ἄγνοιαν
852 4660 865 4672 ο
899 4648 946 4696 ει
976 4646 1019 4695 δ’
1049 4645 1147 4696 οὐκ
1175 4645 1242 4697 ἂν
1275 4646 1373 4715 ἔχῃ
1397 4687 1411 4708 ,
1457 4648 1647 4715 τρίτην
1679 4664 1759 4699 σοι

1868 4665 1988 4703 rum
2013 4649 2257 4703 ordinem
2299 4647 2607 4715 adimpleat.
2646 4646 2712 4698 At
2748 4646 2884 4697 unde
2924 4644 3149 4709 factum,
3190 4658 3247 4700 ut
3284 4649 3423 4701 saltu

140 4740 272 4792 τῶν
298 4736 629 4803 κτισμάτων
658 4736 1041 4802 ἀναπληρώσει
1070 4736 1252 4797 τάξιν
1284 4739 1377 4787 καὶ
1406 4738 1524 4797 πῶς
1553 4740 1581 4788 6
1608 4737 1760 4803 λόγος

1868 4751 2019 4793 trans
2070 4740 2220 4791 illum
2277 4738 2417 4790 facto
2447 4779 2462 4801 ,
2508 4752 2687 4791 sermo
2728 4738 2791 4790 ad
2826 4739 3041 4791 Patrem
3085 4740 3431 4804 pervenerit?

142 4831 345 4883 αὐτὸν
378 4827 814 4896 ὑπερσλλόμενος
843 4829 935 4879 ἐπὶ
954 4828 1044 4878 τὸν
1072 4828 1284 4897 πατέρα
1310 4828 1464 4897 διέϐη
1487 4846 1501 4891 ;
1525 4830 1632 4881 ἔδει
1655 4829 1762 4897 γὰρ

1868 4846 2170 4899 congruum
2202 4831 2343 4882 enim
2386 4828 2580 4893 fuerat,
2617 4829 2660 4881 si
2702 4844 2805 4881 non
2846 4840 3105 4896 paternus
3146 4829 3299 4888 ordo,
3334 4830 3425 4883 sed

1863 4103 2034 4162 novit,
2076 4122 2095 4153 ι
2161 4118 2360 4165 nemo,
2420 4102 2724 4159 nimirum.
2788 4102 3099 4165 hominum,
3173 4105 3265 4157 sed
3324 4120 3424 4158 nec

1865 4194 2063 4262 angeli,
2094 4191 2292 4262 gradus
2321 4193 2455 4246 alter
2476 4233 2490 4254 ,
2522 4202 2646 4261 post
2692 4192 2939 4246 homines
2997 4194 3421 4261 incorporalinm

1864 4287 2021 4347 ordo,
2051 4287 2297 4340 subsistit
2324 4284 2377 4337 iu
2413 4285 2687 4338 secundis.
2722 4284 2858 4348 Quid
2902 4293 3082 4337 autem
3121 4283 3423 4338 Filius‘lsi-

143 4918 373 4977 αὑτὸν,
415 4919 463 4967 εἰ
500 4917 573 4984 μὴ
604 4918 638 4984 ἡ
668 4920 761 4967 τοῦ
810 4916 1019 4983 [ἰατρὸς
1043 4956 1057 4977 ,
1092 4917 1228 4969 ἀλλὰ
1255 4918 1413 4987 τρίτη
1441 4920 1596 4981 τάξις
1624 4914 1758 4985 εἶχε,

140 5013 256 5064 τὸν
303 5008 603 5075 Μονογενῆ
630 5048 643 5070 ,
683 5008 946 5077 πρότερον
980 5010 1177 5067 εἰπεῖν,
1229 5028 1249 5058 ι
1298 5010 1418 5060 οὐδὲ
1468 5010 1496 5060 6
1545 5010 1700 5071 Υἱός’
1736 5028 1754 5059 ι

143 5100 265 5155 εἷθ’
309 5099 472 5151 οὓτω
515 5099 612 5167 τὴν
654 5098 854 5164 γνῶσιν
900 5097 1180 5150 ἀναθεῖναι
1225 5099 1303 5166 τῷ
1340 5102 1533 5168 Πατρὶ⁶
1575 5100 1670 5152 νῦν
1707 5102 1765 5153 δέ

142 5192 263 5246 ἀνθ
272 5190 520 5261 ρώπων,
551 5190 701 5257 φησι,
735 5191 825 5241 καὶ
858 5189 1165 5258 ἀσωμάτων
1193 5190 1330 5241 νόων
1361 5190 1606 5254 διελθὼν,
1636 5192 1765 5244 οὐκο

145 5288 245 5336 ἐτι
282 5277 613 5341 διαϐιϐάζει
638 5279 735 5346 τὴν
764 5280 985 5344 ἄγνοιαν
1013 5278 1110 5330 ἐπὶ
1153 5279 1245 5331 τὸν
1279 5279 1425 5341 mw,
1459 5280 1575 5331 ἀλλ’
1606 5281 1765 5343 εὐθὺς

140 5377 221 5443 τῇ
262 5371 535 5438 πατρικῇ
563 5369 744 5435 φύσει,
782 5364 849 5439 ἦς
875 5369 1213 5438 κληρονόμος
1234 5370 1455 5438 γνήσιος
1487 5369 1633 5433 Υἱὸς,
1668 5370 1765 5438 τὴν

1872 4920 2065 4972 tertius
2092 4919 2216 4986 quis
2246 4919 2458 4971 tenebat
2492 4917 2709 4978 Filium,
2745 4919 2893 4969 illum
2932 4927 3056 4970 ante
3084 4916 3297 4969 Patrem
3328 4932 3427 4969 no-

1873 5011 2113 5073 minare;
2165 5009 2279 5073 sic,
2325 5028 2343 5058 ι
2372 5007 2554 5076 Neque
2586 5007 2789 5071 Filius,
2823 5026 2841 5057 ι
2890 5007 2961 5060 ita
3010 5007 3151 5060 Patri
3189 5008 3428 5076 (:Ognitio

1871 5098 2277 5150 attribueretur.
2310 5097 2409 5150 Ast
2438 5098 2489 5149 in
2522 5099 2773 5167 praesenti
2812 5098 3090 5150 hominum
3123 5106 3176 5150 et
3205 5099 3425 5162 angelo-

1874 5203 1994 5241 rum
2034 5187 2256 5241 ordines
2286 5197 2681 5255 transgressus.
2721 5189 3079 5257 ignorantiam
3113 5204 3219 5241 non
3247 5199 3424 5239 trans-

1875 5280 1978 5333 fert
2018 5282 2083 5333 ad
2122 5279 2341 5345 Filium,
2379 5282 2470 5335 sed
2519 5283 2799 5344 continuo,
2844 5298 2966 5335 cum
3012 5281 3180 5335 Filius
3220 5291 3428 5335 natura;

1874 5383 2109 5441 paterna:
2121 5373 2389 5443 genuinus
2413 5374 2581 5428 haeres
2599 5376 2690 5437 sit,
2725 5374 3041 5428 testificatur
3068 5376 3132 5429 de
3155 5389 3222 5427 eo
3239 5374 3423 5441 cogni-

225 5524 279 5555 "'
339 5521 548 5573 Matth.
580 5534 727 5580 xxiv,
758 5519 845 5573 36.

1465 5616 1696 5669 νΑιιιιΕ
1758 5616 2151 5673 LECTIONES.

229 5740 264 5767 ﬂ
303 5728 380 5780 C.
412 5722 487 5777 Μ.
515 5725 542 5774 6
569 5723 747 5792 πατὴρ
775 5722 853 5793 τῷ
880 5725 977 5793 τὴν
1006 5726 1202 5796 κρίσιν.
1315 5726 1368 5779 ι).
1406 5726 1472 5779 Μ.
1506 5730 1603 5797 τὴν
1638 5730 1862 5795 ἄγνοιαν
1894 5734 1984 5786 καὶ
2014 5734 2127 5796 τήν.

489 5841 757 5901 Primis
800 5842 845 5897 (ἱ
861 5860 913 5898 u.
946 5842 1016 5899 (Il

2995 5850 3026 5901 :3

3036 5850 3070 5904 :3
