4200 6444
850 426 953 490 679

851 544 951 596 nisi
1007 539 1164 595 Pater
1217 557 1229 592 :

849 633 1086 701 seipsum
1119 631 1393 698 ignorare,
1421 629 1466 682 si
1503 644 1609 693 non
1643 637 1766 697 post
1793 629 1900 681 alia
1938 630 2200 692 absurda,
2233 629 2424 683 mino-.

849 739 960 777 rem
1001 729 1205 775 statuat
1233 719 1515 774 scientiam
1561 718 1739 772 Patris
1771 735 1785 772 :
1814 717 1944 773 dum
1981 717 2118 774 Filio
2152 720 2413 789 relinqui-

846 825 934 867 tur
976 813 1086 872 illa.
1120 827 1241 880 quas
1278 791 1464 864 ad'sui
1492 810 1668 876 ipsius
1689 811 1962 878 propriam
1995 825 2102 864 non
2129 812 2410 882 pertingit.

843 903 899 958 Si
949 916 1077 971 ergo
1130 901 1185 955 in
1239 901 1344 955 hoc
1386 899 1569 966 eﬂato,
1609 917 1628 952 ι
1664 899 1837 956 Nemo
1864 901 2017 955 novit
2050 899 2270 966 Filium,
2304 903 2410 958 nisi

843 992 1023 1058 Pater,
1057 1011 1074 1044 ι
1112 990 1309 1046 Filium
1363 1006 1394 1044 a
1444 1007 1543 1046 sua
1590 991 1819 1047 scientia
1845 1006 1953 1046 non
1974 992 2300 1058 excludunt;
2338 992 2411 1047 ita

845 1099 943 1138 nec
995 1083 1048 1137 iu
1104 1081 1218 1146 illo,
1254 1101 1272 1134 ε
1314 1082 1486 1137 Nemo
1521 1082 1670 1136 novit
1701 1082 1891 1137 horam
1939 1082 2044 1139 nisi
2073 1083 2256 1148 Pater,
2289 1101 2309 1135 s
2343 1083 2413 1137 ah

841 1173 931 1226 illa
964 1171 1276 1241 cognitione
1296 1172 1582 1226 excludent
1614 1169 1811 1227 Filium
1841 1191 1855 1227 :
1883 1173 1967 1226 sin
2001 1173 2071 1227 ab
2099 1173 2203 1227 hac
2231 1173 2410 1228 elimi-

841 1274 989 1328 nent,
1023 1265 1134 1335 jam
1169 1263 1321 1334 prius
1353 1265 1422 1319 ab
1455 1263 1544 1319 illa
1572 1263 1945 1328 excluserunt,
1977 1274 2256 1335 utcunque
2298 1279 2413 1320 suae

842 1355 1022 1425 impia:
1065 1355 1349 1410 sententia:
1391 1354 1660 1409 lablorum
1706 1355 2007 1410 ministeria
2041 1370 2151 1409 non
2194 1370 2413 1410 accom-

841 1447 1172 1500 modaruut:
1206 1444 1378 1516 ﬁgura
1411 1446 1702 1512 orationis,
1741 1446 1886 1500 unde
1919 1446 2188 1517 imprimis
2217 1461 2411 1502 errore

841 1551 900 1589 se
918 1535 1326 1604 implicuerunt,
1361 1543 1415 1588 et
1433 1550 1586 1605 spem
1613 1535 2027 1605 blasphemandi
2057 1535 2413 1606 arripuerunt

841 1624 1115 1678 simillima
1140 1635 1256 1690 est;
1289 1634 1344 1679 et
1371 1623 1491 1679 Filii
1521 1625 1828 1691 scientiam,
1851 1641 1919 1681 ne
1949 1627 1995 1682 si
2025 1627 2202 1697 magis
2231 1627 2412 1682 adhuc

841 1716 1080 1769 insanire
1124 1715 1310 1781 velint,
1343 1730 1450 1770 non
1483 1716 1894 1780 inﬁciabuntur.
1937 1717 2079 1772 ultra
2132 1717 2410 1786 cognitio-

2003 426 2264 486 ΡΙΙΟΤΙΙ
2303 427 2798 488 ΡΑΤΒΙΑΒΟΗΑΞ
2823 430 2932 489 CP.

1293 558 1308 589 ι
1370 553 1466 590 nec
1534 538 1869 591 contradicrt
1929 538 2165 606 aliquis,
2224 537 2418 591 Filium

2523 539 2722 593 εἰδέναι
2745 540 2837 592 καὶ
2874 539 3246 610 φοϐερώτερον
3273 541 3354 603 είς
3389 541 3544 612 ὓϐριν
3594 541 3687 595 τοῦ
3741 544 3993 613 δευτέρου
4021 546 4072 596 τὸ

3975 436 4069 497 680

2520 631 2781 699 πρότερον
2812 648 2826 694 ;
2857 631 2919 683 Εί
2947 631 2993 683 δ’
3019 633 3196 685 ἐκεῖνο
3226 633 3418 701 μανίας
3449 633 3542 685 καὶ
3571 633 3890 695 δυσσεϐείας
3912 633 4072 685 οὐδενὶ

2515 719 2833 774 καταλείπει
2862 721 3186 791 ὑπερϐολὴν,
3215 722 3268 774 τί
3297 722 3362 776 ἄν
3395 739 3477 782 τις
3520 725 3634 792 ipsi
3665 723 3791 792 mp‘
3855 722 4072 789 τούτους

2515 812 2684 865 Πάλιν
2710 813 2895 882 φησὶν,
2920 831 2939 864 ι
2967 812 3153 877 Οὐδεὶς
3178 810 3285 867 οἶδε
3307 814 3397 866 τὸν
3433 815 3558 867 my
3591 815 3641 868 εί
3665 814 3738 886 μὴ
3757 815 3995 886 όΠατήρ
4015 830 4029 844 ·
4053 832 4070 866 ι

2515 905 2609 955 καὶ
2645 904 2746 956 οὐκ
2786 902 2851 956 ἄν
2878 919 2965 966 τις
3017 903 3207 956 ἑαυτὸν
3255 904 3471 972 ἄγνοεῐν
3513 906 3945 973 καταψηφιεῐται
3994 906 4076 958 τὸν

2515 993 2663 1057 Υίὸν,
2693 995 2742 1046 εί
2777 993 2850 1064 μὴ
2880 994 3021 1064 μετᾶ
3049 995 3146 1064 τῆς
3167 995 3335 1064 ἄλλης
3385 996 3637 1058 ἀτοπίας,
3674 995 3937 1049 έλᾶττονα
3967 995 4074 1064 θείη

2514 1085 2604 1136 καὶ
2627 1085 2725 1151 τὴν
2766 1086 2966 1151 γνῶσιν
3008 1086 3108 1153 τὴν
3141 1086 3271 1154 περὶ
3323 1085 3420 1139 τοῦ
3473 1087 3688 1156 Πατρός
3717 1103 3734 1120 ο
3791 1086 3909 1154 είγε
3949 1085 4080 1154 αὐτη

2516 1174 2614 1242 μὲν
2639 1174 2717 1243 τῷ
2751 1175 2864 1243 Υίῷ
2897 1175 3277 1244 κατείληπται.
3305 1175 3404 1244 τῆς
3432 1175 3488 1228 δι
3516 1176 3650 1238 ίδίας
3673 1175 3829 1229 οὐπω
3844 1176 4078 1243 ἐφίκετο.

2513 1264 2574 1316 El
2633 1265 2814 1316 τοίνυν
2858 1265 2917 1317 έν
2952 1264 3050 1334 τῷ,
3091 1283 3111 1317 ι
3158 1264 3348 1326 Οὐδεὶς
3407 1261 3518 1318 οἶδε
3561 1265 3653 1318 τὸν
3684 1265 3813 1318 Υίδν
3859 1267 3912 1318 ει
3943 1266 4015 1335 μὴ
4057 1266 4083 1318 6

2516 1354 2723 1422 Πατὴρ,
2753 1375 2772 1408 ι
2799 1355 3052 1424 οὐδαμῶς
3072 1357 3172 1425 τῆς
3197 1356 3320 1426 περὶ
3351 1356 3512 1409 αὐτὸν
3542 1355 3799 1425 είδήσεως
3825 1355 4084 1421 ἑξωθοῦσι

2512 1446 2600 1498 τὸν
2624 1446 2752 1500 Υίόν
2792 1463 2810 1478 ο
2831 1447 2939 1500 οὐδ’
2971 1448 3030 1500 έν
3058 1447 3157 1515 τῷ,
3193 1464 3211 1496 t
3245 1446 3437 1509 οὐδεὶς
3466 1441 3578 1499 οἵδε
3606 1445 3704 1517 τὴν
3732 1445 3909 1514 ὥραν,
3942 1448 3992 1498 εί
4014 1447 4084 1516 μὴ

2511 1538 2541 1588 6
2565 1538 2778 1609 Πατὴρ,
2806 1557 2825 1591 s
2854 1539 2954 1608 τῆς
2980 1537 3106 1607 περὶ
3129 1538 3222 1591 τὸν
3253 1537 3444 1606 καιρὸν
3486 1537 3692 1590 istsva
3722 1535 4083 1606 προγνώσεως

2514 1627 2867 1699 ἑξωθήσουσι.
2903 1631 2964 1684 El
3001 1631 3061 1684 όὶ
3101 1629 3306 1698 ταύτης
3352 1629 3656 1694 ἐλαύνουσι,
3690 1629 4085 1699 προαπήλασαν

2513 1719 2793 1790 κάκείνης,
2825 1719 2927 1774 κᾶν
2962 1720 3114 1774 οὔπω
3145 1721 3521 1792 τεθαρῤήκασι
3560 1720 3758 1774 διδόναι
3803 1721 3876 1773 τᾶ
3939 1720 4085 1789 χείλη

839 1819 964 1860 nem
1000 1805 1148 1860 illius
1173 1805 1345 1871 bore,
1381 1806 1450 1861 ad
1484 1806 1590 1865 alia
1621 1808 1796 1878 magis
1826 1807 2031 1872 divina,
2064 1816 2120 1863 et
2147 1807 2407 1864 sublimia

2513 1811 2625 1871 τοῖς
2647 1810 2935 1865 δυσσεόέσι
2965 1812 3247 1882 λογισμοῖς
3272 1811 3725 1884 ὐπηρετήσασθαι
3749 1827 3768 1843 ο
3796 1811 3860 1864 τό
3889 1827 3952 1864 τε
3982 1812 4084 1878 γὰρ

837 1897 1156 1952 extendere.

2507 1898 2696 1971 σχῆμα
2713 1900 2809 1955 τοῦ
2845 1901 3029 1970 λόγου,
3067 1903 3152 1972 ἔφ’
3171 1895 3217 1971 ᾧ
3247 1903 3482 1971 μάλιστα
3503 1903 3602 1973 τὴν
3626 1903 3849 1972 ἀπάτην
3878 1903 4085 1964 ἑαυτοῖς

841 1987 1368 2054 συγκατεσκεύαζον,
1398 1989 1616 2052 καὶτὰς
1659 1988 1756 2043 τοῦ
1794 1989 2146 2062 δυσσεσήσειν
2183 1991 2404 2055 ἐλπίδας
2441 1991 2654 2062 ἀνεῖχον
2707 1997 3027 2066 ὁμοιότατον
3055 2011 3073 2028 ο
3104 1997 3198 2050 καὶ
3218 1996 3321 2066 τὴν
3357 1997 3488 2066 περὶ
3554 1998 3646 2050 τὸν
3682 1997 3814 2050 mw
3861 1998 4082 2064 γνῶσιν,

838 2079 949 2132 οὐδ’
979 2080 1048 2134 ἄν
1071 2081 1231 2135 πλέον
1273 2083 1580 2151 ἔκμανεῖεν,
1611 2083 1721 2136 οὐδ’
1748 2084 1901 2136 αὐτοὶ
1936 2083 2003 2138 ἄν
2029 2084 2325 2156 ἀρνηθείην
2361 2091 2408 2148 ',
2447 2085 2523 2154 μὴ
2552 2088 2748 2157 μακρῷ
2781 2088 2878 2158 τῆς
2912 2088 3038 2158 περὶ
3103 2089 3203 2156 τὴν
3237 2088 3388 2159 ῶραν
3450 2087 3666 2158 εκείνην
3702 2087 4082 2158 προγνώσεως,

840 2171 1120 2242 θειοτέραν
1147 2189 1205 2225 τε
1238 2175 1331 2227 καὶ
1359 2173 1696 2245 ὑψηλοτέραν
1721 2170 1885 2230 εἶναι.

911 2267 1088 2334 Atque
1134 2265 1251 2320 haec
1295 2266 1514 2334 quidem
1563 2267 1665 2322 fuit
1693 2269 1936 2325 Matthtei
1986 2272 2279 2336 sententia,
2318 2270 2413 2325 tali

843 2356 1051 2410 theoria
1091 2357 1455 2414 considerata.
1490 2359 1559 2413 At
1591 2359 1783 2415 beatus
1811 2358 2048 2424 Marcus,
2100 2362 2408 2417 eodemmet

841 2448 1035 2516 spiritu
1083 2449 1414 2517 inspiratus,
1445 2451 1631 2506 eadem
1681 2451 1967 2506 abundans
2022 2452 2216 2521 gratia,
2261 2461 2415 2507 etim-

841 2538 962 2592 clem
998 2540 1401 2610 praedicationis
1443 2556 1754 2598 sermonem
1784 2544 1887 2599 sibi
1918 2545 2290 2601 concreditum
2317 2545 2417 2600 ha-

841 2631 999 2694 bens,
1039 2630 1174 2684 nihil
1212 2632 1371 2700 plane
1402 2647 1714 2703 repugnans
1745 2635 2070 2704 prolocutus
2113 2645 2220 2697 est,
2253 2635 2418 2705 idque

2600 2265 2738 2321 Ἀλλ’
2767 2261 2836 2335 ἦν
2869 2278 2895 2307 ι
2923 2265 3022 2334 μιν
3059 2264 3154 2318 τοῦ
3189 2264 3337 2336 ίερος
3367 2263 3648 2320 Ματθαίου
3678 2266 3857 2335 ῥῆσις,
3885 2267 3948 2319 έν
3974 2268 4086 2320 τού-

2513 2375 2625 2421 τοις
2668 2374 2727 2410 τε
2757 2357 2850 2409 καὶ
2889 2354 3145 2424 τοιαύτην
3171 2355 3370 2423 έχουσα
3398 2355 3500 2424 τὴν
3528 2353 3782 2424 θεωρίαν.
3831 2355 3893 2408 ὐ
3947 2355 4003 2409 δέ
4027 2372 4083 2421 γε

2517 2449 2786 2519 μακάριος
2813 2447 3060 2518 Μάρκος,
3103 2446 3375 2516 πνεύματί
3399 2461 3461 2499 τε
3487 2444 3565 2515 τῷ
3591 2444 3744 2516 αὐτῷ
3777 2445 4082 2516 ιμπνεόμιο

2515 2557 2622 2604 νος,
2656 2540 2750 2596 καὶ⁴
2791 2540 2892 2610 τὴν
2940 2539 3111 2609 αὐτὴν
3161 2536 3409 2591 πλουτῶν
3448 2537 3749 2607 χᾶριν,καὶ
3793 2537 3888 2590 τὸν
3927 2538 4085 2591 αὐτὸν

2516 2630 2609 2684 τοῦ
2638 2630 2997 2702 κηρύγματος
3023 2628 3532 2698 ίμπεπιστευμένος
3575 2627 3755 2696 λόγον,
3779 2627 3945 2699 δῆλον
3992 2630 4081 2698 μὲν

842 2721 959 2774 sine
1020 2732 1274 2777 accurata
1331 2723 1460 2777 dicti
1515 2725 1850 2795 inspectione
1903 2735 2068 2795 patet,
2126 2725 2417 2798 synhiero-

2515 2719 2598 2772 δτι
2642 2721 2739 2773 καὶ
2780 2719 2952 2789 χωρὶς
2993 2717 3094 2785 τῆς
3130 2716 3226 2772 τοῦ
3275 2717 3438 2788 ρητοῦ
3479 2718 3839 2788 διασκέψεως,
3869 2720 3970 2773 οὐκ
4021 2720 4082 2773 ἂν

845 2815 1082 2880 pliantae,
1116 2826 1170 2868 et
1195 2827 1655 2886 symmystagogo,
1684 2833 1858 2887 neque
1887 2817 2100 2873 veritati
2129 2833 2294 2888 quam
2340 2817 2416 2872 illi

2516 2807 2736 2878 οὐτετῷ
2781 2807 3174 2878 συνωροφᾶντη
3213 2809 3309 2862 καὶ
3338 2808 3826 2878 συμμυσταγωγῷ.
3855 2808 3985 2861 οὐτε
4023 2812 4079 2875 τῇ

845 2903 1228 2966 tradiderunt,
1279 2913 1334 2959 et
1385 2906 1758 2976 multipliciter
1803 2908 2102 2962 etiamnum
2182 2905 2419 2962 manife-

2519 2899 2650 2968 παρ’
2704 2898 2884 2953 αὐτῶν
2949 2897 3574 2968 μυσταγωγηθείσῃ,διὰ
3609 2897 3821 2951 πολλῶν
3873 2898 3934 2952 δι
3995 2898 4085 2951 καὶ

845 3000 1019 3046 state.
1073 2991 1180 3046 Sed
1209 2993 1256 3048 si
1303 2991 1464 3048 verba
1493 2995 1613 3064 ejus
1633 2995 1946 3065 exponenda
1981 2995 2417 3065 susceperimus,

2518 2990 2610 3043 νοῦ
2657 2999 2686 3038 γ
2735 2988 3151 3059 ἐπιδεδειγμένῃ
3205 2989 3476 3060 λαμπρῶς
3529 2989 3779 3058 ἀληθείᾳ,
3833 2988 4082 3059 οὐδαμῶς

847 3081 1028 3137 adhuc
1061 3084 1232 3152 magis
1262 3085 1408 3139 illius
1434 3096 1855 3151 ronsensum,et
1885 3102 2009 3140 cum
2036 3089 2263 3142 veritate
2286 3100 2419 3142 con-

2519 3082 2586 3136 ἂν
2623 3081 2908 3152 μαχόμενα
2945 3081 3258 3150 φθέγξαιτο.
3291 3081 3480 3150 Ὅμως
3505 3080 3563 3133 δὲ
3593 3081 3688 3133 καὶ
3715 3081 3749 3150 ἠ
3799 3079 3898 3133 τοῦ
3925 3080 4082 3150 ῥητοῦ

848 3171 1200 3239 spirationem
1252 3173 1617 3243 intelligemus
1653 3193 1666 3229 :
1702 3184 1829 3230 nota
1886 3175 2020 3229 mihi
2049 3190 2179 3246 ergo
2201 3216 2216 3240 ,
2268 3175 2418 3244 quod

2523 3173 2926 3244 μεταχείρησις,
2970 3172 3169 3243 μᾶλλόν
3194 3187 3250 3224 τε
3283 3171 3463 3224 αὐτῶν
3493 3171 3594 3241 τὴν
3622 3171 3972 3240 συμφωνίαν,
3996 3174 4083 3224 καὶ

845 3263 1064 3318 divinus
1121 3263 1222 3319 iste
1264 3265 1366 3329 vir,
1402 3280 1469 3320 ne
1499 3274 1814 3335 praetextum
1858 3266 2080 3333 quidem
2139 3264 2416 3320 hereticls

2520 3263 2582 3316 τδ
2613 3264 2751 3334 πρὸς
2802 3264 2902 3333 τὴν
2945 3261 3206 3332 ἀλήθειαν
3250 3261 3534 3332 ίνάμιλλον
3584 3261 3952 3332 παραστήσει.
3985 3263 4084 3316 Καί

845 3354 1155 3424 relinquere
1196 3356 1403 3418 voluit,
1448 3358 1542 3412 sed
1593 3373 1784 3413 omnes
1855 3357 2072 3412 illorum
2138 3357 2419 3412 machinas

2525 3372 2613 3422 μοι
2649 3354 2847 3427 συνόρα
2874 3353 3077 3419 λοιπὸν,
3108 3353 3184 3417 ὼς
3207 3347 3364 3416 οὗτος
3392 3353 3423 3405 6
3459 3351 3601 3415 θεῖος
3625 3351 3792 3422 ἀνὴρ.
3821 3352 3948 3406 οὐδε
3969 3356 4086 3424 πρίν

847 3439 1095 3500 funditus
1159 3449 1500 3514 concutiens,
1558 3465 1625 3503 ne
1689 3451 1909 3519 quidem
1982 3463 2194 3513 vocem,
2251 3449 2418 3511 solus,

2523 3446 2686 3514 φασίν
2725 3462 2848 3499 τινα
2887 3444 3064 3499 λιπεῐν
3117 3446 3231 3508 τοῖς
3279 3443 3612 3512 αίρετίζουσι
3664 3444 4082 3514 προνοούμενος,

846 3549 955 3603 quo
1001 3534 1125 3589 licet
1175 3533 1487 3591 irustraneo
1544 3537 1835 3592 utebantur
1867 3536 2073 3608 rel‘ugio
2120 3537 2415 3606 impietatis

2519 3535 2695 3589 πάντα
2723 3536 2780 3590 δὲ
2824 3535 3128 3590 κατασείων
3150 3536 3214 3588 lx
3253 3535 3468 3605 βᾶθρων
3500 3534 3688 3588 αὐτῶν
3719 3533 3789 3587 τὰ
3838 3537 4085 3606 μηχανή-

847 3640 981 3686 suae,
1041 3639 1154 3679 sua:
1230 3627 1516 3696 scriptioni
1571 3628 1830 3683 insertam
1890 3630 2155 3684 adhibuit.
2211 3628 2410 3684 Vocem

2523 3646 2687 3698 ματα,
2717 3630 2836 3684 οὐδὶ
2879 3630 2941 3683 τδ
2983 3631 3183 3698 μόνος,
3214 3631 3350 3698 ὅπερ
3378 3629 3444 3684 ἄν
3479 3625 3548 3699 ἦν
3594 3629 3828 3694 έκείνοις
3855 3632 4084 3684 ἐνταῦθα

846 3730 974 3785 ergo
1007 3726 1316 3786 amputans,
1343 3729 1398 3773 et
1429 3735 1536 3773 una
1573 3721 1824 3776 esimens
1851 3720 2144 3790 impietatis
2169 3721 2416 3776 occasio-

2519 3719 2930 3789 προσκείμενον,
2965 3721 3014 3773 εί
3041 3720 3134 3773 καὶ
3163 3719 3363 3788 μάτην.
3397 3721 3686 3792 καταφυγὴ
3717 3720 3765 3774 δ’
3806 3722 3966 3790 ὅμως
3995 3722 4081 3774 τοῦ

850 3823 994 3867 netu.
1036 3822 1067 3860 a
1095 3808 1350 3863 deorsum
1381 3817 1437 3862 et
1466 3811 1600 3880 ipse,
1637 3809 2094 3880 quemadmodum
2133 3811 2416 3881 synhiero-

850 3897 1047 3964 pbanta
1077 3900 1324 3952 ascendit
1352 3915 1525 3969 usque
1547 3900 1611 3954 ad
1641 3902 1881 3970 angelos,
1901 3911 1955 3954 et
1976 3900 2115 3969 apud
2141 3916 2236 3956 eos
2265 3901 2416 3970 igno-

851 3988 1080 4041 rantiam
1115 3989 1533 4052 circumscribit,
1554 4004 1675 4045 cum
1706 4006 1812 4059 qua
1837 3990 2099 4045 orationis
2120 3991 2408 4060 periodum

854 4076 990 4139 ﬁnit,
1021 4077 1089 4130 ab
1119 4077 1225 4132 alio
1257 4078 1511 4149 deinceps
1538 4080 1804 4149 principio
1835 4095 2083 4144 exorsus,
2106 4096 2211 4134 non
2237 4081 2412 4136 solum

855 4167 1054 4221 nullam
1093 4166 1383 4235 Unigenito
1413 4169 1772 4238 ignorantiam
1815 4169 2065 4234 ascribit,
2094 4170 2188 4225 sed
2219 4187 2249 4224 e
2287 4187 2417 4226 con.

849 4270 929 4312 tra
949 4258 1103 4327 plane
1126 4257 1302 4313 Patris
1321 4260 1681 4330 cognitionem
1713 4261 1907 4316 habere
1926 4261 2074 4316 illum
2097 4261 2412 4330 proﬁtetur;

850 4364 956 4401 non
1010 4348 1154 4402 illam
1201 4350 1396 4411 modo,
1429 4353 1523 4405 sed
1562 4351 1708 4406 illius
1752 4350 1971 4417 modum
2019 4359 2074 4405 et
2101 4365 2412 4405 mensuram

846 4437 1105 4501 declarat,
1136 4437 1296 4506 cujus
1334 4446 1395 4492 ut
1428 4447 1483 4492 et
1516 4440 1824 4494 divinarum
1857 4439 2298 4509 naturaliumqne
2330 4440 2415 4494 di-

851 4528 1118 4594 gnitatum
1141 4526 1344 4584 fontem
1369 4544 1489 4585 esse
1511 4527 1723 4585 Patrem
1755 4530 1890 4584 Filio
1917 4530 2215 4602 theologice
2234 4533 2412 4586 docet.

843 4617 983 4684 Quid
1032 4629 1215 4672 autem
1274 4619 1425 4684 dicit,
1467 4639 1486 4672 ι
1520 4633 1694 4690 neque
1714 4619 1884 4676 Filius
1913 4622 2094 4683 sciret,
2121 4621 2224 4676 nisi
2255 4619 2414 4675 Pater

845 4707 1141 4764 revelaret?
1183 4727 1203 4761 s
1268 4710 1372 4765 hoc
1418 4719 1525 4777 est,
1577 4713 1646 4766 ab
1679 4725 1745 4766 eo
1791 4711 1940 4767 fonte
1984 4709 2104 4765 ﬂuit
2154 4711 2410 4781 cognitio,

2517 3809 2946 3880 δυσσεσήματος,
2978 3810 3271 3863 οὐδὲτοῦτο
3302 3813 3367 3880 τῇ
3408 3812 3584 3882 οἰκείᾳ
3618 3814 3802 3882 γραφῇ
3851 3828 4085 3882 προσηρ-

2521 3901 2722 3968 μόσατο
2753 3916 2769 3932 ο
2832 3899 3098 3970 ⁴ιιπεριελὼν
3147 3900 3206 3952 δι
3257 3901 3356 3970 τὴν
3421 3901 3565 3965 λέξιν
3622 3902 3714 3954 καὶ
3785 3903 4091 3968 συνεξελὼν

2516 3988 2695 4050 αὐτοῖς
2730 3997 2750 4024 ³
2772 3988 2869 4057 τῆς
2895 3987 3158 4058 πονηρίας
3179 3986 3275 4059 τὴν
3302 3989 3597 4059 πρόφασιν,
3642 3989 3818 4043 ἄνεισι
3845 3989 3952 4058 μιν
3999 3993 4086 4044 καὶ

2517 4079 2699 4145 αὐτὸς,
2734 4078 2923 4150 ὥσπερ
2952 4079 2981 4131 6
3019 4080 3467 4150 συνιεροφάντης,
3498 4081 3563 4133 tu
3626 4080 3737 4134 τῶν
3788 4083 4086 4152 κατωτέρω

2519 4169 2681 4238 μέχρι
2711 4170 2767 4223 δὲ
2791 4168 2901 4223 τῶν
2938 4169 3186 4238 ἄγγέλων
3220 4169 3454 4236 φθάσας.
3489 4171 3584 4224 καὶ
3627 4171 3686 4224 σε
3718 4173 4082 4243 περιγράςει,

2514 4259 2612 4330 τὴν
2678 4261 2899 4328 ἄγνοιαν
2945 4259 3357 4330 συναπαρτίζων
3389 4260 3551 4331 αὐτῇ,
3581 4261 3674 4315 καὶ
3704 4261 3807 4330 τὴν
3848 4261 3951 4316 τοῦ
4003 4262 4083 4313 λό-

2515 4368 2611 4417 γου
2643 4351 2888 4422 περίοδον
2918 4366 2932 4382 ⁸
2957 4351 3051 4404 ἄπ’
3089 4350 3256 4420 ἄλλης
3297 4351 3341 4403 δ’
3391 4352 3566 4422 ἀρχῆς
3599 4351 3788 4405 λοιπὸν
3834 4353 4082 4422 ἀπαρχό-

2519 4456 2697 4507 μενος,
2723 4440 2785 4492 οὐ
2844 4439 3003 4508 μόνον
3055 4440 3313 4510 οὐδεμίαν
3351 4439 3574 4508 ἄγνοιαν
3633 4442 3967 4511 επιφημίζει
4012 4440 4087 4510 τῷ

2515 4531 2809 4600 Μονογενεῐ
2826 4571 2841 4593 ,
2866 4531 3002 4586 ἀλλὰ
3029 4531 3125 4585 καὶ
3151 4532 3260 4585 πᾶν
3300 4531 3610 4585 τούναντίον
3637 4531 3904 4601 καθαρῶς
3938 4531 4086 4601 αὐτῷ

2512 4621 2610 4692 τὴν
2655 4621 2914 4692 πατρῴαν
2946 4620 3145 4689 γνῶσιν
3190 4621 3623 4692 επιμαρτύρετσι
3653 4636 3669 4653 ⁸
3721 4621 3816 4675 καὶ
3862 4622 3932 4675 οὐ
3989 4623 4085 4691 τὴν

2513 4711 2713 4778 γνῶσιν
2757 4713 2938 4781 μόνον,
2967 4710 3103 4764 ἀλλὰ
3155 4711 3252 4765 καὶ
3305 4711 3397 4763 τὸν
3443 4711 3646 4781 τρόπον
3701 4711 4085 4764 συναναπτύσ-

847 4800 991 4853 nnde
1044 4807 1100 4853 et
1146 4800 1516 4870 generationis
1569 4814 1769 4866 causa;
1809 4813 1939 4854 nam
1983 4814 2092 4854 non
2127 4808 2213 4855 est
2241 4798 2412 4854 Filius

2516 4821 2598 4856 σει
2646 4804 2746 4872 τῆς
2773 4803 3051 4872 γνώσεως,
3075 4801 3176 4872 τὴν
3217 4800 3325 4856 τῶν
3369 4800 3544 4855 ἄλλων
3581 4800 3828 4870 φυσικῶν
3887 4818 3950 4854 τε
3995 4802 4085 4854 καὶ

839 4892 958 4944 sine
982 4887 1269 4958 principio,
1295 4897 1352 4943 et
1379 4903 1567 4954 causa,
1597 4897 1656 4943 ut
1677 4897 1762 4944 est
1787 4887 1978 4954 Pater;
1999 4889 2092 4944 sed
2123 4888 2178 4944 in
2205 4888 2410 4957 princi-

2513 4893 2830 4964 θεοπρεπῶν
2861 4893 3185 4962 ἀξιωμάτων
3227 4891 3412 4963 πηγὴν
3467 4892 3560 4944 τὸν
3589 4893 3836 4961 Πατέρα,
3893 4893 4083 4945 τοῦτον

841 4981 987 5046 pium
1006 4979 1237 5034 rel‘ertur
1255 4988 1308 5034 et
1329 4995 1547 5035 causam
1562 4974 1942 5052 congenerem,
1958 4994 2172 5048 nempe.
2195 4979 2419 5036 Patrem.

2511 4986 2683 5037 αἴτιον
2727 4980 2865 5038 εῐναι
2892 4984 2973 5056 τῷ
3025 4982 3143 5054 Υίῷ
3180 4983 3274 5037 καὶ
3321 4983 3421 5052 τῆς
3471 4981 3724 5051 γνώσεως
3781 4982 4078 5050 θεολογῶν.

845 5094 862 5124 ε
892 5073 1002 5129 Nec
1053 5071 1223 5128 Filius
1270 5073 1455 5138 sciret,
1508 5073 1615 5127 nisi
1666 5073 1816 5142 prius
1847 5071 2136 5126 revelasset
2155 5069 2352 5125 Pater:
2384 5089 2403 5122 s

2511 5072 2715 5142 Τίγὰρ,
2733 5071 2918 5141 φησὶν,
2955 5089 2974 5123 ε
2997 5071 3132 5125 Οὐδὲ
3157 5073 3185 5124 6
3208 5068 3333 5130 Υἱὸς
3351 5069 3417 5124 ἄν
3441 5069 3620 5141 genu
3642 5070 3716 5139 μὴ
3736 5071 3768 5122 6
3796 5069 3998 5140 Πατήρ
4019 5085 4032 5133 ;
4058 5086 4077 5119 ι

837 5165 964 5232 quid
1015 5164 1120 5218 isto
1164 5163 1473 5220 testimonio
1518 5163 1816 5229 illustrius,
1872 5171 1962 5216 aut
2015 5161 2247 5216 validius
2282 5160 2410 5216 esti

2508 5165 2801 5225 τουτέστιν,
2858 5161 3067 5216 ίκεῐθεν
3126 5161 3433 5232 πηγᾶξεται
3483 5159 3563 5231 τῷ
3616 5161 3728 5230 Υίῷ
3780 5163 3814 5231 η
3853 5163 4074 5228 γνῶσις.

835 5255 994 5310 Novit
1022 5255 1201 5317 Pater,
1254 5264 1309 5310 et
1333 5252 1498 5310 Filius
1528 5254 1712 5322 novit;
1748 5254 1793 5308 si
1825 5253 1954 5309 latet
1995 5250 2191 5306 Filium
2242 5252 2403 5322 quid-

2507 5254 2627 5307 ὅθεν
2691 5253 2842 5324 αὐτῷ
2885 5253 3108 5321 καὶτῆς
3148 5256 3454 5322 γεννήσεως
3498 5253 3532 5321 ἡ
3570 5252 3739 5305 αίτία.
3776 5251 3920 5304 υύδᾶ
3975 5254 4074 5318 γὰρ

834 5360 998 5414 quam
1041 5344 1094 5399 id
1120 5359 1150 5398 a
1182 5342 1342 5398 Patre
1368 5343 1532 5399 habet
1558 5361 1571 5398 :
1617 5345 1709 5397 sed
1741 5341 1917 5398 Patris
1945 5342 2234 5397 scientiam
2267 5339 2401 5394 nihil

2509 5345 2744 5414 ἄναρχος
2774 5345 2866 5397 καὶ
2897 5341 3154 5406 ἀναίτιος,
3172 5342 3399 5413 ὥσπερό
3420 5341 3630 5412 Πατὴρ.
3649 5339 3769 5396 ἀλλ’
3794 5342 3880 5402 είς
3905 5343 4070 5409 ἀρχὴν

837 5435 972 5504 fugit
1000 5453 1016 5490 :
1056 5435 1335 5503 quocirca,
1367 5449 1468 5490 nec
1503 5432 1620 5488 Filii
1647 5431 1952 5489 communis
1983 5442 2196 5496 natura,
2217 5429 2400 5484 Deitas

2507 5435 2835 5504 ἀναφέρεται
2894 5433 2987 5488 καὶ
3034 5431 3280 5504 συμφυδς
3331 5432 3504 5487 αῐτιον
3549 5431 3642 5486 τδν
3677 5431 4065 5502 γεγεννηκότα·

2099 5631 2334 5688 VAllle
2375 5631 2780 5689 LECTIONES.

895 5777 920 5802 '
950 5766 1006 5818 (Σ.
1049 5765 1116 5818 31.
1144 5766 1441 5835 ἀρνηθεῖεν.
1526 5776 1548 5803 ι
1576 5763 1632 5818 ε.
1666 5761 1732 5816 Μ.
1784 5764 1837 5830 ἡ.
1915 5771 1941 5810 γ
1972 5761 2034 5816 C.
2067 5761 2136 5815 Μ.
2173 5763 2286 5816 νῦν.
2371 5773 2391 5799 ³
2422 5765 2480 5821 C.
2519 5763 2590 5819 Μ.
2622 5765 2814 5834 αὐτῆς.
