4200 6444
194 400 289 465 681

1167 411 1265 469 AD
1294 409 1880 470 AMPHILOCIIIUM
1913 408 2255 482 QUIESTIO
2288 416 2487 476 CXIV.

3319 417 3429 478 682

195 537 213 567 ι
247 518 374 571 Οὐδὲ
400 521 428 570 6
457 519 580 583 Υίὸς
606 522 673 575 ἂν
708 522 845 592 ᾔδει,
881 524 955 594 μὴ
996 524 1025 577 6
1056 524 1269 594 [ἰατὴρ.⁴
1298 544 1316 575 ι
1344 524 1409 577 Τί
1430 524 1631 594 ταύτης
1654 525 1751 594 τῆς

1855 529 2183 589 communis,
2214 532 2519 587 communis
2552 530 2881 594 substantia,
2921 529 3117 585 harum
3164 546 3425 586 commu-

196 610 498 677 μαρτυρίας
559 611 937 682 λαμπρότερόν
986 629 1045 665 τε
1127 614 1219 665 καὶ
1276 614 1743 684 ὲμδριθὲστερον;

190 704 230 748 υ
256 700 341 748 ὀεν
398 701 425 749 6
468 700 673 767 Πατὴρ,
731 699 837 754 οἶδε
881 703 973 754 καὶ
1009 703 1039 754 6
1067 702 1195 764 Υἱός
1221 717 1238 733 ⁸
1272 705 1320 754 εί
1343 703 1533 770 λέληθὲ
1566 721 1618 755 τι
1657 705 1747 754 τὸν

192 790 335 850 Υἱδν,
396 793 459 843 ὲκ
490 790 581 843 τοῦ
622 793 832 860 Πατρδς
867 793 1017 847 ἕλκει
1045 793 1141 863 τὴν
1172 794 1350 847 αἰτίαν
1384 813 1398 827 ·
1442 796 1555 847 ἀλλ’
1598 795 1749 847 οὐδὲν

189 883 289 945 τὴν
335 882 429 933 τοῦ
470 883 673 951 Πατρδς
708 884 989 952 διαφεύγει
1046 886 1248 950 γνῶσιν
1282 903 1297 920 ο
1346 887 1455 940 οὐδ’
1504 888 1611 955 ἄρα
1655 886 1749 939 τοῦ

192 970 321 1022 Υἱοῦ
356 973 533 1024 κοινὸν
596 975 630 1042 ἠ
692 975 854 1040 φύσις
882 992 895 1006 ο
935 976 1113 1028 κοινὸν
1160 977 1194 1045 ἠ
1232 977 1461 1045 θεότης·
1494 978 1671 1031 κοινὸν
1717 980 1751 1046 ἡ

188 1062 345 1112 οὐσία
372 1076 387 1090 ·
416 1060 622 1113 τούτων
650 1062 705 1114 δὲ
728 1064 761 1132 ἡ
791 1066 1065 1126 κοινωνία.
1096 1064 1192 1117 καὶ
1216 1066 1284 1118 τὰ
1312 1065 1446 1119 ἄλλα
1475 1066 1751 1135 Θεοπρεπῆ

190 1151 474 1218 ἀξιώματα
522 1154 675 1203 κοινὰ
693 1156 929 1206 ποιεῖται
951 1156 1046 1207 καὶ
1073 1153 1371 1223 ἀδιαίρετα.
1429 1138 1586 1217 ι’(ιῦς
1614 1155 1755 1207 θέλει

190 1241 441 1302 ζωοποιεῖ
484 1243 513 1293 6
569 1242 785 1311 Πατήρο
862 1244 957 1295 καὶ
1007 1242 1103 1306 οὓς
1156 1244 1299 1296 θέλει
1348 1244 1509 1297 πάλιν
1548 1248 1577 1298 6
1630 1245 1755 1308 Υἱὸς

1851 617 1941 669 nio
1967 627 2017 671 et
2046 619 2151 673 alia
2183 619 2292 672 Deo
2320 636 2557 689 congrua
2585 622 2857 676 axiomata
2885 620 3119 675 indivisa
3142 622 3340 684 reddit,
3368 635 3424 677 et

1850 707 2182 761 communia.
2253 726 2271 757 ο
2314 708 2463 774 Quos
2497 711 2613 764 vult
2662 710 2821 766 Pater
2866 711 3121 774 vivificat,
3157 721 3212 766 et
3244 710 3419 767 Filius

1851 793 2089 847 viviﬁcat
2124 810 2263 864 quos
2304 798 2431 850 item
2462 798 2657 852 vult“.
2690 798 2867 853 Nemo
2898 800 3046 853 venit
3074 801 3139 853 ad
3174 800 3388 854 Patrem
3413 846 3427 865 ,

1852 883 1954 936 nisi
2002 900 2097 953 per
2157 884 2374 951 Filium,
2406 897 2460 942 et
2496 889 2559 942 ad
2597 888 2789 943 Filium
2838 906 3020 953 nemo,
3057 893 3159 946 nisi
3196 908 3295 961 per
3326 892 3425 946 Pa-

1856 982 2015 1026 trem.
2047 976 2339 1044 (Zognoscit
2364 976 2521 1031 Pater
2546 978 2741 1031 Filium
2780 997 2798 1029 ι
2836 980 2929 1033 sed
2956 988 3010 1035 et
3043 984 3117 1034 ita
3163 1000 3183 1032 ε
3219 997 3426 1050 cogno-

1855 1059 1959 1112 scit
2016 1059 2185 1117 Filius
2234 1062 2533 1118 Patrem".
2576 1083 2593 1115 ι
2636 1064 2830 1118 Omnia
2865 1081 2988 1134 quae
3040 1067 3204 1122 habet
3242 1068 3425 1130 Pater,

1858 1156 2052 1213 praeter
2080 1151 2401 1221 ingenitum,
2436 1154 2598 1208 habet
2634 1153 2821 1217 Filius,
2849 1166 2903 1210 et
2923 1160 3103 1211 omnia
3126 1173 3247 1227 qua:
3271 1159 3432 1214 habet

1863 1235 2027 1292 Filius
2052 1251 2245 1309 praeter
2272 1243 2532 1309 genitum,
2574 1244 2737 1299 habet
2759 1246 2917 1298 Pater
2956 1264 2969 1300 :
3011 1266 3031 1298 ε
3062 1245 3180 1302 Tua
3202 1250 3371 1311 enim,
3408 1268 3425 1299 ι

193 1324 471 1393 ζωοποιεῖ.
502 1332 693 1393 Οὐδεὶς
738 1334 956 1403 ἔρχεται
1002 1336 1137 1405 πρὸς
1166 1335 1256 1388 τὸν
1301 1334 1537 1405 ’Πατέρα
1589 1336 1638 1388 εί
1685 1335 1759 1405 μὴ

1863 1328 2059 1398 inquit,
2124 1348 2142 1380 ι
2176 1345 2294 1385 mea
2325 1340 2472 1393 sunt,
2498 1342 2553 1387 et
2584 1348 2699 1387 mea
2743 1344 2871 1389 sunt
2910 1345 3023 1391 tua.
3055 1355 3076 1389 ι
3110 1335 3318 1393 Horum
3355 1341 3431 1391 uti

188 1422 278 1475 διὰ
299 1422 392 1474 τοῦ
425 1422 553 1475 Υίοῦ
576 1438 588 1452 ·
644 1424 738 1476 καὶ
768 1425 945 1488 οὐδεὶς
970 1424 1189 1495 ἔρχεται
1220 1426 1355 1494 πρὸς
1394 1426 1488 1479 τὸν
1529 1427 1677 1487 Υίὸν,
1711 1428 1760 1478 εί

1862 1428 1978 1471 erat
2013 1418 2253 1476 initiatus
2284 1421 2419 1489 ipse.
2455 1422 2527 1477 ita
2562 1438 2663 1478 nos
2708 1424 2942 1478 initiavit
2966 1425 3193 1481 scientia
3240 1428 3433 1483 beatus

192 1514 268 1580 μὴ
315 1512 401 1564 διὰ
441 1512 535 1567 τοῦ
576 1515 806 1583 Πατρός.
854 1516 1114 1569 Γινώσκει
1152 1518 1182 1569 6
1212 1516 1401 1587 Πατὴρ
1428 1516 1520 1569 τὸν
1544 1517 1700 1569 Υἱόν·
1736 1535 1756 1569 ι

1865 1509 2095 1575 Marcus,
2152 1511 2475 1583 theologiam
2527 1522 2802 1576 accurate,
2845 1525 2900 1569 et
2945 1516 3268 1573 circumcise
3300 1519 3432 1572 defi-

188 1602 325 1655 άλλὰ
351 1602 532 1666 καθὼς
562 1604 815 1672 γινώσκει
840 1608 1021 1669 αὐτὸν,
1047 1606 1190 1661 οὕτω
1217 1608 1311 1660 ιιαλ⁵
1346 1626 1364 1660 ι
1398 1610 1427 1662 6
1451 1608 1575 1671 Υίδς
1602 1610 1761 1674 γινώ-

1865 1600 2037 1665 uicus,
2087 1602 2233 1657 clare
2278 1604 2498 1667 clamat,
2556 1605 2700 1674 quod
2732 1623 2750 1657 ι
2786 1605 2897 1661 Nec
2928 1607 3098 1663 Filius
3121 1610 3294 1673 novit,
3326 1611 3435 1663 nisi

192 1709 313 1745 σκει
344 1693 435 1745 τὸν
468 1695 705 1764 Πατέρα.
751 1716 770 1748 ι
800 1697 941 1749 Ὀσα
993 1696 1105 1765 εχει
1153 1698 1181 1750 6
1236 1697 1612 1768 Πατὴρ,π).ὴν
1668 1698 1762 1766 τῆς

1866 1689 2042 1753 Pater,
2066 1711 2085 1744 ι
2113 1693 2257 1762 quod
2293 1696 2603 1764 copulatum
2636 1705 2754 1751 erat
2779 1698 2993 1765 extulit,
3025 1701 3291 1756 orationis
3317 1717 3430 1756 me-

191 1784 538 1851 ἁγεννησίας,
569 1786 745 1841 πάντα
775 1788 887 1858 εχει
930 1790 959 1841 6
997 1789 1121 1850 Υίός
1150 1804 1163 1817 ·
1197 1788 1333 1841 ἀλλὰ
1355 1792 1445 1841 καὶ
1474 1790 1571 1843 ὅσα
1599 1790 1710 1859 εχει
1737 1792 1764 1843 6

1869 1781 2115 1851 talepsiu,
2154 1791 2339 1853 utpote
2369 1786 2584 1841 cunctis
2619 1786 2842 1850 claram,
2872 1803 2974 1842 nec
3007 1789 3060 1843 in
3095 1791 3262 1845 dubio
3287 1792 3431 1861 posi-

196 1875 339 1935 Γὶδς,
383 1847 532 1943 πλὴν.
564 1876 663 1944 τῆς
699 1847 1026 1946 γεννήσεως,
1086 1847 1266 1930 πάντα
1305 1878 1416 1947 ἔχει
1473 1880 1501 1929 6
1546 1847 1759 1947 Πατήρ.

1868 1882 1976 1926 tam
2025 1874 2232 1931 omisit.
2282 1875 2401 1930 Non
2447 1886 2533 1932 est
2569 1878 2736 1939 enim,
2767 1894 2867 1933 nec
2896 1879 3002 1934 erit
3026 1881 3112 1935 ille
3142 1847 3435 1953 impietatis

195 1983 210 2011 ι
261 1964 342 2014 Τὰ
373 1965 479 2031 γὰρ
517 1966 643 2034 ἐμὰ,
680 1967 831 2034 φησὶ,
869 1967 936 2019 σά
968 1968 1103 2028 ἐστι,
1134 1969 1319 2021 καὶτὰ
1341 1968 1428 2029 σὰ,
1458 1968 1600 2037 εμὰ·
1634 1987 1652 2019 ι
1689 1962 1763 2021 ὦν

188 2054 244 2105 δὲ
276 2058 848 2126 μιμυσταγωγημένος
872 2057 967 2109 καὶ
984 2058 1359 2126 μυσταγωγῶν
1395 2061 1543 2128 ἡμᾶς
1568 2061 1597 2112 6
1620 2060 1762 2122 θεῖος

190 2147 420 2214 Μάρκος
460 2148 557 2215 τὴν
590 2146 899 2214 θεολογίαν,
930 2147 1010 2211 είς
1051 2166 1109 2201 τε
1148 2149 1207 2202 τὸ
1231 2150 1456 2219 ἀκριϐὲς
1506 2151 1622 2221 ἅμα
1667 2152 1761 2205 καὶ

189 2236 458 2304 σύντομον
485 2238 871 2307 ἀφοριζόμενος
901 2240 999 2308 τὴν
1017 2240 1385 2304 διδασκαλίαν,
1418 2242 1495 2303 ὡς
1526 2260 1545 2294 t
1574 2242 1709 2296 Οὐδὲ
1733 2246 1761 2296 6

191 2326 323 2387 Υἱὸς
371 2326 437 2379 ἂν
489 2326 622 2395 ᾔδει,
650 2327 969 2397 διαπρύσιον
1002 2329 1118 2400 βοᾷ,
1138 2332 1186 2382 εί
1223 2330 1297 2401 μὴ
1319 2334 1348 2384 6
1378 2332 1585 2402 Πατὴρ,
1615 2350 1635 2383 ι
1670 2334 1761 2386 καὶ

186 2417 250 2466 τδ
282 2419 644 2485 συνημμένον,
679 2419 846 2471 εἰπὼν
869 2419 963 2472 τοῦ
992 2420 1173 2487 λόγου,
1213 2422 1289 2483 ὼς
1333 2422 1559 2475 αὐτόθεν
1590 2423 1760 2477 ἅπασι

185 2504 360 2575 δήλην
386 2501 572 2573 οὖσαν,
599 2508 691 2561 καὶ⁴
732 2510 855 2578 μηδ’
891 2511 1361 2581 ἁμφιδοξουμένην
1390 2514 1498 2564 τινὶ
1532 2514 1629 2582 τὴν
1662 2531 1760 2583 με·

187 2594 428 2662 τάληψιν
456 2597 702 2665 παρῆκεν
734 2614 748 2628 ·
778 2599 839 2651 οὐ
884 2598 991 2670 γὰρ
1021 2600 1188 2664 εστιν,
1218 2603 1320 2655 οὐκ
1349 2601 1514 2666 ἔστιν,
1549 2602 1657 2656 οὐδ’
1698 2605 1758 2657 οὐ

191 2684 275 2752 μὴ
301 2684 547 2753 γένηται,
577 2688 685 2739 οὐδ’
718 2689 783 2741 ἂν
811 2691 974 2751 αὐτὸς
1003 2691 1032 2742 6
1071 2692 1169 2759 τῆς
1198 2692 1395 2755 κακίας
1425 2694 1760 2764 ἁρχιτέκτων

190 2775 383 2835 πάλιν,
414 2776 493 2837 είς
518 2777 687 2839 ἀκοάς
715 2795 877 2831 τινων
910 2778 1092 2841 αὐτοῖς
1122 2779 1396 2849 ὲρεύξοιτο
1423 2782 1681 2851 χείλεσιν,
1703 2784 1761 2845 ὃς

188 2866 318 2933 οὒχὶ
350 2864 430 2933 τῷ
455 2865 627 2935 Πατρὶ
653 2867 753 2936 τὴν
801 2868 1001 2935 γνῶσιν
1028 2869 1243 2937 ἐκείνης
1273 2870 1371 2939 τῆς
1405 2871 1615 2941 ἡμέρας
1668 2874 1762 2924 καὶ

188 2953 349 3021 ὧρας
392 2955 792 3024 προσαναοήσει
820 2959 924 2998 I-b'
977 2958 1133 3010 τοῦτο
1161 2959 1216 3010 δὲ
1236 2959 1409 3020 διδοὺς
1436 2962 1533 3011 καὶ
1582 2970 1603 2998 ο
1633 2959 1759 3012 δυσ-

190 3046 487 3113 χεραίνων,
506 3046 566 3098 οὐ
591 3047 747 3116 λήξη⁶
772 3052 1116 3117 συγχωρήσει
1135 3051 1349 3112 πάντως
1366 3052 1458 3104 καὶ
1478 3053 1646 3116 ἄκων,
1663 3054 1761 3119 τὴν

1863 1963 2091 2029 artifex,
2124 1979 2228 2019 nec
2279 1965 2441 2021 labiis
2498 1967 2771 2022 eructabit
2814 1969 2949 2034 tale,
2982 1964 3075 2040 qui
3129 1987 3232 2025 nec
3294 1972 3433 2026 Pani

1863 2054 2147 2110 scientiam
2162 2056 2270 2111 diei
2298 2056 2442 2112 illius
2464 2065 2517 2112 et
2534 2050 2683 2113 bona
2712 2060 2989 2124 attribuit;
3019 2062 3121 2115 hoc
3150 2075 3431 2123 CORCPSS",

1862 2161 1985 2200 cum
2008 2144 2326 2201 difﬁcultate
2346 2156 2400 2201 et
2422 2148 2622 2203 invitus
2638 2148 2784 2215 licet,
2810 2150 3070 2205 concedet
3092 2158 3272 2204 tamen
3296 2150 3433 2206 Filio

1861 2251 1979 2290 eam
2012 2237 2405 2304 cognitionem:
2441 2253 2587 2305 nam,
2617 2258 2637 2289 ι
2666 2239 2853 2309 Neque
2876 2239 3044 2296 Filius
3070 2241 3174 2297 nisi
3206 2241 3382 2305 Pater,
3412 2261 3428 2291 ι

1862 2340 1985 2378 cum
2015 2324 2072 2378 in
2111 2324 2529 2394 circumscripta
2573 2327 2779 2382 ratione
2804 2326 2965 2382 Pater
3002 2329 3161 2393 sciat,
3194 2329 3247 2381 in
3277 2344 3396 2383 eam
3419 2361 3433 2368 -

1860 2416 1981 2468 dem
2006 2416 2335 2486 cognitionis
2387 2431 2698 2472 mensuram
2729 2427 2785 2471 et
2816 2417 3011 2472 Filium
3042 2418 3283 2473 ascribet
3315 2438 3326 2471 :
3360 2424 3435 2473 ita

1863 2517 1971 2555 non
1997 2513 2081 2557 est
2105 2504 2417 2569 dicendum,
2439 2507 2580 2573 quod
2606 2506 3006 2561 accuratiorem
3032 2515 3085 2560 et
3111 2507 3433 2561 diviniorem

1863 2590 2081 2643 modum
2159 2593 2363 2661 tangit,
2428 2592 2710 2647 scientiam
2762 2595 2816 2648 in
2873 2592 3032 2649 Patre
3090 2609 3433 2649 communem

1862 2682 2114 2749 prmdirat
2144 2698 2266 2736 cum
2304 2683 2473 2750 Filio;
2508 2694 2563 2738 tu
2612 2693 2815 2745 autem,
2851 2685 2993 2752 quod
3032 2694 3218 2747 restat,
3260 2689 3429 2738 sancti

1866 2771 1956 2825 Dei
1991 2773 2225 2841 Spiritus
2256 2775 2551 2843 sapientem
2588 2787 2639 2829 et
2676 2776 3024 2846 multiplicem
3066 2775 3437 2845 dispensatio-

1870 2878 1989 2916 nem
2049 2863 2268 2917 reeolito
2295 2882 2307 2916 :
2336 2880 2455 2932 quae
2507 2866 2559 2918 in
2593 2874 2824 2934 utroque
2870 2866 3201 2936 evangelista
3235 2881 3434 2935 opera-

1862 2955 2050 3017 batur;
2100 2970 2195 3023 per
2251 2970 2412 3008 unam
2455 2967 2508 3010 et
2552 2958 2776 3010 alteram
2817 2957 3031 3011 dicendi
3089 2958 3343 3020 formam,
3384 2959 3435 3011 in

1863 3060 2024 3098 unam
2078 3054 2132 3099 et
2182 3047 2425 3099 eamdem
2462 3047 2676 3116 pietatis
2723 3048 3101 3116 cogitationem
3132 3048 3435 3111 deducens;

191 3134 380 3201 αὐτὴν
428 3137 624 3188 ἐνεῖναι
673 3137 978 3208 γνῶσιντῷ
1010 3138 1121 3207 Υίῷ
1156 3156 1169 3169 ·
1229 3141 1291 3192 τὸ
1336 3141 1465 3211 γὰρ,
1502 3158 1521 3191 ι
1572 3142 1693 3195 οὐδὲ
1736 3145 1763 3193 6

1866 3145 2090 3190 sanctus
2120 3136 2409 3191 Mattliaius
2442 3152 2628 3191 vocem
2668 3138 2811 3191 εοίιιε
2858 3138 3175 3202 adnectens,
3213 3152 3320 3192 non
3357 3138 3439 3191 in-

192 3224 355 3286 Υίὸς,
389 3226 437 3277 εί
481 3226 555 3295 μὴ
610 3228 639 3279 6
684 3228 891 3298 Πατὴρ,
959 3247 979 3279 ι
1022 3230 1445 3300 ἀπαραγράπτῳ
1493 3230 1634 3299 λόγῳ
1669 3234 1764 3284 τοῦ

1870 3226 2105 3288 terserit,
2143 3245 2161 3277 ι
2199 3225 2384 3295 Neque
2432 3226 2619 3291 Filius,
2654 3247 2672 3278 ι
2706 3243 2771 3282 ne
2813 3228 3061 3282 videatur
3109 3243 3234 3281 cum
3269 3228 3440 3281 haere-

193 3317 418 3385 Πατρδς
450 3318 647 3380 είδότος
681 3320 759 3381 είς
790 3321 887 3389 τὴν
924 3320 1093 3390 αὐτὴν
1157 3323 1375 3389 συνάγει
1434 3323 1635 3390 γνῶσιν
1677 3325 1766 3377 τὸν

1870 3318 1991 3372 ticis
2025 3334 2054 3369 a
2088 3326 2305 3384 paterna
2341 3318 2508 3387 gloria
2538 3318 2731 3372 Filium
2764 3333 3038 3387 separare,
3071 3320 3202 3371 etin
3238 3319 3440 3372 cohor-

194 3408 355 3461 Υίόν.
394 3408 555 3459 Ὥστε
588 3408 698 3459 οὐδ’
731 3407 758 3447 ιι
795 3408 943 3461 ἐστιν
969 3410 1164 3473 εἰπεῖν,
1190 3411 1312 3462 ὅσον
1336 3413 1411 3473 εις
1448 3411 1511 3463 τὸ
1542 3412 1766 3479 ἀκριόέ-

1870 3418 1974 3461 tem
2002 3412 2342 3479 compingere
2365 3410 2678 3479 angelorum
2704 3426 2717 3461 :
2745 3407 2955 3463 Marcus
2982 3393 3243 3475 adjiciens
3261 3407 3394 3462 illud
3423 3426 3437 3461 :

193 3497 402 3550 στατόν
424 3514 483 3549 τε
527 3499 620 3550 xal
650 3498 1112 3568 θεοπρεπέστατον
1138 3499 1235 3568 τὴν
1269 3502 1327 3552 ιν
1358 3502 1533 3570 Πατρὶ
1568 3501 1769 3568 γνῶσιν

1878 3518 1894 3549 ι
1929 3496 2112 3567 Neque
2135 3497 2322 3560 Filius,
2357 3516 2375 3549 ι
2404 3507 2459 3553 et
2488 3499 2811 3568 principium
2844 3500 3067 3554 alterius
3095 3499 3298 3567 periodi
3330 3511 3443 3552 sta-

196 3588 396 3656 κοινὴν
428 3589 790 3658 ἀνακηρύττει
829 3592 922 3641 καὶ
952 3590 1044 3642 τοῦ
1082 3589 1235 3644 Υἱοῦ.
1267 3591 1338 3642 Σὺ
1368 3590 1426 3642 δέ
1455 3608 1544 3659 μοι
1587 3590 1769 3642 λοιπὸν

1872 3599 2049 3653 tuens,
2079 3589 2221 3643 tollit
2253 3589 2417 3654 salua,
2447 3604 2515 3642 ne
2542 3590 2586 3643 si
2620 3590 2937 3653 accesserit,
2976 3590 3044 3643 ab
3079 3589 3261 3658 impiis
3304 3590 3443 3642 arri-

192 3680 306 3745 τὴν
329 3679 425 3729 τοῦ
453 3681 719 3746 παναγίου
754 3680 845 3733 καὶ
880 3681 1024 3734 θείου
1056 3681 1368 3749 Πνεύματος
1408 3683 1577 3749 σοφὴν
1623 3682 1771 3734 οίκο-

194 3768 407 3835 νομίαν
433 3770 527 3820 καὶ⁵
557 3770 837 3839 πολυμερῆ
864 3771 1269 3835 συνεπιλογίζου
1295 3790 1308 3801 ο
1340 3774 1487 3834 ὅπως
1516 3773 1770 3840 ἐνεργοῦν

192 3862 260 3911 ὲν
298 3861 548 3928 ἑκατέρῳ
570 3860 677 3912 τῶν
700 3862 1117 3928 εὐαγγελιστῶν,
1136 3862 1204 3914 δι’
1233 3864 1423 3933 ἑτέρας
1456 3865 1549 3915 καὶ
1579 3865 1771 3933 ἐτέρας

191 3952 371 4016 λόγου
402 3952 789 4019 συμφράσεως,
830 3954 910 4014 είς
934 3952 1034 4021 τὴν
1061 3954 1230 4023 αὐτὴν
1255 3955 1451 4016 αὐτοὺς
1496 3954 1595 4022 τῆς
1618 3956 1772 4006 εὐσε-

190 4040 365 4101 ﬁala;
391 4040 593 4093 ἔννοιαν
638 4042 879 4106 συνάγει.
919 4041 977 4093 '0
1013 4042 1112 4109 μὲν
1143 4043 1252 4110 γὰρ
1298 4043 1436 4109 ἱερὸς
1478 4043 1772 4107 Ματθαίος,

189 4132 287 4191 τὸ,
318 4132 533 4196 μόνος,
564 4134 673 4192 τοῖς
692 4132 869 4199 λόγοις
914 4133 1219 4194 συνάπτων,
1260 4133 1509 4203 οὐδαμῶς
1532 4133 1774 4203 ἐντίθησι

188 4224 291 4286 τὸ,
329 4239 348 4271 ε
386 4222 519 4274 Οὐδὲ
551 4224 578 4273 6
600 4217 777 4284 Υίὸςη
814 4221 897 4275 ἶνα
924 4222 996 4293 μὴ
1026 4223 1152 4295 δόξῃ
1165 4225 1254 4276 τὸν
1282 4226 1406 4278 Υίὸν
1434 4229 1545 4288 τοῖς
1574 4228 1777 4298 αίρετί-

187 4316 397 4378 ζουσιν
427 4314 523 4382 τῆς
548 4316 647 4379 μὲν
677 4316 950 4383 πατρικῆς
974 4316 1132 4385 δόξης
1178 4318 1425 4387 διαιρεῖν,
1466 4319 1545 4380 είς
1581 4318 1636 4370 δὲ
1680 4317 1777 4388 τὴν

184 4406 317 4457 τῶν
346 4405 593 4470 ἀγγέλων
619 4406 771 4470 τάξιν
796 4407 1154 4459 συνελαύνειν.
1191 4408 1251 4461 Ὀ
1280 4408 1338 4460 δὲ
1366 4408 1507 4469 θεῖος
1530 4408 1776 4479 Μάρκος,

1875 3689 2089 3747 peretur
2117 3697 2131 3732 :
2162 3688 2216 3732 et
2254 3694 2357 3732 non
2406 3678 2731 3747 principium
2774 3677 2999 3733 alterius
3033 3678 3240 3745 periodi
3274 3687 3442 3741 esset,

1880 3788 1896 3819 ε
1936 3767 2120 3837 Neque
2143 3767 2361 3830 Filius,»
2389 3767 2483 3821 sed
2511 3767 2864 3837 praecedentis
2886 3768 3129 3823 clausula
3154 3782 3219 3821 ac
3256 3769 3443 3821 termi-

1876 3876 1979 3915 nus
2004 3859 2213 3925 inanis;
2249 3858 2322 3912 ibi
2352 3857 2497 3912 enim
2531 3858 2753 3913 scientia
2788 3866 3010 3928 paterna
3036 3857 3172 3911 Filio
3196 3871 3439 3911 commuo

1876 3953 2088 4006 nieatur
2146 3959 2555 4016 consummate,
2582 3966 2676 4020 per
2712 3952 3106 4020 improbitatem
3140 3950 3443 4019 ignorantia

1876 4043 2198 4111 suscipitur,
2237 4052 2291 4097 et
2320 4040 2520 4111 gradus
2551 4040 2861 4109 assignatur
2893 4041 3211 4111 angelorum
3261 4054 3446 4095 scer

1876 4148 2127 4201 rumque,
2162 4132 2264 4187 hoc
2324 4140 2593 4185 conantur
2640 4131 2733 4199 qui
2779 4130 2887 4186 Deo
2929 4132 3130 4186 bellum
3178 4131 3445 4191 indicunt.

1877 4221 2105 4276 Domino
2155 4229 2211 4275 et
2248 4218 2494 4276 Creatori
2536 4220 2811 4291 effingere.
2838 4218 3084 4283 Quorum
3118 4220 3447 4288 impietatem

1878 4320 2167 4381 amputans
2216 4312 2567 4382 evangelista,
2618 4319 2935 4379 pra-textum
2987 4310 3057 4363 ab
3105 4308 3244 4371 illis,
3283 4308 3449 4367 solus,

1878 4402 2194 4474 prmscindit
2238 4412 2291 4457 et
2340 4402 2608 4471 prmtollit.
2646 4401 2837 4469 ‘Atque
2891 4401 2964 4453 ita
3014 4413 3111 4468 per
3157 4409 3452 4463 utrumque

187 4492 525 4562 προστάξας
553 4494 633 4557 τὸ,
663 4514 680 4545 ι
705 4495 882 4548 Οὐδὲό
906 4495 1080 4559 Υἱὸς-,ι
1107 4495 1201 4549 καὶ
1228 4496 1400 4565 ἀρχὴν
1419 4495 1575 4548 τοῦτο
1600 4475 1772 4548 δευτέ-

1855 4492 2161 4558 'divinum,
2204 4504 2259 4547 et
2303 4508 2521 4547 sacrum
2582 4490 2936 4560 Scriptorem,
2965 4504 3091 4543 cum
3129 4501 3225 4540 ora
3265 4487 3451 4539 videas

190 4602 314 4655 ρας
346 4585 600 4653 περιόδου
640 4586 1025 4655 ποιησάμενος,
1050 4587 1364 4653 ἀφαιρεῖται
1387 4586 1446 4638 τὸ
1467 4588 1675 4654 μόνος.
1695 4587 1772 4639 ἵνα

1887 4585 2308 4641 lieretisantium
2333 4586 2608 4647 obturata,
2638 4591 2691 4635 et
2720 4595 2846 4636 cum
2876 4579 3216 4634 abundanter
3248 4574 3454 4630 habens

192 4676 280 4743 μὴ
351 4673 510 4726 τοῦτο
552 4674 715 4727 πάλιν
771 4675 1003 4728 ἐνταῦθα
1037 4677 1451 4745 προσκείμενον,
1511 4669 1772 4745 ἆρπαγμσ

1883 4677 2168 4733 dubiorum
2215 4690 2247 4729 a
2278 4685 2328 4730 te
2358 4675 2762 4744 propositorum
2797 4669 3122 4735 solutiones,
3158 4668 3453 4736 impietatis

187 4766 322 4823 τοῖς
350 4761 639 4814 δυσσεϐέσι
664 4763 887 4833 γενηται
913 4780 930 4797 ’
960 4764 1055 4816 καὶ
1078 4764 1176 4817 οὐκ
1191 4765 1333 4834 ἀρχὴ
1363 4764 1563 4832 μᾶλλον
1589 4765 1772 4832 ἑτέρας

1884 4765 2325 4821 communionem
2370 4763 2715 4819 constantius
2755 4760 3004 4825 evitabis,
3038 4768 3093 4814 et
3143 4759 3363 4827 pictatis
3405 4768 3457 4809 te

188 4850 495 4922 περιόδου,
526 4852 689 4905 «Οὐδὲ
708 4854 738 4905 6
756 4852 881 4910 Υἱὸς
894 4871 913 4903 ι
942 4854 1196 4922 νομισθῇ,
1215 4855 1313 4922 τῆς
1330 4853 1772 4922 προτεταγμένης

1888 4857 2059 4922 magis
2092 4854 2357 4910 fervidum
2401 4865 2730 4916 amatorem,
2790 4861 2846 4905 et
2904 4850 3246 4905 defensorem
3319 4861 3456 4916 prae-

185 4947 251 4996 δὲ
290 4940 481 5010 πέρας
509 4945 603 4995 καὶ
628 4944 1070 5015 συναπαρτισμὸς
1099 4942 1491 5013 ρᾳδιουργηθῇ.
1541 4944 1651 4995 Καὶ
1673 4942 1780 5013 γὰρ
1887 4943 2076 5019 stabis.

190 5040 451 5100 ἐκείνως
477 5048 501 5077 ⁸
533 5038 631 5108 μὲν
666 5040 699 5108 ἡ
728 5039 966 5108 πατρικὴ
996 5038 1203 5105 γνῶσις
1255 5038 1334 5108 τῷ
1398 5038 1512 5107 Υίῷ
1568 5038 1722 5108 κοινὴ
1785 5037 2076 5090 καθίστατο
2123 5038 2219 5090 καὶ
2280 5035 2607 5105 αὐτοτελής·
2647 5034 2735 5087 διὰ
2787 5034 2845 5085 δὲ
2893 5033 2992 5102 τῆς
3034 5030 3395 5099 κακουργίας,
3423 5030 3457 5095 ἡ

190 5137 417 5203 ἄγνοια
470 5132 703 5201 δέχεται,
757 5134 852 5185 καὶ
890 5135 919 5185 6
974 5131 1082 5184 τῶν
1132 5132 1379 5198 ἀγγέλων
1434 5134 1529 5185 καὶ
1568 5130 1769 5184 δούλων
1821 5130 2048 5200 βαθμὸς,
2073 5131 2210 5200 ὅπερ
2230 5132 2347 5182 ἐστὶ
2382 5126 2919 5197 τῶνθεομαχούντων
2970 5122 3312 5189 σπούδασμα,
3365 5122 3457 5173 τὸν

191 5229 504 5298 Δεσπότην
522 5230 613 5280 καὶ
633 5220 1502 5299 Δημιουργόν.Ὄντὸκακοῠργον
1520 5229 1793 5298 ἐκτέμνων
1830 5230 1858 5279 6
1888 5226 2297 5297 εὐαγγελιστὴς,
2359 5226 2457 5295 τὴν
2498 5223 2591 5277 τοῦ
2634 5223 2822 5292 μόνος
2858 5218 3131 5290 πρόφασιν
3165 5213 3457 5286 προδιακό-

192 5345 349 5381 πτει
388 5327 484 5378 καὶ
516 5326 855 5395 προανωρεῖ.
908 5323 1096 5386 Οὕτως
1122 5317 1216 5376 οὖν
1262 5322 1330 5377 δι’
1362 5324 1622 5395 ἑκατέρου
1676 5323 1783 5375 τῶν
1821 5321 2117 5375 Θεσπεσίων
2141 5322 2237 5374 καὶ
2264 5320 2554 5391 ίερολόγων
2581 5317 2811 5386 ἀνδρῶν,
2873 5313 2946 5367 τὰ
3004 5310 3114 5365 τῶν
3156 5306 3458 5379 αἱρετιζόν-

190 5441 322 5478 των
378 5421 519 5491 ὁρῶν
572 5420 990 5489 δμφραττὸμενα
1022 5418 1285 5489 στόματα,
1325 5421 1416 5471 καὶ
1468 5420 1567 5482 τὰς
1616 5418 1798 5479 λύσεις
1834 5410 1908 5468 ὧν
1968 5417 2213 5485 ἠπόρεις,
2248 5416 2315 5469 δι’
2386 5416 2563 5468 αὐτῶν
2610 5414 2835 5467 ἐκείνων
2876 5406 3472 5481 καταπλουτιζόμενοςι

299 5547 353 5575 ⁸“’
387 5541 546 5597 Joau.
572 5558 628 5603 ν,
660 5543 749 5594 ει.
827 5541 872 5571 ⁸⁵
901 5538 1055 5594 Joau.
1096 5555 1206 5600 xw,
1241 5539 1295 5591 6.

1463 5675 1542 5728 γλ
1557 5674 1693 5729 ιιωζ
1755 5673 2154 5727 LECTIONES.

289 5778 397 5818 ἀοι·
426 5774 484 5827 C.
520 5772 587 5826 Μ.
626 5772 1101 5843 προσανατεοῂσπ.
1203 5772 1296 5826 'C.
1330 5772 1394 5823 Μ.
1438 5772 1555 5823 xiv.
1634 5767 1732 5823 (³0.
1763 5769 1828 5821 ιι.
1860 5771 2075 5835 συνάγει
2105 5769 2232 5821 οὐδ’.
2314 5781 2333 5807 ο
2366 5768 2428 5822 C.
2459 5766 2525 5820 Μ.
2574 5776 2716 5822 recte
2748 5767 2970 5829 ἐκεῖνος,
