4200 6444
209 399 315 462 685

1197 410 1289 470 AD
1323 408 1910 471 AMPHILOCIIIUM
1942 411 2286 482 QUIESTIO
2336 414 2500 475 CXV.

3331 419 3438 483 686

210 512 371 579 γονῆς
385 508 432 561 δ’
454 510 562 578 ἄρα
599 506 709 565 εῐεν
737 505 882 566 οὗτοι
913 511 1006 566 τοῦ
1038 515 1206 583 Ζαρὰ,
1230 515 1288 578 ὃς
1337 517 1401 568 έκ
1429 517 1528 587 τῆς
1557 518 1760 588 Θάμαρ
1793 525 1841 581 Α
1866 547 1869 567 ι

1793 525 1841 581 Α
1866 535 1976 589 quo
2020 535 2116 577 eos
2158 522 2427 579 naturalis
2459 521 2741 580 inclinatio
2769 524 3020 591 ducebat,
3072 526 3207 582 adeo
3233 538 3291 582 ut
3314 531 3440 597 qui-

208 598 423 665 ἐγένετο
471 602 496 640 ε
544 601 620 670 τῷ
682 601 884 674 Ἰούδᾳ·
938 604 1067 673 ένῆν
1128 604 1185 657 δὲ
1248 606 1433 668 αὑτοῖς
1489 609 1625 677 μετά
1676 609 1775 678 τῆς

210 691 570 759 προφητείας,
602 694 694 745 καὶ
725 694 825 764 τῆς
853 694 1021 765 ἄλλης
1043 696 1255 764 σοφίας,
1287 700 1380 749 καὶ
1410 699 1538 770 περὶ
1559 700 1775 770 ποίησιν

209 779 361 849 ᾠδῶν
386 784 416 849 ή
446 782 605 850 φύσις
633 783 874 853 λαχοῦσα
903 786 1001 857 τὴν
1034 788 1348 857 εὑκληρίαν,
1378 789 1452 852 ὡς
1481 790 1574 842 καί
1620 808 1773 853 τινας

210 871 318 924 τῶν
338 871 569 940 ψαλμῶν
619 876 699 936 εις
735 875 797 927 τὸ
846 876 1072 930 ἐκείνων
1118 879 1288 946 ὄνομα
1326 881 1423 951 τήν
1461 883 1774 952 ἐπιγραφήν

212 962 528 1031 ἀναφέρειν.
550 963 686 1031 Φησὶ
720 966 1010 1036 τοιγαροῦν
1033 968 1065 1037 ή
1095 968 1212 1021 θεία
1242 970 1453 1041 Γραφή,
1472 971 1547 1034 ὡς
1571 974 1632 1026 οὑ
1674 973 1771 1043 μό-

214 1071 235 1103 ·.
248 1069 304 1103 ον
343 1052 451 1103 τῶν
476 1053 651 1107 ἀλλων
694 1055 1020 1123 ἀνθρώπων,
1040 1057 1173 1109 ἀλλά
1192 1058 1507 1112 καὶτούτων
1528 1060 1775 1131 Σολομῶν

211 1142 429 1211 έκράτει
459 1146 522 1213 τῇ
550 1145 727 1215 σοφίᾳ.
769 1145 829 1199 Εἰ
860 1146 919 1199 δὲ
944 1149 1084 1201 κατά
1112 1148 1340 1215 θάτερον
1359 1150 1467 1203 τῶν
1490 1141 1778 1220 λογισμῶν

210 1225 349 1292 εἶδος
399 1232 816 1302 ἀποκρύψασθαι
872 1235 973 1304 μιν
1022 1235 1230 1303 λέγοιτο
1268 1236 1522 1307 Σολομῶν
1560 1240 1774 1310 ἀνθρώ-

213 1329 350 1381 πους
398 1320 623 1385 πάντας,
662 1323 984 1390 σοφίσασθαι
1020 1324 1078 1377 δὲ
1116 1326 1212 1378 καὶ
1256 1326 1398 1394 ὑπὲρ
1438 1326 1630 1390 Δίθάν,
1682 1328 1778 1378 καὶ

213 1408 357 1479 ὑπὲρ
402 1410 583 1479 Αίμάν
614 1429 627 1442 ·
676 1413 856 1466 έκεῖνο
898 1416 1172 1485 προσῆκεν
1227 1416 1446 1481 ειδέναι,
1486 1418 1563 1480 ὡς
1608 1415 1779 1470 Αίθάν

210 1517 273 1553 τε
310 1502 405 1555 καὶ
437 1503 615 1570 Αίμάν
662 1505 764 1557 οὑκ
792 1507 852 1557 έν
883 1507 1095 1575 μνήμη,
1126 1506 1378 1577 καθάπερ
1408 1509 1459 1560 οί
1491 1507 1619 1577 περ)⁸
1637 1506 1779 1561 Χαλ-

213 1589 337 1653 κάδ,
364 1591 683 1646 κατέλειπον
730 1595 830 1663 τὴν
859 1594 1038 1648 αὑτῶν
1091 1597 1402 1667 σωζομένην
1436 1597 1593 1661 δόξαν
1614 1614 1627 1627 ·
1660 1596 1775 1650 ἀλλ’

212 1680 320 1731 ὑπὸ
341 1681 465 1743 τοὺς
488 1682 684 1744 αὐτοὺς
710 1684 953 1754 χρόνους,
980 1686 1039 1739 έν
1059 1681 1140 1749 οἷς
1160 1689 1255 1740 καὶ
1286 1687 1537 1757 Σολομῶν
1556 1689 1648 1740 tiri
1681 1705 1778 1741 oo-

220 1770 322 1838 φίᾳ
338 1770 415 1811 Ιισι
442 1770 650 1834 πάντας
670 1775 1007 1842 κατέπληττε
1030 1776 1286 1842 θαύματι,
1318 1777 1411 1830 καὶ
1428 1778 1603 1843 αὑτοὶ,
1623 1778 1780 1831 τοῦτο

1872 610 1995 664 dam
2026 611 2219 681 psalmi
2248 627 2438 667 eorum
2473 612 2541 668 de
2569 616 2884 671 nominibus
2923 617 3313 673 inseribantur.
3346 620 3435 671 Ait

1872 716 2000 770 ergo
2060 702 2244 756 divina
2296 700 2595 772 Scriptura,
2651 706 2794 774 quod
2842 708 3129 776 praestabat
3176 706 3435 761 Salomon

1874 804 1980 842 non
2014 790 2175 844 modo
2200 792 2413 845 caeteris
2446 792 2781 856 hominibus,
2814 796 2906 850 sed
2937 805 2991 850 et
3020 796 3161 851 istis.
3206 795 3264 851 Si
3292 798 3439 851 diea-

1873 886 1962 933 tur
1994 878 2252 935 Salomou
2304 881 2604 937 secundum
2635 884 2897 938 utramvis
2937 886 3169 954 speciem
3206 887 3438 940 rationis

1873 985 2159 1041 superasse
2202 986 2395 1027 omnes
2440 974 2743 1042 sapientia,
2793 975 2956 1029 etiam
3007 985 3063 1031 et
3108 975 3310 1033 Etlian
3383 985 3439 1034 et

1872 1059 2068 1115 Eman
2102 1070 2527 1131 pratergressus
2555 1080 2571 1128 ;
2608 1064 2891 1119 sciendum
2921 1074 3025 1127 est,
3053 1067 3198 1135 quod
3235 1066 3436 1122 Ethan

1872 1153 1926 1199 et
1951 1144 2146 1198 Eman
2184 1161 2290 1200 non
2332 1159 2829 1203 commemorantur
2857 1160 2915 1204 ut
2942 1149 3182 1206 Chalcad
3217 1153 3436 1220 opinio—

1877 1248 1999 1287 nem
2047 1233 2114 1288 de
2170 1249 2229 1288 se
2286 1244 2394 1290 tam
2449 1236 2716 1291 celebrem
2769 1238 3089 1307 reliquisse;
3123 1240 3217 1295 sed
3246 1241 3436 1294 eadem

1875 1330 2028 1377 aetate
2053 1338 2159 1393 qua
2192 1322 2451 1379 Salomon
2506 1325 2812 1382 admirabili
2861 1328 3124 1398 sapientia
3159 1329 3441 1398 praecessit

1876 1428 2085 1481 omnes,
2128 1423 2181 1469 et
2209 1415 2310 1485 ipsi
2341 1415 2439 1481 illi,
2471 1418 2666 1485 partim
2697 1429 2903 1474 natura:
2933 1419 3215 1486 beneﬂcio,
3238 1421 3433 1491 partim

1878 1502 2159 1569 sapientia
2215 1502 2421 1556 divitiis
2469 1504 2610 1559 ultra
2673 1519 2866 1562 omnes
2932 1521 3266 1577 congeneres
3310 1508 3440 1562 elati

1876 1590 2260 1646 cernebantur.
2288 1590 2407 1658 Qua
2434 1603 2614 1647 autem
2647 1594 2752 1647 alia
2783 1594 2838 1647 in
2866 1609 2944 1659 re,
2999 1594 3105 1650 nisi
3137 1594 3261 1658 bac,
3290 1595 3440 1663 quod

1878 1680 2100 1751 gloriosi
2128 1698 2160 1738 a
2185 1698 2311 1753 rege
2338 1685 2620 1739 constituti
2650 1684 2703 1738 in
2738 1685 2993 1741 secundis
3017 1686 3350 1750 ferebantur,
3379 1698 3435 1742 et

1881 1774 2120 1842 undique
2176 1789 2285 1830 non
2350 1775 2600 1845 aequandi
2648 1776 3085 1845 praedicabantur
3138 1793 3152 1830 :
3214 1778 3441 1845 psalmis

216 1862 320 1930 μὲν
356 1863 575 1931 μεγέθει
604 1864 842 1931 φύσεως,
874 1867 1033 1920 τοῦτο
1072 1867 1131 1921 δὲ
1165 1868 1355 1935 σοφίας
1384 1868 1622 1939 πλούτῳ,
1663 1869 1772 1921 τῶν
1806 1871 1847 1928 Β

1806 1871 1847 1928 Β
1875 1865 2230 1921 concinendis
2257 1867 2446 1936 periti,
2497 1881 2660 1937 quam
2687 1866 2759 1921 ob
2782 1881 3004 1921 causam
3039 1877 3196 1921 erant
3218 1869 3438 1921 cunctis

210 1952 493 2018 ὁμογενῶν
514 1954 768 2007 ἀπάντων
781 1956 1136 2027 ὑπερέχοντες
1155 1957 1395 2027 ὼρῶντο.
1425 1960 1534 2011 Καὶ
1550 1958 1600 2010 τί
1624 1958 1772 2019 ἀλλο,

1881 1955 2225 2010 admirationi
2260 1972 2275 2009 :
2304 1970 2429 2010 eum
2461 1956 2561 2027 ipsi
2591 1956 2831 2027 cynaris,
2890 1956 3084 2012 nabliis
3106 1999 3122 2022 ,
3177 1958 3442 2027 cymbalis

212 2040 247 2107 ἢ
289 2040 382 2110 τήν
406 2040 563 2107 δόξαν
609 2044 679 2097 δι’
710 2039 784 2098 ὧν
826 2045 1018 2117 ἔφερον
1064 2047 1132 2100 τά
1165 2046 1395 2117 δεύτερα
1446 2046 1523 2117 τῷ
1569 2047 1778 2118 βασιλεῖ

1883 2045 2152 2101 mirabilia
2203 2044 2297 2101 Dei
2344 2045 2714 2102 decantarent.
2781 2046 2910 2101 Erat
2938 2058 3141 2110 autem,
3173 2048 3439 2113 arbitror,

210 2132 683 2201 περιφανεστέραν
730 2134 1093 2205 ἀνεκήρυττόν
1128 2152 1210 2200 τε,
1257 2138 1352 2189 καὶ
1398 2139 1511 2200 τοῖς
1576 2138 1777 2207 πέρασι

1882 2133 2078 2189 Ilerari
2138 2135 2391 2191 Etbanis
2452 2138 2786 2206 progenitor,
2843 2137 2936 2207 qui
2991 2137 3152 2192 tertio
3202 2137 3439 2191 ﬁliorum

211 2221 497 2288 mftnxsiv
549 2222 749 2291 κράτος
791 2219 927 2293 ἦσαν
975 2224 1187 2295 ἄμαχον
1238 2227 1724 2298 έμπεριειληφότες
1760 2245 1772 2257 ·

1881 2225 2010 2280 ιιιιί
2036 2226 2229 2282 ordine
2260 2227 2586 2282 censebatur
2622 2245 2637 2281 :
2698 2225 2895 2283 Eman
2928 2229 3073 2283 illius
3099 2226 3270 2283 Joelis
3299 2236 3437 2291 erat,

208 2308 496 2379 ψαλμῳδοὶ
512 2312 571 2364 δὲ
591 2314 726 2382 πρὸς
750 2312 828 2377 οἷς
850 2316 1236 2385 έθαυμάξοντο,
1266 2321 1378 2381 τοῖς
1406 2320 1587 2384 ἀλλοις
1614 2323 1777 2392 ἀχρή-

1879 2332 2048 2386 nepos
2106 2318 2380 2388 propbetzn
2423 2316 2727 2385 Samuelis;
2780 2334 2941 2389 quem
2999 2334 3156 2375 sacra
3217 2317 3439 2373 oracula

215 2400 446 2467 μάτιζον
480 2404 571 2455 καὶ
603 2398 745 2458 οὗτοι
772 2405 860 2459 διά
887 2407 1114 2477 κινύρας
1152 2408 1248 2461 καὶ
1280 2408 1480 2471 νάϐλας
1508 2412 1602 2465 κα)⁸
1630 2428 1773 2479 κυμ-

1877 2408 2124 2477 stirpitus
2153 2406 2292 2462 Core
2318 2406 2619 2477 assignant,
2645 2409 2840 2462 exinde
2877 2423 2973 2476 per
3005 2408 3280 2463 carnalem
3312 2420 3440 2475 pro-

210 2490 394 2544 σάλων
415 2492 483 2544 τά
510 2492 600 2546 τοῦ
618 2494 750 2547 Θεοῦ
768 2496 1039 2567 θαυμάσια
1071 2498 1463 2570 μελῳδοῦντεςς
1485 2498 1593 2553 Ἦν
1619 2502 1675 2553 δὲ
1694 2501 1773 2570 τῷ

1879 2498 2086 2570 geniem
2142 2496 2502 2553 descendebat
2568 2497 2785 2553 Eman.
2840 2497 2959 2555 Haec
3022 2500 3086 2554 ad
3143 2499 3436 2569 quaesitum

214 2580 322 2647 μὲν
380 2583 550 2635 Δίθάν
609 2586 893 2654 πρόγονος,
957 2586 1158 2659 οἶμαι,
1216 2594 1246 2644 ὁ
1290 2593 1545 2663 Μεραρί·
1601 2591 1660 2655 ὃς
1695 2593 1775 2655 είς

668 2586 893 2653 >όγονος,
957 2586 1112 2659 οἶμαι
1142 2630 1158 2655 ,
1216 2594 1246 2644 ὁ
1290 2593 1545 2663 Μεραρί·
1601 2591 1660 2655 ὃς
1695 2593 1775 2655 είς
1882 2602 2035 2645 tuum
2070 2591 2327 2661 primum.

208 2673 512 2745 ἀρίθμησιν
562 2677 668 2730 τῶν
705 2680 908 2733 παίδων
959 2682 1054 2735 τοῦ
1095 2684 1225 2736 Δευῒ
1274 2686 1461 2756 τρίτην
1506 2686 1811 2755 ἀνεπλήρου
1848 2684 2023 2751 τάξιν.
2082 2686 2142 2739 '0
2190 2685 2247 2738 δὲ
2292 2684 2470 2754 Δίμάν
2502 2686 2628 2747 παῖς
2659 2683 2756 2754 μὲν
2816 2679 2883 2754 ἦν
2942 2682 3117 2754 Ἰωήλ,
3181 2678 3359 2743 ὑϊδοῦς
3381 2680 3440 2732 δὲ

210 2763 310 2818 τοῦ
349 2770 624 2839 προφήτου
655 2771 937 2841 Σαμουήλ·
971 2773 1030 2826 ὃν
1097 2776 1165 2826 τά
1209 2777 1379 2843 Λόγια
1423 2778 1501 2838 είς
1557 2776 1657 2844 τὴν
1705 2777 1847 2846 Κορὲ
1886 2776 2142 2830 συνάπτει
2204 2776 2557 2843 συγγένειαν·
2610 2774 2883 2843 ἀνιεψιαδοὶ⁸
2946 2774 3002 2827 δὲ
3058 2775 3299 2835 Μωσέως
3344 2772 3439 2823 τοῦ

209 2858 526 2925 νομοθέτου,
554 2862 603 2913 oi
637 2864 763 2932 περὶ⁵
784 2864 946 2935 Κορὲ,
975 2865 1113 2919 ὥστε
1137 2867 1334 2936 καὶτῷ
1360 2867 1537 2937 Αίμάν
1554 2866 1760 2919 ἐκεῖθεν
1797 2867 1831 2935 ή
1875 2867 2161 2935 σωματικὴ
2205 2867 2458 2937 ἀπορροή
2498 2864 2594 2917 τοῦ
2659 2866 2867 2932 γένους.
2937 2863 3097 2915 Ἀλλά
3157 2862 3284 2932 περὶ
3345 2863 3444 2932 μὲν

208 2948 310 3001 τοῦ
356 2950 571 3018 πρώτου
630 2952 936 3022 ζητήματος
974 2955 1164 3010 ταῦτα.

286 3041 393 3093 Τὸν
427 3042 483 3094 δὲ
516 3042 678 3095 Δασὶδ
699 3044 845 3109 ἅπαξ
876 3046 1031 3112 ῐσμεν
1081 3048 1391 3118 χρισθέντα,
1424 3048 1673 3119 δεύτερον
1719 3047 1776 3101 δὲ

207 3134 649 3203 ἀναγορευθέντα
678 3138 757 3198 είς
780 3135 1002 3206 βασιλέα
1036 3155 1050 3167 ·
1093 3140 1187 3191 καὶ
1230 3140 1521 3209 χρισθέντα
1548 3139 1647 3209 μὲν
1673 3139 1777 3193 ὑπὸ

1952 3042 2208 3097 Davidem
2237 3042 2401 3097 semel
2426 3042 2705 3095 inunctum
2735 3041 2939 3095 scimus
2969 3057 2984 3105 ;
3021 3038 3262 3094 secundo
3286 3038 3441 3093 inau-

1882 3145 2134 3207 guratum
2185 3150 2279 3204 per
2334 3133 2591 3203 sud‘ragia
2648 3132 2823 3187 tribus
2880 3128 3033 3185 Judaa
3089 3129 3144 3185 in
3183 3128 3441 3194 Hebron;

209 3224 471 3295 Σαμουὴλ
495 3227 589 3278 τοῦ
614 3230 890 3297 προφήτου
924 3245 938 3260 ·
970 3230 1346 3300 ἀναῤῥηθέντα
1385 3231 1463 3295 δὲ,
1511 3231 1775 3302 πρότερον
1806 3256 1848 3313 C

1806 3256 1848 3313 ο
1883 3236 2006 3296 post
2034 3236 2235 3295 septem
2267 3240 2443 3281 annos
2468 3240 2497 3279 a
2531 3225 2753 3291 reliquis
2783 3223 3033 3278 tribubus
3055 3216 3443 3277 communibus

213 3318 317 3381 μὲν
353 3316 518 3386 ψήφῳ
559 3318 656 3387 τῆς
718 3319 889 3373 Ἰούδα
920 3321 1090 3389 φυλῆς
1110 3322 1168 3373 ὲν
1219 3320 1483 3392 Χεϐρών·
1516 3322 1655 3375 έπτά
1719 3322 1776 3373 δὲ

1882 3318 2156 3389 suffragiis
2189 3320 2424 3386 priorem
2457 3317 2578 3386 ejus
2604 3316 2920 3370 electionem
2955 3313 3439 3368 conﬁrmantibus:

212 3408 680 3479 μεταγενέστερον
715 3412 873 3475 έτῶν,
910 3413 1063 3482 παρὰ
1099 3412 1208 3465 τῶν
1252 3413 1559 3466 ὑπολοίπων
1596 3412 1778 3480 φυλῶν

207 3496 313 3565 τὴν
347 3495 631 3565 φθάσασαν
659 3502 840 3570 κρίσιν
874 3502 1182 3571 συμφώνοις
1212 3504 1459 3573 γνώμαις
1489 3504 1777 3572 ἐπικροτη-

211 3587 447 3640 σάντων.
496 3590 811 3660 Κοινότερον
838 3591 916 3656 δὲ,
961 3593 1027 3645 τά
1064 3594 1255 3660 Λδγια,
1309 3594 1404 3645 καὶ
1437 3593 1533 3663 τὴν
1582 3593 1779 3662 προτὲ-

212 3691 341 3743 ραν,
378 3676 469 3729 καὶ
495 3678 593 3746 τὴν
618 3678 849 3746 ὑστέραν
882 3680 986 3732 ὑπὸ
1030 3680 1126 3732 τοῦ
1159 3680 1395 3751 πλήθους
1443 3682 1773 3750 ἀνάρρησιν,

208 3764 398 3833 κρίσιν
436 3767 710 3836 ὀνομάζει.
740 3769 1017 3821 Βασίλειον
1044 3772 1226 3839 μέντοι
1290 3770 1553 3836 στέφανον
1591 3769 1777 3836 φαίνε-

209 3873 304 3910 ται
326 3858 680 3928 περιθέμενος
710 3859 893 3925 Δαϐὶδ,
920 3860 1019 3912 ὃσα
1039 3876 1105 3927 γε
1136 3862 1234 3929 ἐμὲ
1255 3860 1584 3928 μεμνῆσθαι,
1614 3860 1776 3929 ήνίκα

209 3949 725 4019 προπολεμήσαντος
805 3950 963 4004 Ίωάϐ
1048 3952 1105 4003 ιν
1203 3950 1406 4019 Ῥεμάθ
1470 3949 1580 4001 τῶν
1643 3948 1775 4001 υίῶν

221 4038 435 4106 ’Λμὼν,
466 4039 566 4107 τὴν
594 4037 841 4107 βασιλίδα
868 4041 1047 4106 πόλιν,
1096 4042 1265 4109 ἐγγύς
1320 4057 1380 4092 τε
1428 4039 1775 4108 ἐγκαταστή-

207 4143 410 4189 σαντος
442 4128 536 4180 τοῦ
568 4129 792 4193 ἁλῶναι,
832 4132 1059 4191 έπιστάς
1104 4132 1133 4183 δ
1188 4131 1436 4199 βασιλεὺς
1487 4130 1641 4192 τέλος
1674 4130 1776 4181 έπ-

208 4220 385 4286 έθηκε
414 4221 480 4288 τῇ
504 4218 806 4290 πολιορκίᾳ·
837 4222 959 4275 τότε
987 4221 1095 4291 γάρ
1108 4222 1346 4289 λάφυρον
1375 4221 1515 4288 ἔχων
1542 4221 1633 4271 τὸν
1665 4221 1781 4271 στέ-

207 4325 385 4375 φανον
409 4310 504 4362 τοῦ
536 4309 761 4379 Μελχὼλ
783 4296 1085 4379 (έδασίλευε
1115 4312 1171 4363 δὲ
1198 4312 1291 4364 καὶ
1326 4311 1486 4373 αὑτὸς
1540 4309 1649 4361 τῶν
1686 4309 1775 4364 ια-

204 4397 516 4467 λωκότων),
539 4400 634 4452 ἆτε
659 4399 724 4467 δὴ
748 4399 864 4453 κατ’
888 4398 1056 4453 αὑτοῦ
1081 4416 1140 4452 τε
1172 4400 1267 4453 καὶ
1295 4400 1495 4461 παντὸς
1519 4397 1615 4450 τοῦ
1638 4398 1776 4466 πλή-

1878 3413 2157 3467 communi
2196 3413 2428 3481 quadam
2482 3411 2689 3464 ratione
2740 3409 3021 3477 Scriptura
3072 3410 3311 3477 prrorem
3354 3406 3443 3460 de-

1878 3504 2232 3559 clarationem
2281 3512 2335 3557 et
2382 3503 2685 3569 generalem
2734 3501 2787 3555 in
2839 3514 3019 3568 regem
3066 3497 3441 3551 iuunetionem

1879 3605 2052 3649 vocat.
2097 3592 2323 3646 Videtur
2367 3591 2529 3644 David
2576 3592 2778 3659 regium
2826 3589 3072 3643 diadema
3121 3588 3223 3641 sibi
3272 3587 3443 3655 impo-

1880 3686 2078 3747 suisse,
2113 3696 2377 3753 quantum
2408 3681 2665 3735 memoria
2693 3679 2824 3733 milii
2855 3678 3116 3746 suggerit,
3152 3691 3273 3731 cum
3303 3673 3442 3728 Joab

1877 3776 2016 3843 apud
2052 3774 2397 3827 Ammonitos
2441 3772 2637 3826 bellum
2673 3779 2892 3840 gerente
2930 3768 3158 3822 Rematli
3204 3768 3335 3821 urbs
3359 3781 3444 3820 τοι

1878 3866 1960 3935 gia
1992 3873 2295 3931 caperetur,
2348 3864 2442 3917 sed
2478 3864 2626 3932 prius
2656 3877 2816 3930 quam
2861 3858 2998 3914 Joab
3024 3861 3170 3913 illam
3201 3867 3439 3927 caperet,

1878 3970 1973 4009 rex
2004 3970 2100 4022 per
2127 3969 2282 4008 suum
2313 3954 2601 4009 adventum
2644 3954 2915 4007 obsidioni
2948 3952 3246 4006 terminum
3266 3952 3441 4018 impo-

1879 4046 2012 4107 suit,
2043 4055 2155 4099 tum
2186 4045 2329 4099 enim
2363 4044 2505 4097 inter
2532 4043 2705 4113 spolia
2731 4057 2992 4097 coronam
3016 4040 3242 4095 Melehol
3273 4041 3436 4108 cepit,

1877 4142 1933 4185 et
1963 4131 2208 4200 regnavit
2239 4131 2352 4199 ipse
2379 4142 2543 4198 super
2579 4129 2858 4198 captivos;
2906 4138 2960 4181 et
3001 4138 3059 4181 ut
3099 4126 3435 4195 splendidam

1879 4230 2043 4289 atque
2076 4219 2351 4273 indubiam
2388 4220 2670 4273 victoriam
2712 4234 2770 4273 se
2796 4218 3043 4272 obtinere
3066 4218 3305 4278 doceret,
3335 4230 3436 4271 suo

1879 4308 2239 4364 circumdedit
2289 4308 2453 4377 capiti
2510 4308 2738 4376 lapidem
2804 4306 3099 4377 fulgentem
3160 4307 3435 4373 pretioso,

1882 4400 2207 4468 pendentem
2242 4399 2359 4450 auri
2390 4397 2648 4451 talentum
2674 4410 2959 4451 coronam:

207 4488 343 4550 θους
372 4490 626 4558 ἀδήριτον
676 4490 772 4544 καὶ
793 4490 1053 4561 λαμπρὰν
1081 4488 1232 4559 αὑτῷ
1277 4487 1779 4558 περιπεποιημένος
1815 4489 1916 4558 τήν
1940 4488 2119 4557 νίκην,
2155 4489 2221 4556 τῇ
2259 4486 2366 4555 ἰδίᾳ
2391 4486 2625 4555 περιῆψε
2654 4486 2888 4555 κεφαλῇ,
2921 4484 3052 4552 λίθῳ
3116 4485 3214 4554 μὲν
3275 4482 3439 4553 τιμίῳ

206 4579 689 4647 περιηνθισμένον,
738 4581 967 4635 ἕλκοντα
997 4580 1054 4633 δὲ
1109 4580 1349 4651 σταθμὸν
1399 4581 1483 4642 είς
1517 4580 1776 4633 τάλαντον
1813 4579 2061 4649 χρυσίον.

284 4671 395 4740 Τὴν
424 4670 482 4723 δι
532 4671 743 4723 κωλέαν
784 4673 817 4738 ή
874 4670 966 4724 τοῦ
1013 4670 1236 4723 ’Λκύλου
1288 4670 1498 4733 ἔκδοσις
1551 4672 1769 4740 κνήμην
1802 4674 1845 4729 ι)

1802 4674 1845 4729 D
1944 4670 2171 4725 Κωλέαν
2217 4670 2401 4724 versio
2446 4668 2655 4738 Aquila
2703 4668 2919 4737 κνήμην
2983 4668 3309 4721 transtulit:
3342 4669 3437 4726 sed

206 4762 545 4830 ἀναγράφει.
583 4758 683 4827 Εῐη
715 4759 761 4811 δ’
791 4761 882 4824 ἀν,
911 4761 1299 4830 ἀκριδέστερον
1328 4763 1525 4821 είπείν,
1546 4761 1734 4822 σκέλος
1755 4776 1767 4788 ⁸

203 4852 349 4918 ὅπερ
371 4849 624 4902 καὶδυσὶν
646 4849 851 4920 ἑτέροις
865 4849 1091 4920 ὀνόμασι
1112 4849 1388 4921 δηλοῦται.
1414 4853 1573 4920 Λέγω
1592 4853 1657 4923 δὴ
1678 4855 1771 4924 τήν

206 4939 537 5010 μετάμηρον
573 4940 775 5009 κωλῆν,
803 4942 899 4993 καὶ
930 4941 989 4993 τὸ
1019 4942 1156 5009 μετά
1200 4942 1292 4994 τὸν
1324 4941 1498 5013 μηρὸν
1532 4945 1773 5013 ἀκροκώ-

200 5034 365 5087 λιον·
398 5032 461 5085 τὸ
489 5032 598 5101 γάρ
626 5032 724 5101 τῆς
750 5033 963 5102 κνήμης
999 5032 1168 5101 δνομα
1200 5034 1475 5104 διαφόροις
1508 5038 1770 5105 πράγμα-

202 5140 295 5179 σιν
352 5121 741 5176 επιπλανᾶται.
772 5122 1006 5175 Είώθασι
1032 5124 1141 5193 γάρ
1185 5124 1369 5176 καλεῖν
1412 5126 1625 5195 κνήμην
1680 5127 1774 5177 καὶ

198 5213 268 5265 τὸ
299 5210 579 5280 ἔμπροσθε
612 5208 626 5260 i
670 5210 770 5280 μὲν
789 5210 883 5263 τοῦ
914 5212 1135 5275 σκέλους
1165 5214 1243 5274 είς
1288 5212 1393 5281 μῦν
1440 5213 1769 5283 ἐπηρμένον,

198 5301 401 5371 ὥσπερ
428 5301 491 5354 τὸ
509 5300 731 5355 ὄπισθεν
767 5303 1122 5373 ἀντικνήμιον
1150 5318 1163 5331 ·
1198 5304 1295 5355 καὶ⁸
1349 5303 1481 5355 αὑτὸ
1525 5303 1582 5355 δὲ
1615 5301 1772 5355 τοῦτο

197 5395 267 5450 τὸ
293 5391 653 5462 συγκείμενον
702 5390 766 5443 εκ
789 5408 849 5445 τε
884 5392 979 5445 τοῦ
1011 5394 1349 5462 προκνημόυ
1384 5393 1478 5445 καὶ
1520 5394 1618 5462 τῆς
1662 5407 1767 5443 πα-

1878 4758 2125 4813 exactius
2147 4756 2419 4825 loquendo
2449 4756 2639 4817 σκέλος
2659 4765 2835 4819 esset;
2876 4755 3021 4823 quod
3054 4770 3150 4823 per
3183 4756 3291 4810 alia
3327 4756 3437 4810 duo

1878 4850 2097 4905 nomina
2156 4849 2428 4904 indicatur
2490 4866 2505 4901 :
2561 4847 2802 4915 intelligo
2882 4854 3062 4899 autem
3121 4848 3435 4916 μετάμηρον

1880 4938 2056 5010 κωλήν
2078 4948 2131 4993 et
2155 4938 2290 5006 μετά
2322 4937 2415 4989 τὸν
2444 4936 2616 5005 μηρὸν
2640 4935 3005 5005 ἀκροκὼλεον.
3038 4935 3244 4989 Nomen
3286 4936 3429 4989 enim

1879 5027 2009 5082 illud
2061 5028 2285 5096 κνήμη,
2347 5025 2401 5079 in
2452 5024 2619 5079 rebus
2663 5024 2830 5078 variis
2877 5023 3205 5092 divagatur:
3256 5024 3434 5079 solent

1875 5118 2020 5173 enim
2049 5118 2331 5171 nominare
2361 5115 2594 5186 κνήμην,
2626 5114 2675 5169 id
2713 5114 2859 5185 quod
2906 5123 3033 5168 ante
3090 5114 3280 5178 σκέλος
3324 5126 3431 5178 est,

1872 5220 1927 5262 et
1955 5208 2022 5260 ad
2051 5205 2155 5277 μῦν
2186 5205 2439 5275 pertingit
2472 5223 2486 5258 :
2536 5213 2596 5259 ut
2621 5205 2768 5275 quod
2797 5220 2827 5259 ε
2856 5214 3004 5260 retro
3032 5214 3123 5261 est.
3146 5207 3435 5259 nominant

1873 5297 2245 5367 ἀντικνήμιον.
2270 5294 2415 5350 Idem
2449 5308 2668 5366 quoque
2704 5293 2902 5350 dicitur
2949 5295 3001 5349 id
3034 5296 3178 5365 quod
3204 5309 3433 5364 compo-

1878 5390 2026 5443 nitur
2051 5404 2082 5443 e
2111 5388 2472 5459 προκνημίου,
2503 5398 2556 5443 et
2581 5388 3008 5458 παρακνημίδος,
3040 5403 3145 5442 una
3180 5403 3304 5443 cum
3334 5388 3433 5442 oli-

1511 5595 1737 5651 VMilzﬁ
1778 5591 2153 5649 LECTIONES

280 5734 307 5774 ⁶
337 5731 399 5786 C.
443 5731 511 5786 Μ.
544 5734 827 5804 ἐγεννήθη.
899 5736 978 5777 ιιί
1015 5735 1135 5790 Ilua:
1166 5736 1272 5789 duo
1305 5736 1463 5789 verba
1492 5736 1682 5789 desunt
1705 5734 1754 5786 in
1778 5731 1916 5787 .\lon.
2003 5732 2013 5778 ἰ
2053 5732 2113 5786 C.
2153 5732 2219 5784 Μ.
2261 5744 2403 5787 recte
2431 5731 2761 5802 ἔμπροσθεν.
