4200 6444
778 389 880 450 687

1919 389 2174 447 ΡΗΟἸῊ
2212 387 2709 446 PATllIAllCll/E
2749 387 2860 445 CP.

3907 378 4018 438 688

778 499 988 552 velante
1018 496 1145 551 illud
1177 512 1362 560 carne,
1411 506 1465 550 et
1491 499 1723 551 cuticula
1752 537 1765 559 ,
1821 513 1980 564 quam
2013 509 2166 550 vetus
2191 495 2338 549 Grat-
2373 505 2412 555 Α

2373 505 2412 555 Α
2446 494 2794 562 ρακνημίδος,
2826 493 2940 560 ἅμα
2996 491 3094 558 τῆς
3127 487 3524 556 ἐπαλειφούσης
3584 487 3724 539 αὐτὰ
3782 486 4016 551 σαρκὸς,

776 605 961 642 eorum
987 589 1166 656 lingua
1217 590 1433 656 κνικμην
1468 598 1642 641 vocat.
1670 588 1935 656 Apposuit
1960 603 2088 656 ergo
2116 587 2334 640 Samuel

777 680 987 732 κωλέαν
1035 695 1217 734 coram
1270 679 1421 741 Saul,
1459 681 1536 734 illi
1565 682 1826 734 honorem
1861 689 1983 734 ante
2016 682 2154 734 alios
2185 680 2340 732 exhi-

779 770 932 832 bens,
980 785 1140 838 quem
1178 770 1440 824 honorem
1518 771 1666 839 regni
1707 772 1915 840 insigne
1965 773 2105 824 velut
2151 786 2339 825 conse-

778 858 973 921 cravit,
1011 858 1166 924 quasi
1218 858 1394 926 ipsum
1449 867 1722 926 oporteret
1779 873 1874 926 pro
1901 859 2096 926 populo
2125 857 2340 911 labores

780 958 972 998 oumes
1006 947 1213 1009 subire,
1244 957 1296 1000 et
1326 947 1477 1000 adire
1495 946 1756 1014 pericula.
1790 945 1912 1000 Ideo
1936 947 2338 1015 superaddidit:

788 1055 805 1084 ι
846 1034 1081 1090 Comede
1109 1037 1157 1088 id
1182 1039 1325 1105 quod
1364 1038 1459 1092 tibi
1488 1038 1542 1092 in
1569 1038 1933 1092 testimonium
1971 1038 2281 1106 apponitur.
2319 1057 2336 1089 ι

783 1125 937 1190 Quod
975 1130 1246 1196 sequitur,
1282 1132 1332 1182 in
1363 1131 1692 1197 quibusdam
1722 1132 1993 1184 veteribus
2024 1130 2177 1183 libris
2209 1130 2344 1196 legi-

788 1230 878 1272 tur
933 1219 1082 1289 παρά
1131 1219 1224 1272 τοῦ
1278 1220 1407 1272 λαοῦ
1483 1222 1536 1274 in
1570 1221 1690 1276 aliis
1716 1222 1862 1290 παρά
1895 1222 2018 1282 τοὺς
2045 1221 2255 1284 ἄλλους,
2300 1222 2346 1274 si

788 1311 1034 1380 legamus
1061 1313 1208 1380 παρά
1246 1310 1340 1364 τοῦ
1390 1313 1540 1376 λαοῦ,
1587 1314 1692 1367 hoc
1738 1315 1900 1366 vult:
1954 1312 2342 1366 Testimonium

788 1397 884 1449 tibi
926 1397 1146 1452 exhibui
1179 1401 1547 1467 inpraesentia
1584 1402 1764 1467 populi
1803 1419 1814 1452 :
1871 1401 1979 1462 sin,
2032 1401 2182 1469 παρά
2221 1401 2346 1460 τοὺς

788 1487 1000 1549 ἄλλους,
1055 1504 1152 1556 per
1188 1501 1394 1558 partem
1428 1490 1521 1543 tibi
1560 1491 1882 1558 praecipuam
1917 1492 2219 1559 appositam
2251 1493 2348 1542 ho-

792 1592 977 1631 norem
1029 1589 1151 1632 ante
1196 1580 1333 1632 alios
1381 1581 1640 1634 eximium
1667 1581 1906 1636 exhibui.
1937 1581 2066 1633 Nam
2106 1582 2347 1634 membra

791 1667 970 1722 luccce
999 1671 1244 1737 corporis
1273 1671 1420 1739 regni
1447 1686 1558 1738 pra:
1588 1686 1646 1725 se
1673 1671 1848 1725 lerunt
1867 1672 2154 1740 imaginem
2184 1690 2195 1723 :
2224 1686 2346 1723 nam

2446 587 2537 637 καὶ
2563 586 2660 652 τῆς
2678 584 3017 654 δερματίδος,
3037 585 3101 651 ῆν
3118 582 3324 633 παλαιά
3344 581 3439 646 τῆς
3467 578 3715 640 Ἑλλάδος
3747 577 3970 644 γλῶττα
3992 577 4018 615 ι

2448 677 2659 742 κνήμην
2692 673 2966 742 ὀνομάζει.
2999 671 3316 739 ιιαρὲθηκεν
3343 671 3385 721 δ’
3416 670 3508 722 οὖν
3541 671 3568 722 ὁ
3609 667 3866 738 Σαμουὴλ
3914 669 4021 734 τὴν

2447 765 2653 817 κωλέαν
2683 764 2910 816 ἐνώπιον
2937 763 3031 815 τοῦ
3062 763 3234 814 Σαούλ
3260 779 3272 791 °
3307 762 3475 830 τιμὴν
3506 761 3654 830 αὑτῷ
3683 759 3793 812 τῶν
3834 759 4023 812 ἄλλων

2449 856 2841 926 προαπονέμων
2875 872 2887 884 ⁸
2919 855 3185 922 σύμϐολον
3207 855 3263 905 δὲ
3292 855 3392 922 τὴν
3432 853 3598 921 τιμὴν
3630 851 4021 919 ὲξοσιούμενος

2431 951 2544 1014 -τής
2570 948 2845 1016 βασιλείας
2870 963 2884 976 ·
2911 947 3005 998 καὶ
3056 945 3148 998 τοῦ
3185 947 3292 999 δεῖν
3322 945 3486 999 αὑτὸν
3535 945 3674 1011 ὑπὲρ
3729 940 3827 995 τοῦ
3881 939 4023 992 λαοῦ

2451 1040 2659 1097 πάντας
2690 1037 3016 1104 ὑφίστασθαι
3055 1036 3272 1097 πόνους,
3295 1037 3388 1088 καὶ
3429 1033 3893 1104 προκινδυνεύειν.
3929 1032 4027 1081 Διὸ

2453 1130 2541 1180 καὶ
2563 1130 2863 1196 ἐπήγαγεν,
2913 1147 2930 1178 ι
2968 1127 3134 1193 Φάγε,
3179 1127 3262 1178 ὅτι
3293 1127 3373 1188 είς
3406 1126 3703 1194 μαρτύριον
3760 1122 4013 1175 τέθειταί

2454 1237 2555 1273 σοι.
2599 1239 2617 1270 ι
2654 1221 2725 1270 Τὸ
2750 1219 2796 1271 δ’
2829 1219 3049 1286 ἑφεξῆς,
3085 1218 3202 1269 ἔνια
3249 1217 3349 1285 μὲν
3374 1217 3480 1268 τῶν
3532 1214 3780 1268 παλαιῶν
3829 1230 4025 1282 γραμ-

2457 1309 2659 1374 μάτων,
2700 1327 2714 1355 ι
2760 1309 2910 1376 παρά
2944 1306 3036 1359 τοῦ
3089 1305 3222 1358 λαοῦ
3247 1320 3259 1334 ’
3303 1323 3321 1355 ι
3358 1305 3472 1355 ἔνια
3503 1303 3582 1366 δὲ,
3628 1321 3647 1352 ι
3685 1304 3836 1369 παρά
3891 1303 4027 1360 τοὺς

2453 1398 2664 1459 ἄλλους,
2700 1417 2717 1446 ι
2772 1397 3102 1466 ὑπαγορεύει
3136 1413 3149 1427 °
3180 1395 3294 1448 ἀλλ’
3325 1395 3372 1446 εί
3417 1395 3515 1461 μὲν
3544 1393 3626 1461 εἴη
3663 1411 3680 1442 ι
3719 1393 3874 1460 παρὰ
3927 1390 4028 1440 τοῦ

2454 1487 2602 1551 λαοῦ,
2648 1507 2665 1537 ι
2707 1489 2827 1541 ἀντὶ
2861 1487 2975 1549 τοῦ,
3013 1486 3271 1538 Ἐνώπιον
3299 1484 3393 1537 τοῦ
3423 1482 3552 1536 λαοῦ
3582 1484 3640 1534 τὸ
3670 1482 3757 1534 διὰ
3808 1479 4028 1550 μαρτύ-

2457 1581 2569 1649 ριόν
2615 1597 2695 1632 σοι
2725 1582 3114 1649 προσενήνοχα,
3169 1580 3425 1648 σημαίνει
3449 1593 3463 1606 ⁸
3492 1579 3538 1628 εἰ
3562 1577 3620 1628 δὲ
3663 1595 3680 1627 t
3713 1575 3862 1643 παρὰ
3895 1574 4029 1633 τοὺς

2455 1672 2664 1732 ἄλλους.
2687 1692 2703 1723 ι
2726 1674 2843 1724 ἀντὶ
2868 1672 2984 1737 τοῦ,
3018 1671 3326 1740 Ἐξαίρετόν
3360 1687 3463 1731 σοι,
3496 1669 3646 1738 παρά
3672 1670 3794 1729 τοὺς
3823 1667 4031 1727 ἄλλους

794 1771 853 1816 ut
877 1763 977 1818 ista
1006 1761 1058 1814 in
1085 1777 1311 1830 corpore
1334 1762 1581 1817 breviora
1614 1772 1743 1818 sunt
1769 1778 1933 1832 quam
1962 1765 2148 1827 multa,
2178 1774 2352 1817 tamen
2390 1806 2426 1833 ι,

2390 1806 2426 1833 η
2457 1763 2735 1831 προκρίτῳ
2788 1762 2964 1833 μερίδι
2997 1763 3093 1830 τὴν
3126 1762 3291 1831 τιμὴν
3326 1759 3528 1830 ἀνῆψα.
3589 1760 3687 1826 Εῐη
3739 1758 3782 1811 δ’
3829 1758 3903 1809 ἂν
3957 1757 4032 1808 τὰ

796 1853 1069 1907 substrata
1097 1855 1367 1907 sustinent
1398 1853 1593 1908 molem
1623 1853 1789 1907 totius
1828 1853 2115 1918 compositi
2147 1871 2158 1906 :
2194 1855 2268 1906 ita
2301 1864 2354 1908 et
2388 1846 2427 1858 ”

2388 1846 2427 1858 ”
2462 1854 2594 1922 μέλη
2621 1854 2791 1906 ταῦτα
2830 1853 2924 1906 τοῦ
2961 1853 3209 1923 σώματος
3258 1854 3353 1904 καὶ
3399 1852 3583 1903 εἰκόνα
3635 1850 3864 1917 φέροντα
3925 1846 4031 1914 τῆς

796 1943 993 2012 regalis
1027 1944 1275 2009 lirmitas,
1332 1952 1608 2013 utcunque
1661 1943 1714 1997 in
1753 1959 1860 1998 uno
1891 1944 2075 2012 aliquo
2115 1946 2357 2015 cmnpri-

796 2044 976 2086 matur
1002 2041 1295 2096 coarctata,
1349 2041 1402 2087 et
1432 2033 1512 2086 sic
1537 2033 1773 2096 vacillet,
1831 2044 2010 2088 tamen
2045 2051 2245 2103 corpus
2279 2047 2357 2090 ιυ-

798 2126 906 2178 tius
958 2125 1268 2190 reipublicae
1316 2135 1656 2192 compactum
1708 2125 1949 2180 continet
2001 2135 2055 2180 et
2083 2129 2358 2180 substrata

798 2224 1090 2278 sustentat,
1111 2231 1209 2269 nec
1234 2216 1501 2284 permittit
1526 2230 1644 2269 eam
1670 2216 1723 2270 in
1755 2231 1812 2271 se
1833 2217 2074 2272 collisam
2096 2217 2355 2286 dim-iugi.

796 2308 894 2361 Ast
913 2309 1023 2361 haec
1042 2306 1286 2361 fortassis
1310 2307 1478 2361 multo
1502 2307 1792 2371 curiosius,
1813 2321 1974 2374 quam
2000 2321 2099 2358 vox
2117 2307 2352 2369 εἴδωλον,

797 2399 1154 2468 explicantur.
1189 2396 1268 2451 Tu
1303 2408 1482 2451 autem
1508 2398 1693 2454 animo
1727 2399 1908 2452 valeas
1937 2407 2098 2466 atque
2131 2412 2359 2468 corpore

799 2503 899 2542 nec
950 2488 1176 2542 ulterius
1231 2489 1540 2543 istiusmodi
1582 2490 1649 2544 iis
1687 2488 1908 2554 oll'eras,
1940 2495 2028 2558 qui
2059 2502 2186 2543 sunt
2217 2490 2358 2559 apud

799 2578 1002 2632 inferos
1038 2599 1050 2632 :
1087 2582 1178 2633 sed
1205 2582 1345 2649 apud
1377 2582 1498 2634 illos
1530 2596 1759 2649 expone,
1790 2583 1988 2648 quibus
2016 2583 2138 2635 vitae
2167 2597 2362 2635 cursus

798 2678 879 2722 est
904 2667 970 2722 ad
997 2669 1396 2738 beneplacitum
1419 2709 1433 2732 ,
1460 2686 1690 2740 quorum
1722 2686 1894 2735 tuens,
1926 2671 2123 2737 oratio,
2165 2686 2355 2725 manus

803 2774 907 2813 nan
938 2759 1272 2814 defecerunt.

886 3042 1214 3109 QU£STIO
1251 3045 1437 3100 CXVI.
1477 3047 1665 3118 [CoisL
1707 3047 1869 3101 Taur.
1902 3049 2254 3121 CXXXVIIIJ

1321 3138 1412 3192 'De
1437 3143 1614 3206 patria
1649 3140 1806 3193 Pauli
1821 3170 1834 3180 -

2460 1945 2753 2014 βασιλείας.
2795 1942 3006 2014 Ὠσπερ
3043 1947 3149 2013 γὰρ
3203 1942 3378 1995 ταῦτα
3408 1942 3488 2012 τῷ
3525 1941 3732 2008 σώματι
3759 1936 3852 1990 τοῦ
3880 1935 4031 2000 (me

2462 2036 2769 2107 βραχύτερα
2804 2035 3012 2088 πολλῶν
3042 2034 3218 2103 μελῶν
3248 2035 3397 2093 ὅντα,
3426 2035 3574 2100 ὅμως
3601 2029 4031 2097 ύπεστήρικται,

2462 2128 2551 2178 καὶ
2581 2119 2945 2190 ἀναϐαστάζει
2982 2126 3072 2178 τὸν
3115 2125 3236 2177 ὅλον
3267 2123 3359 2176 τοῦ
3404 2123 3774 2190 συγκρίματος
3808 2119 3988 2186 δγκον
4015 2133 4030 2148 ’

2461 2220 2603 2270 οὕτω
2629 2220 2771 2288 καὶή
2797 2217 3046 2287 βασιλικὴ
3079 2216 3393 2287 στερρότης,
3423 2213 3602 2268 καίτοι
3629 2213 3712 2279 ἐφ’
3761 2212 3840 2265 ἑνὶ
3862 2209 4033 2277 ἀνδρὶ

2458 2308 2874 2377 συστελλομένη,
2907 2307 2998 2359 καὶ
3034 2306 3334 2358 σαλεύουσα
3387 2303 3607 2370 σύμπαν
3627 2302 3688 2354 τὸ
3731 2300 3892 2370 σῶμα
3929 2300 4033 2367 τῆς

2457 2397 2729 2459 πολιτείας
2761 2397 2939 2463 ἀνέχει
2969 2413 3026 2447 τε
3060 2394 3153 2448 καὶ
3184 2395 3458 2464 ὑπερείδει
3486 2408 3498 2419 ·
3536 2392 3631 2444 καὶ
3695 2390 3792 2441 οὐκ
3833 2389 3905 2457 ἑᾷ
3948 2389 4032 2448 είς

2458 2487 2624 2556 αὸτὴν
2676 2488 3005 2539 καταπεσεῖν
3053 2503 3112 2538 τε
3159 2486 3253 2538 καὶ
3296 2480 3784 2553 περιθραυσθῆναι.
3858 2477 4036 2530 Ἀλλά

2459 2577 2630 2628 ταῦτα
2665 2577 2760 2644 μὲν
2791 2578 2943 2637 ἴσως,
2975 2576 3069 2627 καὶ
3103 2575 3288 2642 φωνῆς
3318 2573 3541 2628 εἰδώλου
3583 2568 4032 2641 περιεργότερον.

2463 2667 2534 2716 Σὺ
2564 2665 2620 2716 δὲ
2635 2664 2811 2733 ψυχὴν
2844 2665 2936 2716 καὶ
2965 2662 3179 2732 σώματι
3200 2662 3412 2734 ἔρρωσο
3440 2679 3454 2693 ·
3506 2660 3606 2715 καὶ
3656 2658 3852 2729 μηκέτι
3917 2658 4037 2716 τοῖς

2465 2759 2523 2808 ὲν
2560 2757 2689 2826 ᾅδου
2716 2758 2784 2808 τὰ
2810 2755 3036 2809 τοιαῦτα
3085 2754 3339 2823 πρότεινε
3365 2771 3379 2785 ο
3411 2754 3527 2806 ἀλλ’
3561 2752 3809 2813 ἐκείνοις,
3842 2743 3936 2810 οἷς
3968 2748 4040 2799 τὰ

2469 2856 2606 2903 κατὰ
2638 2853 2729 2902 τὸν
2753 2851 2865 2921 βίον
2892 2851 3090 2919 εύροεῖ,
3125 2851 3221 2902 καὶ
3258 2850 3286 2900 ὁ
3317 2847 3463 2912 νοῦς,
3521 2847 3616 2898 καὶ
3648 2845 3697 2898 οἱ
3724 2843 3900 2911 λόγοι,
3939 2841 4038 2894 καὶ

2466 2943 2524 2993 αἱ
2562 2945 2739 3010 χεῖρες
2767 2941 2829 2993 οὐ
2860 2940 3224 3009 παρείθησαν.

3007 3048 3336 3102 ΕΡΩΤΙΙΣΙΣ
3375 3042 3541 3111 Ριςν.

2859 3140 2994 3208 Περὶ
3049 3137 3331 3205 πατρίδος
3380 3139 3642 3192 Παύλου.

1660 3252 1799 3302 Edita
1823 3268 1847 3302 a
1871 3254 2166 3303 Montacutio
2189 3257 2313 3318 (ep..
2335 3255 2445 3315 216,
2461 3255 2530 3305 ad
2555 3254 2886 3315 Euschem.,p«
2910 3252 3020 3310 377,
3039 3252 3170 3313 378).

878 3351 1082 3408 Paulus
1113 3354 1202 3408 ille
1235 3353 1452 3411 divinus
1488 3361 1790 3426 apostolus.
1825 3361 1916 3429 qui
1947 3377 2008 3414 ex
2037 3362 2368 3416 inﬂammato

809 3443 1099 3506 desiderio.
1128 3453 1181 3498 et
1209 3460 1394 3498 amore
1423 3447 1648 3512 Christi,
1683 3457 1735 3500 et
1775 3449 2196 3518 inexsuperabili
2228 3467 2362 3520 prte-

806 3531 1095 3585 dicationis
1137 3547 1301 3587 cursu
1353 3537 1629 3589 caelestem
1686 3537 1830 3588 illam
1873 3535 2173 3592 Jerusalem
2207 3555 2371 3594 occu-

808 3628 986 3687 patam
1033 3636 1185 3674 suam
1213 3621 1361 3686 fecit,
1402 3624 1629 3691 patriam
1663 3625 1851 3677 habuit
1883 3625 1993 3693 jam
2026 3628 2155 3678 olim
2189 3643 2218 3680 a
2252 3643 2368 3681 ma-

805 3710 1018 3777 joribus
1077 3712 1193 3766 suis
1246 3717 1545 3766 secundum
1609 3717 1854 3784 corporis
1924 3719 2366 3786 propagationem

810 3801 1019 3855 Giscala
1054 3803 1286 3870 (viculus
1314 3813 1398 3858 est
1431 3805 1518 3858 ille
1550 3821 1694 3858 nunc
1722 3807 1775 3858 in
1805 3805 1994 3860 Judaaa
2043 3808 2172 3862 olim
2214 3809 2373 3862 urbe-

810 3893 930 3945 cula
959 3894 1343 3962 censebatur):
1380 3896 1521 3950 bello
1557 3907 1735 3950 autem
1778 3898 2020 3954 Romano
2050 3901 2373 3968 parentibus

814 3985 983 4050 ipsius
1013 4001 1136 4038 cum
1175 3986 1444 4054 plerisque
1473 3989 1596 4042 aliis
1624 3989 1675 4041 iu
1719 3990 2081 4058 captivitatem
2118 3992 2373 4046 abductis

813 4070 1042 4126 Tarsum
1073 4075 1394 4141 migrarunl,
1430 4078 1518 4132 hic
1542 4079 1630 4131 ille
1652 4078 1832 4133 editus
1865 4081 1917 4131 in
1949 4080 2122 4134 lucem
2151 4082 2373 4142 dicitur,

812 4170 865 4213 et
896 4163 1082 4229 patria:
1111 4166 1482 4220 ascribebatur
1529 4186 1543 4220 ε
1599 4186 1616 4216 ι
1649 4167 1760 4236 Ego
1789 4184 1932 4233 sum,
1964 4170 2099 4223 dixit
2127 4171 2260 4233 ipse,
2292 4173 2375 4224 vir

813 4253 1054 4319 Judwus,
1116 4269 1270 4311 natus
1303 4257 1456 4312 Tarsi
1487 4259 1540 4312 in
1563 4259 1748 4313 Cilicia
1781 4277 1794 4313 :
1832 4278 1852 4311 ι
1889 4261 2219 4330 benignitate
2249 4277 2376 4316 vero

821 4345 1186 4402 Romanorum
1253 4365 1375 4403 cum
1431 4351 1654 4405 victoria
1723 4353 2126 4418 contendente,
2205 4365 2259 4407 et
2306 4354 2373 4407 ad

818 4435 1147 4505 alienigenas
1189 4453 1246 4493 se
1276 4442 1621 4505 extendente,
1673 4457 1929 4497 concessa
1990 4444 2089 4496 fuit
2143 4444 2373 4498 facultas

816 4531 1010 4596 partim
1067 4532 1260 4600 gratis,
1331 4533 1507 4601 pretio
1574 4535 1769 4602 partim
1825 4537 2265 4604 transcriptionis
2320 4538 2374 4589 in

2539 3363 2744 3424 Παῦλος
2767 3364 2796 3415 ὁ
2825 3361 2965 3421 θεῖος
2984 3359 3303 3421 ἀπόστολος,
3333 3360 3361 3410 ὁ
3389 3356 3466 3426 τῷ
3487 3354 3735 3424 διαπύρῳ
3762 3353 3918 3423 πόθῳ
3941 3353 4048 3422 τῆς

2471 3455 2550 3514 εἰς
2578 3453 2812 3521 Χριστὸν
2855 3452 3190 3519 ἀγαπήσεως
3230 3446 3326 3501 καὶ
3354 3447 3431 3518 τῷ
3467 3445 3862 3514 ἀνυπερϐλήτῳ
3917 3446 4046 3514 δρό-

2473 3563 2557 3613 μῳ
2585 3545 2680 3595 τοῦ
2712 3544 3087 3614 κηρύγματος,
3125 3542 3223 3609 τὴν
3276 3541 3390 3593 ἄνω
3451 3537 3810 3607 Ἰερουσαλὴμ
3853 3537 4040 3606 ἑαυτῷ

2473 3634 2911 3702 καταλαϐόμενος
2945 3631 3201 3701 πατρίδα,
3221 3632 3318 3699 τὴν
3343 3633 3408 3683 ὲκ
3446 3627 3692 3681 παλαιῶν
3723 3628 4039 3696 προγόνων,

2471 3734 2564 3778 και
2587 3722 2684 3791 τῆς
2715 3721 3035 3791 σωματικῆς
3065 3723 3330 3788 γενέσεως
3361 3721 3431 3773 τὰ
3468 3719 3707 3788 Γίσχαλα
3757 3718 3949 3787 (κώμη
3988 3719 4046 3771 δὲ

2471 3818 2566 3870 νῦν
2591 3819 2651 3870 τὸ
2671 3818 2868 3887 χωρίον
2895 3821 2994 3887 τῆς
3032 3816 3311 3879 Ἰουδαίας,
3332 3815 3498 3868 πάλαι
3527 3795 3799 3882 πολίχνιον
3820 3831 4046 3881 χρημα-

2472 3910 2650 3976 τίσαν)
2674 3907 2910 3977 πατρίδα
2933 3907 3112 3978 λαχὼν
3142 3903 3254 3976 εἷχε
3286 3921 3301 3936 ⁸
3329 3907 3406 3975 τῷ
3447 3904 3742 3973 Ῥωμαϊκῷ
3767 3903 3826 3955 δὲ
3852 3903 4045 3972 δόρατι

2472 3997 2580 4048 τῶν
2633 3997 3054 4065 γεννησαμὲνων
3110 3995 3225 4065 ἅμα
3265 3998 3360 4048 καὶ
3411 3995 3626 4057 πολλοῖς
3682 3995 3889 4064 ἑτέροις
3948 3992 4046 4046 τοῦ

2475 4083 2658 4145 ἔθνους
2697 4083 3132 4146 συνεαλωκότων,
3157 4084 3200 4136 Τ
3203 4085 3404 4154 αρσοὺς
3441 4083 3588 4152 αὐτῷ
3615 4084 3676 4135 τὸ
3694 4081 4041 4151 συνενεχθὲν,

2474 4175 2532 4226 ὲν
2560 4168 2640 4235 οἷς
2670 4166 2766 4226 καὶ
2798 4175 2897 4235 τάς
2921 4174 3195 4243 μητρικάς
3250 4175 3438 4226 ἔλυσεν
3469 4175 3682 4236 ὠδίνας,
3718 4174 3900 4226 δίδωσι
3937 4189 4043 4225 τεα-

2475 4265 2647 4332 τρίδα.
2679 4284 2696 4315 ι
2721 4264 2862 4331 Ἐγὼ
2877 4267 2985 4332 γάρ
3007 4267 3143 4333 εἰμι,
3174 4267 3362 4334 φησὶν,
3383 4267 3522 4334 ἀνὴρ
3552 4265 3822 4327 Ἰουδαῖος,
3853 4281 4044 4332 γεγεν-

2476 4355 2702 4422 νημένος
2728 4358 2785 4407 ὲν
2810 4356 3007 4425 Ταρσῷ
3028 4359 3125 4426 τῆς
3143 4356 3412 4416 Κιλικίας·
3436 4375 3457 4406 ι
3479 4351 3596 4408 εἶτα
3620 4358 3721 4423 τῆς
3757 4354 4043 4422 Ῥωμαίων

2479 4447 2804 4515 φιλοτιμίας,
2832 4447 2908 4515 τῷ
2937 4447 3155 4515 μεγέθει
3199 4447 3294 4500 τοῦ
3328 4449 3562 4517 κράτους
3611 4445 4042 4515 παραμιλλωμέ-

2477 4553 2595 4604 νης,
2629 4537 2722 4588 καὶ
2760 4537 2952 4604 μέχρις
2982 4537 3162 4591 αὐτῶν
3195 4538 3306 4589 τῶν
3335 4537 3648 4603 ἀλλοφύλων
3669 4537 3732 4589 τὸ
3762 4536 4045 4604 φιλότιμον

817 4620 1147 4676 nobilitatem
1179 4634 1229 4677 et
1255 4625 1565 4693 reipublicae
1587 4636 1640 4678 et
1657 4629 1896 4681 nominis
1921 4629 2372 4697 participanilam.
2415 4612 2457 4665 Ῐ)

2415 4612 2987 4694 ΙΜιαθυττατευούσης,
3043 4629 3122 4690 είς
3167 4629 3266 4695 τὴν
3316 4628 3524 4680 τούτων
3586 4629 3884 4694 εὐγένειαν,
3953 4628 4044 4678 καὶ

818 4709 952 4764 Hinc
982 4710 1205 4778 factum,
1255 4724 1314 4769 ut
1350 4725 1603 4784 parentes
1633 4716 1805 4782 Pauli,
1859 4727 1913 4772 et
1940 4718 2052 4787 ipse
2089 4734 2185 4787 per
2213 4719 2376 4788 sylla-

816 4803 912 4857 bas
968 4819 1210 4873 paucas,
1262 4809 1561 4863 secundum
1615 4809 1881 4865 humanas
1944 4810 2088 4880 leges
2147 4810 2374 4864 Romam

818 4898 1046 4961 patriam
1101 4898 1430 4963 obtinerent,
1486 4909 1541 4954 et
1592 4899 1979 4969 rempublicam
2034 4901 2372 4954 Romanam:

817 4987 917 5039 hoc
945 4997 1050 5051 est,
1084 4989 1226 5057 quod
1270 4990 1489 5043 divinus
1529 4991 1618 5044 ille
1652 4994 1732 5043 vir
1763 4991 2090 5053 insinuavit,
2126 4992 2378 5059 inquiens

817 5075 957 5142 apud
991 5077 1365 5142 chiliarcham,
1421 5081 1515 5148 qui
1569 5083 1636 5134 de
1677 5081 1897 5134 civitate
1929 5079 2173 5135 Romana
2203 5082 2380 5150 pretio

817 5166 1033 5221 obtenta
1063 5171 1410 5238 praedicabat,
1456 5189 1474 5222 ι
1503 5171 1614 5240 Ego
1638 5183 1819 5227 autem
1855 5175 1989 5228 liber
2019 5183 2179 5227 natus
2216 5173 2325 5236 fui;
2357 5192 2375 5223 ›

821 5256 870 5308 id
924 5265 1039 5321 est,
1093 5269 1238 5312 sorte
1297 5274 1518 5329 paterna
1551 5261 1794 5315 ltomana
1825 5263 1912 5316 illa
1968 5263 2200 5316 allinitas
2250 5263 2380 5316 mihi

819 5346 1060 5417 contigit.
1101 5365 1199 5403 nec
1237 5349 1304 5407 de
1331 5363 1578 5406 materno
1613 5365 1769 5407 utero
1799 5355 2112 5422 vulgaribus
2143 5353 2382 5422 parenti-

821 5446 922 5490 bus
961 5441 1172 5507 genitus
1220 5443 1272 5494 in
1327 5444 1499 5503 lucem
1558 5447 1754 5514 prodii,
1817 5447 1909 5502 sed
1967 5449 2054 5516 qui
2116 5447 2379 5501 beneﬂcio

2482 4720 2583 4789 τῆς
2612 4721 2887 4783 πολιτείας
2914 4722 3010 4772 καὶ
3043 4720 3134 4773 τοῦ
3169 4721 3453 4790 ὀνόματος,
3479 4721 3639 4773 τοῦτο
3685 4720 3788 4788 μὲν
3815 4721 4038 4787 προῖκα,

2482 4811 2640 4864 τοῦτο
2661 4813 2718 4863 δὲ
2751 4813 2842 4864 καὶ
2869 4814 3110 4882 χρήμασι
3152 4811 3364 4873 πολλοῖς
3402 4811 3733 4881 ἀναδραμεῖν
3780 4810 4043 4879 ἐχαρίσθη

2484 4903 2704 4967 ἐξουσία
2732 4921 2747 4935 ο
2779 4905 2987 4971 γίνεται
3016 4905 3194 4958 τοίνυν
3230 4905 3294 4955 ὲκ
3323 4904 3512 4956 τούτου
3557 4903 3651 4955 καὶ
3681 4904 3794 4964 τοῖς
3827 4901 4043 4968 γονεῦσι

2477 4995 2570 5047 τοῦ
2605 4995 2893 5048 θεσπεσίου
2930 4995 3142 5047 Παύλου
3189 4995 3476 5058 συλλαϐαῖς
3500 4995 3705 5061 ὀλίγαις
3735 4993 3831 5046 καὶ
3858 4994 4042 5062 νόμοις

2477 5083 2836 5154 ἀνθρωπίνοις
2868 5085 3064 5150 πατρὶς
3094 5086 3126 5153 ή
3165 5084 3376 5154 Ῥώμη,
3413 5085 3505 5136 καὶ
3533 5085 3594 5137 τὸ
3635 5083 3927 5152 Ῥωμαίων
3950 5100 4042 5135 πο-

2479 5173 2727 5241 λίτευμα.
2757 5173 2865 5227 Καὶ
2893 5173 3047 5225 τοῦτό
3068 5174 3235 5238 ἐστιν,
3264 5174 3291 5226 ὃ
3326 5174 3422 5226 καὶ
3443 5175 3471 5225 ὁ
3500 5173 3641 5234 θεῖος
3665 5175 3872 5234 ἐκεῖνος
3905 5172 4040 5240 ἀνὴρ

2481 5266 2652 5330 ὲπεση
2662 5266 2865 5333 μήνατο
2881 5262 3053 5329 λέγων
3072 5263 3204 5332 πρὸς
3235 5264 3326 5315 τὸν
3358 5263 3635 5333 χιλίαρχον
3652 5262 3925 5332 αὐχοῦντα
3947 5263 4040 5328 τὴν

2482 5353 2538 5419 ἐξ
2566 5353 2836 5422 ἐμπορίας
2884 5352 3170 5422 Ῥωμαίων
3217 5355 3575 5421 συγγένειαν,
3626 5354 3701 5415 ὠς
3753 5371 3771 5403 t
3817 5351 4037 5418 Ἐγὼδὲ

2487 5445 2580 5496 καὶ
2615 5445 2967 5513 γεγέννημαι,
3011 5466 3028 5497 ι
3068 5445 3189 5497 ἀντὶ
3223 5445 3338 5511 τοῦ,
3373 5445 3530 5502 Κατά
3800 5461 3888 5514 μοι
3935 5460 4036 5495 πα-

2084 5648 2310 5704 VARUE
2349 5647 2747 5706 LECTIONES.

899 5757 914 5794 ι
950 5755 1162 5827 γλωςσα
1190 5759 1337 5814 dccst
1363 5761 1416 5814 in
1463 5761 1604 5818 Mon.
