4200 6444
208 443 314 506 689

1019 434 1115 493 AD
1154 433 1745 497 AMPIIILOCHIUM
1781 431 2125 505 QUIESTIO
2155 431 2355 504 CXVI,
2386 431 2615 491 CXVII.

3352 440 3460 507 690

209 552 385 622 τρῷον
412 553 450 621 ὴ
483 548 764 620 Ῥωμαῖκὴ
793 546 1083 614 συγγένεια
1115 546 1356 609 κάτεισι,
1381 549 1474 599 καὶ
1506 547 1608 599 οὐκ
1637 546 1774 599 ίδιωο

1884 543 2261 599 codicillorum
2296 543 2669 597 Romanorum
2722 543 2793 597 de
2825 559 3015 601 eorum
3037 548 3300 604 alliuitate
3338 554 3455 621 glo-

209 642 425 695 τεύουσι
463 642 575 702 τοῖς
607 637 858 705 γονεῦσιν
904 634 1149 703 λαγόνων
1204 634 1478 704 μητρῴων
1515 635 1783 705 προῆλθον

208 732 288 791 εἰς
315 728 452 798 φῶς,
488 729 605 782 ἀλλ’
654 728 755 798 ἠδη
804 727 899 779 καὶ
932 721 1029 776 τοῦ
1092 721 1405 792 Ῥωμαϊκοῦ
1450 727 1562 787 τοῖς
1598 724 1780 794 γράμ-

212 837 377 887 μασιν
403 820 600 881 αὐτοὺς
626 818 983 887 σεμνύνοντος
1014 812 1274 879 αῖματος.
1307 815 1474 867 Ὥστε
1520 816 1581 867 οὐ
1620 816 1781 884 μόνον

205 915 300 967 δύο
332 914 614 984 πατρίδες.
639 915 776 985 ὅπερ
799 915 962 980 αὐτὸς
994 913 1386 988 ἀμφισϐητεῖς,
1419 909 1499 979 τῷ
1526 909 1625 979 τῆς
1648 910 1779 979 άλη-

205 1006 356 1068 θείας
381 1007 728 1076 εὑρίσκονται
766 1009 959 1077 ῥήτορι
991 1024 1004 1037 ·
1045 1006 1159 1061 ἀλλ’
1214 1004 1317 1074 ήδη
1355 1001 1494 1070 πρὸς
1545 1000 1773 1061 ταύταις

201 1098 298 1172 ,ῖάὶ
324 1099 483 1167 τρίτη
506 1110 521 1125 ·
552 1094 627 1150 ὧν
655 1094 737 1162 εἷς
770 1100 868 1168 μὲν
889 1100 961 1152 τά
990 1098 1252 1167 Γίσχαλα,
1282 1097 1341 1146 ἐν
1368 1096 1435 1163 τῇ
1460 1092 1640 1162 μερίδι
1683 1090 1777 1143 καὶ

201 1192 394 1259 δικαίῳ
422 1193 522 1260 τῆς
540 1191 915 1261 Βενιαμίτιδος
942 1192 1115 1262 φυλῆς
1140 1187 1477 1257 ἀναφέρεται
1502 1202 1517 1217 ο
1561 1186 1611 1237 οί
1632 1184 1779 1252 Ταρ-

1883 638 2183 691 rialiantur.
2262 635 2338 690 Ita
2362 636 2485 689 duae
2519 635 2727 704 patria.
2768 638 2836 693 de
2868 654 2974 707 qua
3009 656 3068 694 re
3099 643 3195 696 tibi
3218 654 3455 711 qurstto

1879 726 2213 789 instituitur,
2272 725 2517 779 veritatis
2582 725 2659 779 illi
2712 731 2950 795 praeconi
3012 732 3449 802 contingebant;

1877 816 1970 870 sed
2018 823 2136 869 erat
2188 813 2367 868 adhuc
2413 814 2604 878 tertia;
2667 816 2840 883 prima
2877 832 3090 885 nempe,
3125 818 3350 875 Giscala
3394 823 3450 874 in

1878 907 2018 960 tribu
2080 904 2417 973 Benjainiui;
2478 903 2684 960 Tarsus
2764 906 3031 963 beneﬁcio
3080 912 3449 979 captivitatis;

1877 996 2122 1052 Romana
2183 996 2379 1051 civutas
2434 1012 2531 1065 per
2574 1007 2851 1066 parentes,
2874 1002 2965 1069 qui
2995 1016 3164 1055 censu
3199 1001 3451 1057 Romano

1878 1090 2354 1151 describebantur,
2382 1103 2503 1157 quae
2528 1089 2765 1159 dignitas
2793 1106 2889 1163 per
2922 1102 3123 1148 sortem
3167 1104 3450 1165 paternam

1881 1178 1948 1233 ad
1972 1178 2121 1231 illum
2146 1177 2434 1232 transibat.

204 1284 288 1337 σοι
325 1284 381 1335 δὲ
413 1286 510 1351 τῆς
544 1282 920 1352 αιχμαλωσεας
945 1285 1118 1355 δῶρον
1158 1283 1409 1348 ἐγένοντο
1434 1292 1449 1308 ·
1495 1276 1765 1345 Ῥωμαῖον
1803 1271 1861 1324 δὲ
1908 1270 2019 1323 τῶν
2083 1270 2353 1322 τεκόντων
2389 1271 2425 1341 ἡ
2479 1270 2559 1333 είς
2596 1270 2721 1331 τούς
2782 1270 3086 1343 Ῥωμαίους
3153 1274 3449 1345 ἀναγραφὴ

200 1376 367 1439 ποιεῖ,
394 1377 487 1427 καὶ
512 1375 573 1430 τὺ
602 1377 869 1443 πατρικὸν
889 1377 980 1430 διά
1005 1376 1099 1429 τοῦ
1130 1376 1335 1444 κλήρου
1374 1369 1651 1425 διαϐαῖνον
1696 1367 1778 1430 είς
1814 1363 1977 1418 αὐτὸν
2007 1362 2245 1431 ἀξίωμα.

730 1490 1061 1542 ΕΡΩΊῊΣΙΣ
1089 1486 1235 1543 ΡῐΖ’.

565 1578 636 1633 Ἠ
655 1578 810 1645 αὐτὴ
839 1578 1058 1646 ἀπορία
1093 1577 1191 1630 καί
1224 1577 1424 1641 λύσις.

2018 1473 2344 1541 QUAESTIO
2373 1473 2584 1530 cxvn.
2618 1473 2807 1547 [CoisL
2835 1474 3156 1547 CXXXIX.]
3188 1476 3302 1547 (ιιι)

2260 1565 2459 1620 Eadem
2486 1567 2749 1620 dubitatio
2779 1576 2830 1620 et
2854 1568 3069 1621 solutio.

1069 1688 1209 1738 Edita
1235 1702 1261 1737 a
1287 1687 1585 1737 Iontacutio
1608 1684 1714 1745 (ep.
1737 1678 1849 1737 τιτ,
1874 1678 1932 1726 ad
1958 1679 2206 1738 eumdem,
2231 1691 2279 1740 p.
2304 1679 2413 1738 378,
2434 1678 2565 1739 280).

272 1774 485 1842 Ὠσπερ
532 1774 561 1826 6
592 1774 801 1837 κλεινὸς
843 1774 1152 1845 Βαρνάϐας,
1202 1776 1265 1829 τὸ
1308 1776 1408 1844 τῆς
1462 1773 1765 1843 πραότητος

1936 1767 2402 1832 Quemadmodum
2463 1766 2759 1837 praeclarus
2803 1764 2892 1820 ille
2923 1764 3224 1829 Barnabas,
3262 1769 3441 1822 comi-

195 1868 292 1917 καὶ
326 1865 669 1932 συμπαθείας
702 1866 777 1927 ὡς
805 1866 1020 1934 άληθῶς
1059 1865 1275 1930 σκεῦος,
1309 1866 1506 1934 αῖματι
1560 1859 1767 1932 προγό-

194 1972 306 2007 νων
382 1956 631 2017 ⁹Ιουδαίος
682 1954 781 2017 ὣν,
823 1957 1069 2027 Κύπριον
1116 1958 1177 2009 τὸ
1216 1956 1325 2009 άπὸ
1358 1955 1460 2024 τῆς
1512 1951 1772 2024 πατρίδος

192 2040 349 2102 εἷλκε
381 2046 537 2112 γένος
559 2063 573 2077 ·
609 2048 703 2100 καὶ⁵
735 2050 763 2099 6
800 2048 979 2115 λόγιος
1026 2048 1321 2111 Ἀπολλὼς,
1366 2050 1396 2100 6
1441 2046 1519 2116 τῷ
1564 2044 1771 2115 κηρύγ-

194 2152 331 2205 ματι
372 2138 473 2203 τὴν
520 2138 754 2204 Ἔφεσον
778 2137 1010 2205 φθάσας,
1074 2138 1167 2193 καὶ
1201 2138 1338 2205 πρὸς
1379 2138 1480 2207 τὴν
1528 2136 1769 2204 ’“Αχα⁴ἰαν

192 2225 413 2288 διαϐάς,
459 2227 755 2296 Ἰουδαϊκῆς
786 2228 1050 2298 ὑπάρχων
1077 2226 1274 2297 φυλῆς,
1328 2228 1428 2280 ὅσα
1490 2227 1570 2289 είς
1608 2225 1768 2292 φύσιν

190 2317 528 2384 ἀναφέρεται
557 2317 665 2367 τῶν
711 2318 1152 2387 γεννησαμένων,
1184 2318 1275 2371 διὰ
1324 2321 1423 2388 τῆς
1475 2315 1768 2385 παροικίας

189 2407 296 2474 τὴν
339 2407 745 2476 Ἀλεξάνδρειαν
792 2412 1137 2478 ἐπεγράφετο
1184 2409 1418 2480 πατρίδα
1444 2425 1458 2439 ⁸
1490 2406 1631 2460 οῦτω
1672 2406 1767 2459 καὶ

188 2497 216 2546 6
264 2497 410 2566 ἱερὸς
442 2497 674 2560 Παῦλος,
707 2496 766 2560 ἐξ
800 2499 1072 2553 Ἰουδαίων
1118 2516 1177 2552 τε
1210 2500 1336 2568 φὺς,
1396 2499 1491 2553 καὶ
1536 2501 1617 2559 είς
1669 2498 1767 2567 τὴν

192 2588 547 2656 Βενιαμίτιδα
573 2589 744 2659 φυλὴν
775 2591 1103 2660 ἀνηγμένας,
1139 2592 1385 2661 Ταρσοὺς
1438 2591 1547 2643 τῶν
1578 2591 1765 2642 τεκόν-

189 2696 307 2731 των
328 2679 425 2749 τὴν
464 2679 742 2748 Ἑλληνίδα
768 2680 922 2733 πόλιν
950 2680 1339 2749 ἐπῳκηκότων,
1365 2681 1633 2748 ἐκτήσατο
1661 2696 1765 2732 πα-

186 2770 371 2839 τρίδα.
396 2770 608 2840 Ὠσπερ
628 2770 685 2822 δέ
710 2772 870 2824 πάλιν
897 2772 924 2822 6
943 2770 1237 2841 χιλίαρχος.
1266 2770 1353 2825 διά
1378 2771 1476 2838 μέν
1500 2769 1607 2822 τῶν
1636 2770 1766 2837 φύν-

187 2876 307 2911 των
327 2859 422 2910 καὶ
449 2858 551 2927 τῆς
577 2860 926 2929 ἐνεγκούσης,
960 2860 1034 2923 ὡς
1093 2861 1433 2931 πορρωτάτω
1493 2858 1586 2911 τοῦ
1630 2858 1764 2911 Ῥωο

193 2947 401 3017 μαῖκοῦ
431 2947 670 3000 διίστατο
703 2947 894 3015 γένους
917 2963 931 2976 ·
955 2948 1201 3018 χρήμασι
1223 2948 1300 3003 δέ.
1328 2946 1404 3009 ὡς
1430 2946 1592 3008 αὐτὸς
1625 2947 1765 2997 ἐκεῖ·

189 3058 285 3104 νος
316 3040 663 3108 διωμολόγει,
694 3042 773 3103 είς
793 3039 893 3112 τὴν
919 3040 1143 3094 ἐκείνων
1163 3038 1412 3093 εὐκλειαν
1442 3038 1718 3107 ἀνελήφθη
1744 3053 1759 3067 ·

1877 1860 2007 1910 tatis
2030 1866 2083 1910 et
2104 1856 2499 1925 compassionis
2532 1871 2649 1920 vas,
2697 1871 2792 1923 per
2823 1855 3087 1923 majorum
3120 1857 3444 1925 sanguinem

1875 1945 2096 2000 Ιωιωυε
2124 1956 2262 2011 erat,
2292 1947 2383 2003 sed
2428 1947 2601 2017 patria
2646 1956 2800 2002 ortus
2845 1945 3026 2018 Cypro
3065 1964 3079 2002 :
3117 1955 3171 2001 et
3201 1948 3445 2002 disertus

1876 2040 1964 2094 ille
1996 2038 2210 2109 Apollo,
2258 2040 2352 2111 qui
2385 2055 2480 2109 per
2508 2055 2662 2095 suam
2691 2039 3128 2108 pradicationem
3164 2038 3440 2108 Ephesum

1875 2132 2183 2201 occupavit,
2241 2141 2295 2185 et
2319 2132 2443 2186 inde
2472 2130 2688 2185 transiit
2710 2131 2762 2184 in
2788 2131 3069 2196 Achaiam,
3111 2147 3259 2195 cum,
3290 2132 3442 2200 quod

1875 2233 2125 2291 parentes
2178 2235 2408 2293 spectat,
2464 2224 2535 2278 de
2579 2223 2722 2277 tribu
2746 2221 2897 2277 inde
2928 2232 3095 2288 esset,
3158 2223 3443 2293 provincia

1875 2322 2053 2367 tamen
2086 2314 2449 2367 Alexandrina
2478 2313 2799 2377 oriebatur;
2829 2312 2929 2386 sic
2971 2322 3027 2366 et
3058 2324 3283 2368 sanctus
3306 2313 3443 2368 Pau-

1873 2405 1979 2471 lus,
2031 2420 2061 2457 a
2090 2403 2293 2460 Judzeis
2312 2414 2492 2468 ortus,
2542 2414 2597 2458 et
2628 2404 2693 2458 ad
2726 2405 2925 2458 tribum
2959 2402 3266 2473 Beujamiui
3301 2406 3442 2459 rela-

1873 2506 1978 2558 tus.
2008 2512 2073 2552 eo
2099 2498 2242 2567 quod
2274 2506 2522 2567 parentes
2550 2496 2779 2550 Tarsum
2816 2494 3059 2551 Griccam
3114 2498 3303 2550 urbem
3355 2498 3439 2550 iu-

1871 2589 2142 2651 colebant.
2198 2603 2317 2643 eam
2372 2587 2475 2641 sibi
2533 2587 2760 2656 patriam
2817 2586 3007 2641 habuit
3056 2605 3070 2641 :
3137 2588 3436 2643 cliiliarclia

1873 2678 2056 2733 itidem
2110 2694 2204 2745 per
2260 2679 2534 2745 genitores
2592 2691 2721 2731 suos
2779 2687 2984 2747 patrem
3034 2688 3091 2732 et
3140 2687 3371 2731 matrem
3407 2693 3436 2731 a

1870 2768 2117 2823 Romana
2165 2770 2376 2839 origine
2429 2769 2743 2837 longissime
2790 2772 2999 2832 aberat,
3056 2770 3149 2824 sed
3183 2770 3307 2823 data
3340 2785 3436 2837 pe-

1870 2862 2053 2923 cunia.
2107 2864 2253 2929 quod
2318 2860 2520 2914 fatetur
2580 2861 2715 2930 ipse,
2775 2860 2827 2913 in
2854 2860 3070 2913 illorum
3103 2860 3439 2914 nobilitatem

1869 2951 2247 3008 assumebatur
2279 2970 2293 3005 :
2328 2962 2382 3007 et
2430 2953 2579 3006 velut
2606 2953 2759 3027 urbs
2794 2952 3045 3019 Philippi,
3100 2951 3437 3006 Macedonici

1871 3043 2149 3113 regiminis
2206 3043 2541 3111 metropolis,
2604 3057 2706 3096 nec
2751 3040 3066 3095 afﬁnitatem
3094 3042 3282 3095 habuit
3309 3057 3436 3096 cum

188 3131 293 3184 καὶ
323 3129 514 3199 ὥσπερ
537 3132 570 3200 η
598 3130 877 3184 Φιλίππων
907 3132 1063 3193 πόλις
1091 3129 1190 3199 τῆς
1225 3130 1552 3183 Μακεδόνων
1593 3132 1761 3198 ἐπαρ-

1869 3131 2132 3184 ιιοιυαηίθ
2164 3132 2327 3185 ullam
2352 3170 2368 3195 ,
2415 3140 2596 3185 tamen
2634 3136 2700 3184 de
2740 3129 2985 3184 llomano
3017 3133 3238 3184 nomine
3263 3131 3439 3199 putuit

188 3222 319 3292 χίας
373 3221 707 3291 μητρόπολις
759 3217 912 3285 οὖσα,
970 3222 1062 3273 καὶ
1112 3220 1265 3272 οὐδὲν
1315 3219 1524 3272 δίκαιον
1567 3219 1767 3289 ἔχουσα

188 3314 335 3381 πρὸς
398 3314 721 3379 συγγένειαν
794 3312 1100 3381 Ῥωμαίων,
1176 3311 1329 3381 ὅμως
1388 3311 1627 3381 ἠδυνήθη
1689 3311 1767 3380 τῷ

187 3403 407 3472 ταύτης
451 3404 677 3470 ὀνόματι
710 3396 1150 3471 λαμπρυνθῆναιζ
1202 3401 1310 3453 Καὶ
1350 3402 1457 3470 γάρ
1490 3404 1539 3453 οἰ
1586 3399 1767 3469 κύριοι

186 3490 295 3558 τῆς
358 3490 670 3559 παιδίσκης,
729 3490 788 3555 ἐξ
821 3486 889 3561 ἧς
945 3492 1008 3543 τὸ
1069 3488 1163 3542 τοῦ
1208 3487 1461 3552 Πυθῶνος
1513 3489 1767 3561 ἀπηλάθη

190 3580 438 3649 πνεῦμα,
473 3580 905 3648 ἀγανακτοῦντες
931 3581 1072 3634 κατά
1098 3579 1206 3632 τῶν
1236 3580 1335 3648 τῆς
1364 3580 1621 3650 ἀληθείας
1664 3596 1768 3650 κη*

189 3672 405 3739 ρύκων.
438 3672 532 3722 καὶ⁸
580 3671 717 3738 πρὸς
768 3673 894 3734 τοὺς
949 3672 1290 3741 στρατηγοὺς
1328 3671 1579 3735 ἕλκοντες
1642 3673 1768 3735 τοὺς

185 3760 618 3825 άπαλλάξαντας
659 3762 720 3815 τὸ
746 3761 974 3832 πλάσμα
996 3761 1090 3815 τοῦ
1117 3763 1416 3831 δαιμονίου,
1442 3763 1669 3833 ἐπείπερ
1733 3764 1766 3833 ὴ

186 3853 470 3921 θεραπεία
518 3851 593 3920 τῷ
648 3851 810 3904 πάθει
832 3853 1244 3921 συναπήλαυνεν
1300 3853 1482 3907 αὐτῶν
1513 3857 1608 3907 καί⁵
1666 3855 1765 3924 τὴν

184 3942 489 4013 ἐμπορίαν,
530 3960 547 3991 ι
576 3936 737 3995 υύτοι
788 3945 836 3994 oi
868 3940 1170 4012 ἄνθρωποι,
1248 3944 1438 4009 φασιν,
1495 3946 1767 4013 ἐκταράσ-

187 4050 386 4087 σουσιν
414 4032 573 4101 ἡμῶν
617 4032 715 4101 τὴν
752 4033 931 4093 πόλιν.
970 4031 1213 4087 Ἰουδαῖοι
1256 4032 1618 4103 ὑπάρχοντες,
1673 4037 1767 4089 καὶ

184 4121 657 4189 καταγγέλλουσιν
694 4122 813 4192 ῑθη.
844 4121 880 4175 ἃ
907 4123 1007 4174 οὐκ
1043 4122 1256 4188 ἔξεστιν
1283 4125 1415 4193 ἡμῖν
1462 4125 1767 4195 παραδέχε-

184 4213 318 4264 σθαι
339 4212 462 4264 οὐδὲ
502 4216 698 4276 ποιεῖν,
742 4213 1033 4282 Ῥωμαίοις
1059 4208 1227 4267 οῦσιν.
1269 4236 1287 4265 ι
1338 4215 1501 4286 Ὁρᾷς
1540 4218 1687 4279 ὅπως
1714 4217 1766 4269 oi

182 4303 567 4370 Φιλιππήσιοι,
601 4306 669 4372 τῇ
731 4302 1015 4373 Ῥωμαίων
1067 4305 1293 4368 ἐαυτοὺς
1350 4306 1767 4377 ἐπισεμνύνουσι

183 4394 411 4464 κλήσει.
437 4394 648 4463 Ὠσπερ
681 4394 738 4447 δέ
769 4396 949 4457 πάλιν,
976 4393 1182 4447 τούτων
1206 4394 1456 4466 ὕστερον,
1500 4396 1764 4467 Ἰώσηπος

191 4482 473 4551 Ἐϐραίων
498 4498 558 4533 τε
588 4483 817 4551 γνησίας
847 4484 1056 4551 σπορᾶς
1078 4482 1472 4552 ἐκδλαστήσας,
1506 4484 1599 4536 καὶ
1621 4483 1762 4537 αὐτὰ
1795 4472 1837 4526 D

184 4572 432 4643 πατρίδα
460 4574 528 4626 τά
566 4572 916 4643 Ἱεροσόλυμα
955 4573 1395 4643 κεκληρωμένος,
1458 4576 1517 4639 ἐξ
1567 4575 1761 4644 ίερέων

176 4680 238 4716 τε
276 4663 379 4716 καὶ
411 4663 589 4732 ἱερεὺς
637 4663 766 4715 αὐτὸ
800 4662 961 4715 τοῦτο
1017 4662 1386 4733 χρηματίσας,
1425 4663 1565 4735 πλὴν
1624 4665 1761 4734 πρὸς

174 4756 245 4823 τῇ
295 4752 590 4822 Ῥωμαίων
624 4751 838 4821 κλήσει,
884 4752 981 4805 καὶ
1007 4755 1106 4823 τὴν
1141 4752 1396 4819 Φλάϐιος
1420 4755 1762 4825 ἐπεγράφετο

178 4844 613 4914 προσηγορίαν·
662 4844 690 4896 6
734 4845 905 4914 γέρας
954 4846 987 4914 ἠ
1034 4842 1131 4897 τοῦ
1180 4846 1593 4899 Οὐεσπασιανοῦ
1661 4849 1763 4899 ἐπ.

172 4937 407 5005 ωνυμία
421 4937 532 4999 τοῖς
559 4934 869 5005 Ῥωμαϊκὴν
904 4935 1161 5005 αὐχοῦσιν
1188 4937 1285 5008 τὴν
1308 4938 1630 5005 συγγένειαν
1655 4938 1760 4990 ἐδί.

170 5030 313 5105 δουε
363 5027 475 5079 Καὶ
525 5027 587 5079 οὐ
622 5028 781 5097 μόνον
844 5028 1113 5096 Ῥωμαῖον
1172 5029 1336 5081 αὐτὸν
1388 5032 1481 5083 καὶ
1533 5029 1761 5083 Φλάδιον

174 5118 527 5188 ἀναγράφων
560 5116 797 5186 οὐδαμοῦ
832 5118 1009 5184 ξενίας
1061 5120 1089 5171 6
1140 5118 1402 5188 Ἰώσηπος
1429 5121 1605 5175 siler
1638 5122 1761 5173 καί-

170 5230 262 5266 τοι
290 5209 512 5262 πολλῶν
566 5208 645 5279 τῷ
676 5208 857 5279 φθόνῳ
903 5209 1022 5261 κατ’
1072 5208 1239 5263 αὐτοῦ
1272 5210 1571 5280 βαλλόντων
1597 5227 1613 5243 ο
1644 5211 1761 5265 ἀλλ’

170 5303 292 5357 οὐδ’
331 5301 562 5365 ἔνδειξιν
590 5301 840 5371 εἰσήχθη.
886 5300 947 5353 El
999 5299 1179 5369 βούλει
1214 5301 1271 5353 δὲ
1305 5305 1399 5355 καὶ
1454 5304 1592 5372 αὐτὴ
1648 5302 1760 5357 τῶν

182 5389 597 5461 ,Ιεροσολύμων
657 5390 691 5457 ἡ
759 5389 934 5454 πόλις,
980 5393 1193 5458 γενεαῖς
1233 5391 1489 5462 ὑστέραις
1544 5396 1609 5446 ἐκ
1658 5394 1757 5464 τῆς

183 5482 483 5555 Ἀδριανοῦ
514 5482 897 5552 προσωνυμίας
929 5483 1028 5552 τὴν
1058 5481 1255 5535 Αἰλίων
1279 5483 1467 5554 κλῆσιν
1494 5484 1754 5555 λαχοῦσα,

248 5595 301 5625 ⁸⁸
347 5597 473 5649 Act.
509 5610 620 5659 nt,
648 5595 737 5647 ΞΟ.

1870 3222 2130 3278 illustrari
2165 3240 2179 3276 :
2239 3238 2366 3276 nam
2405 3223 2571 3279 herus
2610 3223 2755 3276 illius
2780 3222 2988 3276 ancilla
3015 3236 3047 3277 ε
3075 3237 3182 3290 qua
3207 3221 3438 3290 spiritus

1868 3313 2207 3385 Pythonicus
2252 3314 2375 3382 fuit,
2432 3315 2746 3384 indignatus
2786 3324 2971 3368 contra
3004 3314 3248 3368 veritatis
3293 3325 3435 3379 pra:-

1869 3422 2056 3467 cones,
2109 3417 2162 3459 et
2192 3406 2413 3459 trabeas
2445 3406 2565 3459 illos
2588 3405 2653 3458 ad
2696 3405 3073 3473 magistratum
3106 3402 3435 3471 puniendos.

1866 3497 1961 3566 qui
2010 3504 2313 3550 creaturam
2345 3492 2437 3549 Dei
2495 3509 2526 3547 a
2568 3494 2786 3547 diabolo
2821 3492 3166 3554 liberaverat,
3200 3506 3266 3544 eo
3292 3492 3440 3560 quod

1867 3600 1961 3656 per
2011 3585 2347 3639 curationem
2405 3583 2552 3637 illam
2585 3584 2801 3637 illorum
2842 3596 3061 3650 quoque
3092 3584 3305 3636 lucrum
3337 3582 3435 3635 ab-

1870 3676 2122 3742 sciderat,
2165 3694 2184 3726 ι
2214 3676 2307 3733 [sti
2337 3676 2604 3739 homines,
2637 3676 2912 3745 inquiens.
2935 3689 3062 3729 cum
3103 3676 3215 3729 sint
3240 3672 3444 3735 Judaei.~

1868 3778 2109 3824 nostram
2159 3767 2486 3824 conturbant
2532 3768 2828 3829 civitatem,
2874 3777 2929 3820 et
2965 3768 3227 3836 quasdam
3281 3768 3448 3823 nobis

1866 3857 2166 3911 obtrudunt
2230 3857 2693 3920 consuetudines,
2761 3872 2899 3926 quas
2973 3857 3263 3911 admittere
3324 3872 3435 3911 nou

1866 3949 2153 4013 debemus,
2221 3964 2344 4004 cum
2418 3948 2649 4001 Romani
2700 3949 2875 4003 simus
2914 3949 2982 4001 ".
3035 3968 3051 3999 ο
3126 3946 3290 4003 Vides
3347 3948 3440 4002 bic

1865 4041 2240 4108 Pliilippeuses
2308 4040 2466 4093 titulo
2526 4053 2585 4093 se
2640 4039 2887 4092 Romano
2937 4039 3307 4094 venditantes.
3365 4038 3440 4097 Et

1866 4142 1989 4203 post
2034 4147 2098 4187 ea
2152 4143 2419 4200 tempora,
2471 4129 2744 4199 Jusepbus
2790 4147 2820 4185 α
2872 4129 3101 4185 Judaica
3137 4131 3441 4200 propagiuo

1866 4223 2099 4293 genuina
2135 4224 2370 4291 genitus,
2411 4232 2464 4277 et
2519 4224 2746 4291 patriam
2779 4223 3007 4276 sortitus
3050 4220 3375 4284 Jerusalem.
3406 4238 3444 4275 ο

1866 4317 2208 4371 sacerdotum
2268 4314 2437 4383 stirpe
2478 4314 2736 4367 sacerdos
2794 4314 2909 4382 ipse
2941 4353 2959 4377 ,
3050 4322 3232 4365 tamen
3284 4327 3440 4367 more

1868 4408 2117 4461 Romano
2173 4404 2390 4459 Flavius
2444 4404 2726 4458 dicebatur
2774 4420 2788 4459 :
2856 4419 3022 4472 quem
3078 4404 3155 4456 illi
3210 4404 3437 4456 honoris

1868 4498 2120 4559 titulum,
2176 4495 2496 4565 Vespasiani
2550 4509 2861 4564 praenomen
2913 4494 3083 4557 dedit,
3138 4508 3264 4548 cum
3323 4493 3437 4549 illis

1866 4603 2233 4646 communem.
2300 4587 2395 4653 qui
2464 4585 2933 4655 consanguinitate
2984 4600 3109 4639 cum
3170 4584 3434 4639 Romanis

1866 4679 2266 4735 efferebantur?
2320 4675 2429 4731 Nec
2449 4675 2706 4745 Josephu,
2736 4678 2829 4745 qui
2864 4676 3171 4731 Romanum
3217 4684 3273 4729 et
3304 4675 3431 4728 Fla-

1867 4770 2014 4823 vium
2054 4768 2391 4838 iudigitabat,
2430 4768 2605 4824 dicam
2629 4768 2794 4835 aliqui
2831 4765 3009 4831 ξενίας
3059 4766 3426 4833 inscripsere;

1862 4876 1985 4914 cum
2038 4871 2217 4914 tamcn
2269 4875 2336 4912 ex
2370 4859 2567 4912 invidia
2611 4860 2685 4911 illi
2738 4860 2920 4927 plures
2967 4858 3428 4919 adversarentur;

1863 4949 1959 5004 sed
1990 4964 2087 5003 nec
2104 4949 2414 5018 rapiebatur
2441 4948 2558 5001 κατ’
2576 4948 2824 5013 ἔνδειξιν,
2856 4950 2922 5001 ad
2941 4947 3131 5016 judicii
3155 4947 3426 5001 tribunal:

1865 5056 2051 5095 verum
2094 5050 2148 5096 et
2206 5040 2323 5109 ipsa
2390 5042 2519 5094 urbs
2587 5037 3115 5108 Hierosolymitaua,
3173 5040 3425 5107 sequenti

1862 5133 2081 5195 tta-culo,
2147 5132 2213 5186 de
2264 5132 2485 5185 Adriani
2535 5132 2753 5184 nomine
2788 5128 2949 5184 Allia:
2973 5131 3131 5183 titulo
3159 5128 3424 5197 insignit:-

1867 5225 2055 5287 batur,
2107 5234 2161 5279 et
2215 5239 2384 5294 genus
2438 5223 2539 5278 hoc
2593 5233 2749 5292 pacto
2810 5223 3059 5278 indutum
3111 5222 3423 5277 Romanum

1863 5313 2222 5366 communiter
2274 5326 2487 5380 semper
2547 5313 2862 5367 vocabatur.
2944 5309 3417 5375 Quemadmodum

1860 5410 2039 5457 autem
2093 5402 2181 5457 isti
2206 5419 2415 5465 omnes,
2456 5405 2675 5457 natione
2704 5413 2757 5457 et
2784 5403 2960 5473 patria
2998 5416 3125 5455 cum
3157 5401 3424 5469 alienige-

1859 5509 1943 5547 na:
1990 5505 2192 5559 essent,
2242 5495 2293 5548 iu
2321 5495 2593 5549 civitatem
2640 5493 2941 5549 Romanam
2974 5492 3131 5547 asciti
3172 5491 3423 5556 fuerant;

1700 5661 1926 5717 NOTAE.

246 5755 376 5820 (21)
408 5752 531 5807 Haec
552 5765 777 5819 quaestio
804 5756 855 5809 iu
880 5758 999 5809 cod.
1043 5755 1265 5808 Tauriu.
1300 5756 1476 5810 iudice
1516 5771 1622 5808 non
1650 5771 1744 5807 nu-

168 5833 433 5884 meratur
456 5822 616 5890 ;inde
642 5825 1023 5883 aCoisliniauo
1045 5825 1241 5890 ώσω,
1263 5842 1386 5881 cum
1418 5841 1523 5895 quo
1552 5827 1603 5878 in
1633 5841 1734 5878 uu-

1851 5771 1998 5808 mero
2017 5764 2072 5809 et
2099 5756 2289 5812 ordine
2309 5757 2451 5811 circa
2481 5756 2577 5812 138
2605 5760 2813 5828 priores
2830 5763 3165 5830 qutestioucs
3186 5778 3424 5820 consen-

1845 5837 2009 5879 serat.
