4200 6444
801 397 901 463 691

1938 408 2201 468 ΡΠΟΤῙΙ
2233 406 2740 468 PATRIARCIUE
2776 409 2889 470 CP.

3934 413 4038 475 692

802 510 880 561 sic
913 516 966 562 et
998 507 1136 561 beati
1169 507 1318 561 Pauli
1357 520 1604 577 parentes
1630 528 1755 567 cum
1785 515 1950 568 vitam
1967 532 2118 570 suam
2140 526 2360 585 agerent
2393 526 2429 576 Α
2459 517 2695 584 δημοποι

2466 517 2856 584 δημοποιητὺν.
2889 517 2965 578 ὡς
2995 518 3162 584 φάναι
3191 518 3253 572 τδ
3281 519 3434 586 ἔπος,
3465 520 3527 572 τδ
3555 520 3848 589 Ῥωμαῖων
3883 522 4036 587 γένος

801 613 909 650 non
943 598 996 649 in
1043 597 1271 651 obscura
1321 610 1478 667 gente
1515 599 1848 668 Judzeorum,
1909 605 2001 658 sed
2046 607 2184 659 ultra
2212 622 2363 660 cont-

2463 607 2648 658 ὑπέδυ.
2673 609 2884 674 Ὠσπερ
2904 607 2998 659 οῦν
3013 604 3158 661 οὗτοι
3186 611 3407 674 πάντες,
3432 597 3618 673 ἔθνους
3645 615 3738 664 καὶ
3775 611 4036 679 πατρίδος

801 704 1020 743 ιιιιιιιοιη
1071 691 1412 758 popularium
1451 702 1653 747 sortem
1683 695 1832 764 digni
1869 696 2229 759 habebantur.
2264 698 2358 765 qui
2461 699 2614 758 ὀντες
2643 698 2695 750 ἀ]

2466 699 2614 758 ὗντες
2643 697 2944 766 ἀλλόφυλον
2978 698 3020 761 ι,
3054 703 3132 763 εἰς
3163 701 3262 770 τὴν
3303 702 3615 772 Ῥωμαϊκὴν
3653 702 3915 755 ἐτέλεσαν
3946 720 4040 752 πο-

798 779 1047 832 tribubus
1102 777 1360 833 ltomanis
1419 782 1640 851 ascripti
1713 795 1767 838 et
1830 785 2087 842 societate
2171 803 2362 842 eorum
2463 787 2691 858 λιτογρα

2466 787 2822 858 λιτογραφίαν
2854 805 2871 821 ·
2905 789 3050 842 οὕτω
3099 793 3193 844 καὶ
3241 793 3291 843 οἱ
3334 791 3433 845 ὶτοῦ
3472 793 3765 845 θεσπεσίου
3822 794 4039 844 Παύλου

798 870 1094 936 gauderent
1129 885 1143 922 :
1182 868 1383 923 Paulus
1436 876 1732 941 prudenter
1765 878 1931 932 sortis
1971 888 2207 947 paterme
2236 896 2362 935 suc-

797 960 1123 1020 cessionem.
1162 970 1216 1014 et
1260 962 1595 1018 nobilitatem
1622 966 1686 1020 ad
1723 981 1780 1021 se
1810 983 1839 1020 a
1871 971 2186 1036 parentibus
2216 971 2360 1024 deri-

799 1058 976 1102 vatam
1018 1065 1122 1103 non
1157 1051 1457 1120 ignorabat.
1507 1054 1766 1123 Deinceps
1800 1057 1964 1126 igitur
1993 1059 2086 1112 tibi
2114 1074 2266 1114 curae
2292 1061 2365 1114 sit

798 1152 909 1192 non
969 1140 1129 1194 modo
1190 1142 1347 1195 dubia
1402 1158 1722 1213 proponere,
1773 1148 1866 1200 sed
1922 1157 1978 1202 et
2035 1150 2363 1218 peculiarem

799 1229 1016 1284 illorum
1072 1232 1400 1288 solutionem
1468 1249 1771 1304 acceptare,
1825 1246 1880 1291 et
1916 1238 2004 1292 illa
2043 1249 2361 1294 contentum

798 1337 920 1377 esse
977 1339 990 1375 :
1053 1338 1178 1376 nam
1221 1325 1266 1378 si
1324 1326 1448 1393 quis
1507 1329 1820 1383 dialecticas
1878 1332 2235 1398 quaestiones,
2295 1332 2365 1384 ab

800 1412 1142 1474 immediatis.
1172 1424 1227 1467 et
1243 1415 1435 1483 primis
1465 1426 1519 1470 ct
1549 1419 1682 1470 καθ’
1708 1419 1842 1472 αὐτὸ
1872 1430 2100 1474 conetur
2131 1422 2361 1486 solvere,

799 1502 1039 1558 ludibrio
1060 1505 1364 1566 habebitur,
1389 1522 1490 1561 nec
1507 1510 1770 1564 mendacii
1799 1511 2018 1579 ell'ugiet
2047 1513 2315 1566 actionem
2342 1531 2356 1577 ;

797 1603 854 1646 et
912 1595 959 1648 si
1014 1595 1140 1663 quis
1205 1595 1258 1648 in
1311 1596 1597 1654 rhetoricis
1652 1601 1868 1670 regulas
1921 1601 2279 1656 elementares
2303 1613 2362 1656 ut

800 1687 1135 1740 necessarias
1185 1687 1462 1755 requirat;
1524 1691 1571 1744 si
1629 1691 1683 1744 in
1723 1692 2122 1746 mathematicis
2148 1693 2364 1762 politica

797 1778 1130 1830 theoremata
1167 1789 1221 1831 et
1248 1781 1612 1848 superﬁcialcs
1639 1782 2014 1850 persuasiones
2046 1784 2098 1836 in
2123 1782 2361 1837 medium

2463 883 2659 944 γονεῖς,
2691 881 2792 934 οὐκ
2819 882 2878 934 ιν
2898 881 2976 950 τῷ
3000 881 3246 950 λεληθότι
3272 884 3370 952 τῆς
3416 883 3713 952 Ἰουδαϊκῆς
3751 883 4034 941 πολιτείας

2468 969 2731 1037 βιοῦντες,
2768 971 2901 1024 ἀλλά
2932 972 3153 1024 καὶτῶν
3175 973 3384 1024 πολλῶν
3407 973 3621 1041 ἔχοντές
3641 989 3696 1024 τι
3723 973 3913 1031 πλέον,
3945 971 4041 1037 τῆς

2481 1059 2802 1129 Ῥωμαῖκῆς
2829 1063 3064 1129 φατρίας
3100 1063 3324 1130 φυλέται
3342 1062 3431 1115 διὰ
3450 1063 3548 1128 τῆς
3574 1061 3864 1130 ἐγγραφῆς
3891 1061 4041 1128 ἀκρί-

2474 1152 2647 1218 θησαν
2680 1153 2779 1203 οὐκ
2803 1152 3013 1219 ἀνάξιοι
3041 1155 3375 1221 χρηματίσαι
3396 1171 3410 1185 °
3458 1154 3520 1217 ἐξ
3546 1147 3607 1205 οὗ
3659 1155 3751 1205 καὶ
3783 1154 3815 1202 6
3875 1152 4041 1216 σοφὸς

2470 1239 2685 1301 Παῦλος
2714 1240 2965 1309 διαδοχῆς
3012 1241 3202 1311 κλήρῳ
3253 1243 3352 1311 τὴν
3419 1241 3707 1310 Ῥωμαίων
3750 1242 4041 1307 εὐγένειαν

2467 1329 2734 1397 πατρόθεν
2764 1331 2914 1399 αύτῷ
2939 1330 3231 1384 κατιοῦσαν
3250 1332 3348 1383 οὐκ
3383 1332 3585 1400 ὴγνόει.
3618 1332 3692 1383 Τὸ
3715 1331 3908 1383 λοιπὸν
3942 1347 4044 1398 μη-

2472 1421 2589 1472 κέτι
2615 1437 2699 1472 σοι
2748 1421 2810 1473 τὸ
2852 1422 3076 1490 ἀπορεῖν
3109 1423 3270 1490 μόνον
3295 1437 3308 1450 ·
3341 1423 3478 1475 ἀλλά
3527 1422 3662 1475 πολὺ
3715 1423 3926 1491 μᾶλλον
3979 1423 4037 1472 τὸ

2466 1511 2744 1579 ἐπιζητεῖν
2773 1511 2835 1564 τὸ
2881 1514 3078 1565 οἰκεῖον
3107 1512 3217 1564 τῶν
3252 1510 3486 1575 λύσεων,
3529 1515 3624 1565 καὶ
3669 1513 3895 1581 ἀγαπᾷν
3925 1514 4042 1564 ἑπι-

2471 1604 2658 1672 μέλεια
2696 1602 2954 1669 γινέσθω.
2995 1603 3207 1672 Ὠσπερ
3238 1603 3347 1673 γὰρ
3378 1604 3430 1656 εί
3451 1621 3532 1664 τις
3561 1606 3627 1656 τά
3674 1603 3818 1656 κατὰ
3863 1603 4043 1655 διαλε-

2469 1694 2664 1764 κτικὴν
2693 1693 3008 1765 ζητήματα,
3055 1695 3115 1759 ἐξ
3151 1697 3376 1764 ἀμέσων
3404 1713 3465 1749 τε
3521 1697 3614 1748 καὶ
3660 1693 3902 1760 πρώτων
3951 1695 4041 1747 καὶ

2466 1782 2574 1835 τῶν
2603 1781 2724 1834 καθ’
2746 1782 2900 1846 αὐτὸ,
2942 1782 3179 1851 πειρῷτο
3206 1781 3586 1843 διαλύσασθαι,
3631 1780 3808 1840 διδοὺς
3840 1780 3906 1831 τὸ
3951 1795 4046 1847 γε·

798 1867 1042 1935 proferre
1076 1870 1325 1934 voluerit,
1370 1887 1440 1926 ne
1504 1874 1633 1941 quid
1692 1873 1891 1929 ftedins
1923 1873 2124 1940 dicam,
2167 1875 2241 1927 ita
2280 1883 2366 1927 est
2396 1866 2436 1920 Β
2469 1875 2632 1934 λοῖον,
2663 1890 2692 1924 ο

2469 1875 2632 1934 λοῖον,
2663 1872 2784 1924 οὐδὲ
2810 1873 2911 1940 τὴν
2932 1873 3025 1924 τοῦ
3053 1872 3282 1941 ψεύδους
3313 1873 3470 1941 δίκην
3493 1871 3776 1939 διαψεύγει
3803 1886 3817 1898 ·
3846 1869 3947 1922 καὶ
3991 1870 4043 1921 ὲν

797 1969 851 2008 et
884 1959 1004 2022 hic;
1044 1961 1160 2023 sed,
1198 1970 1252 2014 et
1279 1962 1323 2015 si
1346 1963 1470 2031 quis
1501 1965 1663 2017 etiam
1694 1964 1982 2019 historicas
2008 1965 2368 2032 quaestiones,

799 2063 907 2101 non
942 2063 1005 2103 ex
1054 2051 1277 2104 historia
1313 2054 1410 2107 sed
1441 2055 1661 2108 aliunde
1680 2055 1878 2117 solvat,
1909 2069 2014 2108 non
2040 2064 2124 2108 est
2152 2071 2374 2125 speran-

797 2139 926 2191 dum
985 2153 1148 2208 posse
1198 2141 1349 2196 illum
1409 2146 1475 2199 ad
1521 2145 1837 2200 historicam
1887 2146 2172 2200 veritatem
2237 2161 2361 2215 per-

798 2231 1013 2297 ?enire;
1043 2232 1114 2287 ita
1139 2245 1190 2286 et
1225 2234 1332 2288 hic.

2473 1963 2733 2034 ῥητορεία
2759 1965 3084 2033 γραμμικὲκ
3109 1966 3137 2016 6
3165 1963 3414 2016 ἀπαιτῶν
3447 1963 3714 2030 ἀνάγκας,
3745 1962 3845 2015 καὶ
3874 1963 3908 2013 6
3940 1961 4042 2014 τῶν

2472 2056 2608 2108 κατὰ
2641 2056 2709 2107 τὰ
2760 2057 3056 2126 μαθήματα
3088 2054 3465 2124 θεωρημάτων
3509 2053 3794 2114 πολιτικάς
3857 2069 3918 2104 τε
3955 2051 4043 2104 καὶ

2472 2147 2828 2209 ἐπιπολαίους
2856 2147 3070 2210 πίστεις
3107 2145 3400 2215 ἐπιχειρῶν
3444 2144 3800 2215 προκομίζειν
3863 2159 4042 2212 παρα-

2473 2237 2702 2305 πλήσιόν
2736 2254 2810 2294 τι.
2877 2237 2965 2288 ἵνα
3024 2235 3095 2304 μὴ
3133 2233 3610 2304 ἀσχημονέστερον
3652 2232 3814 2292 εῐπω,
3872 2244 4042 2282 κατα·

793 2319 1066 2389 λαμϐάνει
1091 2337 1105 2351 ⁸
1127 2322 1221 2374 καὶ
1249 2322 1373 2382 τοὺς
1404 2321 1520 2374 ὅσοι
1549 2321 1656 2373 τῶν
1685 2323 1806 2376 καθ’
1834 2324 2078 2393 ἱστορίαν
2111 2323 2441 2392 ζητημάτων
2507 2326 2606 2389 οὐχ
2673 2327 2983 2395 ίστορικῶς,
3031 2324 3149 2378 ἀλλ’
3218 2325 3278 2388 ἐξ
3324 2325 3512 2394 ἐτέρου
3569 2321 3782 2390 γένους,
3852 2319 4042 2373 ἑλπίδα

798 2415 1100 2481 ἀνέχουσιν,
1132 2418 1210 2475 είς
1246 2414 1482 2484 μάθησιν
1509 2415 1684 2467 ἐλθεῖν
1711 2415 1811 2484 τῆς
1835 2416 2112 2485 ἀληθείας.

797 2505 1125 2575 ΩῢλΕὸΤΙΟ
1149 2504 1380 2560 CXVIII.
1429 2505 1618 2578 [σοιτί.
1647 2506 1804 2572 CXL,
1864 2507 2026 2561 Tuur.
2049 2505 2368 2578 CXXXIX]

1147 2597 1253 2652 Cur
1274 2600 1610 2652 circumcisus
1641 2609 1717 2652 est
1747 2598 1988 2652 Christus
2007 2602 2033 2655 Ρ

3001 2496 3335 2552 ΕΡΩΤΗΣΙΣ
3365 2496 3518 2548 Plil'.

2770 2593 2876 2648 Διὰ
2905 2591 2962 2646 τι
2988 2589 3345 2658 περιετμήθη
3374 2592 3406 2642 ό
3463 2587 3714 2654 Χριστός.
3741 2602 3762 2649 ἶ

1558 2711 1697 2762 Edita
1722 2728 1748 2762 a
1769 2712 2068 2763 lontacutio
2090 2716 2193 2776 (ep.
2225 2712 2336 2774 ets,
2367 2713 2432 2761 ad
2453 2714 2625 2774 Georg.
2651 2708 2927 2768 Nicomcd.,
2949 2719 2996 2768 p.
3028 2704 3275 2762 580-383).

869 2815 1218 2872 Profunditas
1248 2819 1448 2874 divinae
1473 2820 1855 2881 Providentiae,
1893 2834 1988 2886 per
2015 2834 2179 2886 qnam
2209 2817 2368 2872 Jesus

798 2909 1050 2988 Christus
1078 2911 1215 2963 Deus
1243 2920 1429 2964 noster
1458 2913 1511 2963 in
1537 2926 1702 2964 carne
1730 2925 1828 2964 sua
1852 2910 2367 2974 circumcidebatur,

798 3001 853 3054 in
879 3001 1211 3070 judiciorum
1229 3003 1485 3070 abyssum
1512 3001 2056 3070 impervestigabilem
2072 3001 2367 3054 humanam

798 3103 1220 3161 exsuperantem
1283 3093 1668 3161 cogitationem
1718 3092 2056 3160 inmergitur
2112 3110 2126 3144 :
2185 3092 2289 3144 hoc
2337 3107 2368 3144 c

798 3186 1040 3242 doctrina
1072 3185 1350 3240 beatorum
1383 3183 1604 3236 Patrum
1646 3193 1948 3256 acceptum;
1986 3182 2220 3250 denique
2265 3182 2366 3249 ipsi
2395 3221 2438 3276 ϐ

799 3283 866 3334 ad
905 3278 1265 3347 cognitionem
1317 3275 1676 3342 cogitationes
1711 3281 1929 3326 nostras
1960 3279 2364 3334 convertentes,

800 3383 1191 3440 cognoscemus
1213 3380 1321 3418 non
1347 3379 1466 3417 esse
1489 3365 1704 3431 penitus
1734 3362 2024 3416 insolubile
2054 3379 2067 3414 :
2097 3361 2366 3431 imprimis

800 3460 947 3513 enim
986 3472 1115 3512 caro
1146 3455 1224 3508 illi
1264 3454 1776 3518 circumcidehatur,
1823 3452 1890 3505 ad
1928 3451 2366 3519 redarguendum

802 3566 897 3604 ros
951 3549 1044 3618 qui
1095 3547 1258 3600 Vetus
1313 3545 1726 3599 Testamentum
1787 3543 2257 3611 blasphemabant,
2317 3550 2371 3594 et

802 3640 1055 3693 c'onvitiis
1106 3636 1468 3706 lcgislatorcm
1500 3633 1994 3701 prosequebantur.
2051 3629 2190 3683 Cum
2218 3631 2366 3682 enim

801 3727 1271 3783 circnmcisioncm
1293 3725 1363 3777 ibi
1385 3724 1710 3786 institutam,
1741 3720 1886 3790 quod
1908 3735 2101 3787 negare
2125 3734 2229 3770 non
2246 3734 2370 3786 pos-

803 3829 964 3881 sunt,
1013 3818 1060 3870 is
1111 3816 1338 3876 subiret,
1379 3811 1473 3880 qui
1519 3813 1730 3872 bonus,
1789 3819 1844 3861 et
1889 3808 2030 3860 Deus
2080 3807 2368 3872 existebat,

805 3917 990 3976 aperte
1053 3912 1239 3975 patet,
1324 3904 1494 3973 legem
1574 3902 1641 3955 de
1718 3898 2132 3954 circumcisione
2194 3895 2370 3950 I'crcn-

808 4014 913 4054 tem
954 4009 1008 4054 et
1051 3999 1255 4053 bonum
1309 4011 1528 4065 quoque
1571 4010 1714 4058 esse,
1756 4002 1811 4046 et
1862 3992 1989 4045 boni
2053 3990 2368 4057 largitorem

807 4097 994 4158 l'.issc,
1033 4092 1298 4161 ejusdem,
1338 4092 1501 4155 cujus
1550 4089 1628 4141 illi
1678 4097 1852 4150 erant,
1907 4086 2229 4153 participem
2267 4099 2367 4136 na-

2542 2819 2616 2868 Τὸ
2651 2816 2747 2882 μὲν
2779 2811 3074 2881 βαθύτερον
3105 2808 3205 2876 τῆς
3236 2807 3516 2878 Προνοίας,
3541 2805 3621 2858 δι’
3646 2804 3715 2875 ἢν
3758 2802 3966 2872 Ἰησοῦς
4008 2802 4041 2856 ὁ

2471 2907 2706 2976 Χριστὸς
2738 2905 2830 2956 καὶ
2851 2903 2981 2963 Θεὸς
3016 2900 3194 2970 ἡμῶν,
3229 2899 3392 2968 σαρκὶ
3419 2898 3515 2966 τὴν
3537 2896 3842 2968 περιτομὴν
3866 2895 4038 2965 ἔσχεν,

2472 3001 2550 3062 εἰς
2582 2999 2673 3050 τὸν
2715 2993 3134 3062 ἀνεξερεύνητον
3173 2991 3336 3043 αὑτοῦ
3390 2991 3497 3042 τῶν
3530 2989 3818 3058 χριμάτων
3859 2986 4037 3054 βυθὸν,

2470 3089 2567 3156 τῆς
2603 3085 2951 3156 ἀνθρωπίνης
3007 3082 3325 3152 ἀναχωροῦν
3373 3081 3629 3142 διανοίας.
3670 3079 4032 3132 καταδύεται·

2472 3181 2507 3233 ἃ
2531 3181 2608 3243 δὲ,
2643 3180 2734 3229 καὶ
2750 3177 2858 3230 τῶν
2881 3175 3170 3246 μακαρίων
3193 3174 3348 3244 ἡμῶν
3375 3173 3636 3240 Πατέρων
3672 3171 4034 3223 διδασκόντων

2472 3273 2565 3322 καὶ
2591 3269 2748 3321 αὑτοὶ
2794 3265 3217 3327 διασκοποῦντες
3271 3265 3524 3320 συνιδεῖν,
3566 3263 3665 3331 οὐχ
3707 3262 4033 3330 εὑρίσκομεν

2472 3360 2700 3427 ἄπορον.
2723 3356 2943 3426 Πρῶτον
2976 3357 3072 3424 μὲν
3103 3355 3190 3407 ἐπ’
3215 3356 3421 3423 ἐλέγχῳ
3443 3353 3703 3422 τέμνεται
3739 3353 3838 3421 τὴν
3868 3352 4039 3419 σάρκα

2469 3449 2577 3502 τῶν
2599 3449 2696 3516 τὴν
2735 3446 2980 3499 Παλαιὰν
3007 3444 3432 3512 δυσφημούντων
3463 3442 3761 3509 Διαθήκην,
3808 3443 3904 3492 καλ⁵
3956 3442 4041 3492 τον

2470 3541 2528 3591 ὲν
2557 3540 2692 3607 αὐτῇ
2717 3537 3149 3605 νομοθετήσαντα
3170 3534 3360 3603 ῦϐρεσι
3385 3531 3705 3600 βαλλόντων.
3738 3533 3815 3582 Δι’
3843 3524 3916 3582 ὧν
3937 3530 4040 3598 γὰρ

2472 3632 2570 3699 τὴν
2610 3627 2820 3680 ἐκεῖθεν
2844 3627 3088 3679 δοθεῖσαν
3125 3625 3450 3693 περιτομὴν,
3515 3627 3590 3684 ῶς
3625 3623 3733 3674 οὐδ’
3787 3621 3856 3673 ἂν
3888 3623 4040 3671 αὐτοὶ

2471 3720 2781 3789 ἀρνηθεῖεν,
2830 3721 2858 3769 ὁ
2892 3715 3089 3782 ἀγαθός
3121 3733 3182 3768 τε
3226 3716 3319 3767 καὶ
3350 3715 3560 3783 ἀληθὴς
3621 3713 3753 3774 θεὸς
3807 3713 4038 3777 ὑπέστη,

2471 3815 2584 3872 τοῖς
2617 3809 2800 3878 ἔργοις
2831 3807 3013 3868 αὐτοῖς
3043 3808 3331 3874 μαρτυρεῖ,
3365 3805 3458 3855 τὸν
3487 3802 3586 3869 τῆς
3621 3803 3928 3870 περιτομῆς
3953 3817 4037 3851 νο·

2479 3899 2712 3968 μοθέτην
2735 3897 2939 3964 ἀγαθόν
2983 3912 3042 3946 τε
3085 3890 3243 3958 εἶναι,
3297 3893 3391 3945 καὶ
3434 3889 3652 3957 ἀγαθῶν
3685 3890 3912 3959 δοτῆρα,
3951 3895 4040 3942 καὶ

2472 3991 2571 4058 τῆς
2588 3989 2757 4058 αὐτῆς
2793 3987 3006 4055 φύσεως
3051 3983 3326 4037 κοινωνόν.
3353 3984 3428 4037 Οὐ
3461 3981 3571 4050 γὰρ
3613 3981 3678 4035 ἀν
3704 3997 3852 4042 τινος
3887 3979 4040 4041 ὀντες

2473 4079 2744 4140 ἐναντίας,
2788 4073 2949 4143 ἠτῆς
2979 4072 3313 4141 ἀγαθότητος
3340 4071 3491 4140 πηγὴ
3539 4069 3638 4130 τὰς
3692 4069 3903 4121 ἐκεῖθεν
3946 4067 4040 4119 τοῦ

2473 4170 2636 4236 νόμου
2679 4165 2898 4235 ῥανίδας
2935 4164 3025 4216 διὰ
3081 4163 3180 4232 τῆς
3225 4161 3426 4232 σαρκὸς
3479 4159 3761 4212 ἐπεδείκνυ
3817 4175 4040 4227 προχεο-

2476 4260 2663 4326 μένας.
2699 4257 2817 4308 Ἵνα
2841 4254 3020 4308 οῦντά
3049 4253 3311 4306 ἀπύλωτα
3353 4254 3619 4319 στόματα,
3668 4250 3738 4302 τά
3769 4250 3910 4301 κατά
3945 4249 4038 4300 τοῦ

803 4196 959 4242 turre.
991 4184 1109 4238 Non
1141 4181 1286 4235 enim
1323 4180 1371 4235 si
1406 4181 1530 4248 quis
1568 4194 1636 4232 ex
1665 4178 1918 4246 opposito
1958 4175 2175 4236 fuisset,
2210 4173 2368 4227 boni-

811 4279 941 4332 tatis
971 4276 1093 4329 I'nns
1122 4273 1190 4326 ab
1216 4274 1333 4341 ipso
1363 4281 1543 4340 guttas
1571 4270 1783 4338 aliquas
1805 4268 1873 4321 de
1906 4281 2070 4319 carne
2097 4265 2371 4319 distillan-

807 4381 887 4421 tus
938 4340 1298 4420 ostenderet:
1354 4362 1652 4431 quocirca,
1723 4368 1783 4412 ut
1855 4358 2093 4427 patentia
2177 4365 2369 4410 contra
2475 4347 2695 4416 Πατρδς,

2475 4347 2703 4416 Πατρδς,
2730 4348 2763 4416 ἢ
2797 4345 3019 4399 καὶκατ⁹
3041 4342 3204 4396 αὑτοῦ
3229 4359 3291 4410 γε
3307 4341 3400 4394 τοῦ
3428 4340 3558 4393 Υῑοῦ
3575 4341 3671 4409 τὴν
3688 4340 4037 4408 βλασφημίαν

805 4462 1018 4515 Patrem
1048 4471 1164 4521 ora,
1187 4455 1271 4507 vel
1303 4429 1493 4506 contra
1522 4451 1717 4505 Filium
1753 4441 2064 4517 blaspheme
2094 4446 2370 4516 loquentia
2471 4441 2695 4509 λαλήσω

2471 4441 2775 4509 λαλήσαντα
2822 4437 3147 4506 ἐπιστομίσῃ
3201 4436 3261 4503 (ι
3304 4435 3487 4486 Πάντα
3533 4432 3642 4502 γὰρ
3677 4432 3748 4484 τὰ
3791 4429 3886 4482 τοῦ
3924 4431 4037 4480 [Ia-

805 4556 1088 4604 ubturaret
1114 4519 1375 4615 («Omnia
1403 4544 1550 4596 enini
1582 4544 1759 4596 Patris
1798 4540 1920 4593 Filii
1951 4548 2102 4603 sunt,
2152 4551 2217 4591 ea
2249 4551 2369 4605 qua:
2402 4559 2444 4613 υ
2473 4531 2597 4599 τρὺξ
2642 4547 2695 4580 τε

2473 4531 2597 4599 τρὸς
2642 4528 2737 4580 τοῦ
2760 4525 2888 4580 Υίοῦ
2916 4528 3051 4578 ἐστι·
3084 4525 3198 4587 καὶ,
3233 4523 3269 4576 ἃ
3298 4525 3440 4575 ποιεί
3465 4523 3492 4573 6
3523 4520 3712 4587 Πατὴρ
3735 4521 3831 4571 καὶ
3856 4522 3884 4571 6
3909 4519 4036 4578 Υίῖις

804 4646 934 4698 facit
957 4609 1133 4702 Pater,
1166 4637 1298 4692 facit
1327 4645 1382 4688 et
1433 4633 1605 4687 Filius
1635 4637 1702 4700 ι),
1735 4647 1956 4686 carnem
1985 4633 2068 4686 sui
2113 4628 2364 4697 praeputii
2405 4609 2429 4613 ⁷
2454 4623 2615 4714 {torsi
2645 4620 2688 4686 ι)

2474 4623 2615 4672 ποιεῖ
2645 4620 2714 4686 ι),
2737 4618 2994 4688 τέμνεται
3016 4617 3112 4668 καὶ
3142 4615 3240 4683 τὴν
3277 4614 3455 4683 σάρκα
3485 4613 3584 4681 τῆς
3621 4609 3991 4680 ἀκροϐυστίας
4021 4627 4034 4639 ’

2466 4691 2492 4714 θ’
2576 4713 2583 4714 ,
2706 4713 2710 4714 ν
2986 4711 2995 4714 -
3051 4712 3071 4714 ᾼ
3225 4707 3237 4714 .
3256 4707 3269 4714 -
3297 4706 3321 4714 ..
3427 4706 3449 4714 -
3593 4703 3657 4714 Α-
3812 4704 3822 4714 .
3878 4704 3887 4714 .

805 4733 1189 4795 circumcidit;
1228 4738 1282 4784 et
1319 4742 1426 4781 una
1455 4726 1678 4780 sustulit
1725 4723 2018 4776 multarum
2067 4721 2362 4788 impiarum
2467 4703 2695 4765 immota:

2467 4703 2869 4780 buvﬁtats'pvwv
2939 4711 3077 4778 αὑτῇ
3153 4706 3364 4759 πολλῶν
3422 4703 3698 4757 δυσσεϐῶν
3767 4704 4036 4771 αἱρέσεων

805 4825 1093 4880 lucresium
1139 4820 1461 4874 occasiones
1495 4827 1567 4871 -ει
1613 4831 1795 4869 ansas.
1856 4813 2131 4873 Secundo,
2189 4815 2367 4866 recole
2468 4805 2695 4874 ἀφορμά

2468 4801 3018 4874 ἀφορμάς.Δεύτερον
3041 4800 3097 4851 δὲ
3127 4798 3299 4850 ἐκεῖνό
3330 4814 3420 4866 μοι
3457 4796 3601 4848 νόει·
3633 4794 3898 4861 ἐτόλμησέ
3935 4810 4034 4843 πυ-

804 4929 1020 4970 mccum
1053 4923 1106 4966 et
1163 4909 1347 4965 istud:
1378 4907 1628 4962 Audebat
1677 4907 1804 4959 olim
1836 4906 2036 4973 impius
2080 4904 2170 4957 ille
2204 4905 2367 4957 haerc-
2466 4913 2525 4948 τε
2576 4897 2604 4946 6
2641 4895 2695 4946 δυ

2466 4913 2525 4948 τε
2576 4897 2604 4946 6
2641 4894 2901 4963 δυσσεϐὴς
2953 4891 3324 4960 Ἀπολινάριος
3374 4885 3839 4956 τερατεύσασθαι,
3892 4885 4033 4953 ῶςη

803 5005 1021 5062 siarcha
1051 4997 1783 5071 Apollinarius'prodigiosa
1826 4996 2070 5063 quaedam
2131 4993 2364 5049 commi-
2469 4986 2695 5054 προσληε

2469 4985 2876 5054 προσληφθεῖσα
2935 4982 3093 5053 σὰρξ,
3152 4984 3218 5052 τῇ
3266 4979 3649 5051 προσλαϐούσῃ
3705 4979 3922 5046 θεότητι
3975 4977 4036 5027 τὸ

804 5094 963 5157 nisci,
1013 5069 1155 5160 quod
1185 5103 1311 5144 caro
1357 5096 1636 5156 assumpta
1670 5101 1766 5154 per
1821 5082 2082 5138 Deitatem
2125 5083 2364 5136 ronsub-
2469 5079 2695 5140 ὁμοούσιι

2469 5079 2752 5140 ὁμοούσιον
2803 5073 3124 5138 συνδιέσωζε
3150 5089 3164 5104 ·
3202 5075 3380 5142 σάρκα
3426 5073 3535 5140 γὰρ
3568 5071 3920 5128 ἀνέπλαττεν,
3957 5069 4034 5129 ὠς

803 5156 1213 5240 stantialitatem
1265 5179 1489 5233 Deitatis
1551 5177 1717 5231 simul
1769 5175 2072 5243 possideat:
2138 5188 2357 5227 carnem
2470 5167 2695 5237 ἠϐούλετ

2470 5167 2748 5237 ἠϐούλετο,
2774 5166 2872 5236 οὐχ
2900 5165 3018 5218 οἷαν
3048 5165 3080 5234 ἡ
3113 5163 3428 5234 ἀνθρωπίνη
3476 5162 3637 5228 φύσις
3693 5156 3834 5212 οἶδεν
3858 5176 3873 5190 ·
3909 5159 4032 5211 ἀλλ’

803 5276 1017 5330 scilicet
1070 5271 1354 5334 conﬁnxit,
1406 5269 1623 5340 qualem
1677 5268 1916 5328 volebat.
1974 5282 2081 5319 nun
2142 5267 2358 5334 qualem
2469 5259 2587 5312 οἷαν
2631 5259 2664 5326 ὴ

2469 5259 2587 5312 οἷαν
2631 5259 2664 5326 ὴ
2709 5257 2979 5324 φαντασία
3017 5255 3126 5308 τῶν
3156 5253 3524 5322 ἐξεστηκότων
3573 5250 3849 5320 λογισμῶν
3899 5251 4030 5317 ἐδη-

801 5365 1046 5435 agnoscit
1079 5378 1233 5419 suam
1274 5339 1467 5416 natura
1497 5361 1757 5422 humana,
1794 5358 1886 5413 sed
1936 5357 2152 5426 qualem
2209 5357 2361 5410 elon-
2471 5349 2695 5420 μιούργε

2471 5349 2721 5420 μιούργει
2746 5364 2758 5378 ·
2795 5349 2830 5418 ἡ
2851 5347 3030 5401 τοίνυν
3059 5358 3098 5386 ll
3120 5346 3260 5416 τομὴ
3287 5345 3386 5415 τῆς
3421 5344 3641 5411 σαρκὸς,
3670 5339 3762 5395 καὶ
3792 5341 3857 5392 τὸ
3888 5340 4030 5410 πρὸς

2065 5578 2293 5632 VARIJE
2320 5578 2718 5634 LECTIONES.

888 5759 904 5799 ³
943 5761 1002 5816 C.
1025 5760 1089 5816 Μ.
1125 5760 1227 5814 553
1262 5757 1298 5812 I.
1321 5757 1426 5815 259
1462 5757 1777 5826 6119;5109.
1860 5765 1894 5786 ¹¹¹
1923 5756 1961 5810 C
2008 5755 2075 5809 SI.
2111 5755 2210 5808 555
2248 5753 2284 5806 I.
2319 5753 2453 5807 23οι
2484 5750 2734 5820 ἡτοίνυν.
