4200 6444
1122 420 1221 480 AD
1253 414 1843 480 AMPHILOCHIUM
1882 414 2227 488 QUﬂSTIO
2252 414 2511 479 CXVIII.

3264 414 3373 480 σοι

152 529 251 599 τὴν
281 526 517 599 θεότητα
544 526 812 598 λαμπρῶς
846 526 1212 599 ἀνακηρύττει
1240 527 1557 599 έτεροφυὶς,
1614 525 1711 580 καὶ

1780 532 1950 595 ,εαιιι
1972 524 2201 582 rationis
2251 523 2562 595 phantasia,
2596 522 2699 593 ipsi
2724 524 3067 593 suggerebat.
3104 523 3373 591 Quocirca

152 620 214 672 τὸ
256 619 390 690 πρὸς
419 618 519 691 τὴν
566 619 841 690 ἡμετέραν
889 618 1069 689 σάρκα
1114 619 1402 689 ὀμοούσιον
1444 619 1706 689 παριστᾷ.

152 709 345 780 τρίτον
400 710 462 765 δι
519 710 655 781 πρὸς
695 712 812 775 τοῖς
867 708 1200 780 είρημένοις,
1261 709 1312 763 oi
1366 708 1477 762 τῶν
1530 709 1706 763 Μανι-

150 803 317 870 καίων
364 803 573 867 παῖδες,
619 802 891 873 φαντασίᾳ
944 802 1045 874 τὴν
1095 801 1275 873 σάρκα
1331 801 1425 855 τὸν
1474 800 1707 872 Χριστὸν

149 891 533 961 προειληφέναι
555 891 1043 964 δογμαπυιοῦνται·
1062 890 1176 944 ἀλλ’
1190 891 1267 954 ὡς
1280 891 1434 961 δρᾷς,
1460 905 1706 960 προαπο-

147 982 442 1051 τιιχίζεται
469 984 535 1053 τῇ
568 983 863 1052 περιτομῇ,
898 980 994 1035 καὶ
1022 978 1183 1034 τοῦτο
1209 978 1272 1032 τὸ
1301 978 1606 1048 δύσφημον.
1640 976 1708 1031 Ἦ

147 1070 415 1143 φρντασία
440 1072 549 1141 γάρ
600 1072 773 1142 τομὴν
804 1071 897 1125 καὶ
927 1069 1097 1133 πάθος
1158 1071 1254 1123 καὶ
1283 1068 1439 1140 ῥύσιν
1486 1067 1699 1137 δρωμέ-

146 1148 255 1229 νην
278 1160 510 1229 αῐματος
564 1161 666 1214 οὐκ
718 1160 1001 1230 ἀνέχεται·
1034 1159 1154 1214 om
1190 1159 1261 1213 τά
1298 1144 1417 1230 τῆς¹
1441 1157 1704 1229 ἀληθείας

146 1250 301 1318 ἔργα,
360 1251 424 1303 τὸ
472 1251 699 1322 πλάσμα
755 1251 1013 1322 καθαρῶς
1072 1251 1459 1321 παραδέχεται.
1536 1250 1707 1304 Πάλιν

145 1334 493 1406 bonum»;
523 1346 843 1413 κενοφωνεῐ,
880 1344 982 1397 οὐκ
1008 1344 1071 1396 sat
1100 1342 1211 1395 τῶν
1239 1341 1587 1415 παρθενικιῖη
1611 1343 1708 1395 καὶ

145 1432 426 1501 ἁχράντων
462 1432 708 1501 αἱμάτων
744 1433 845 1502 τὴν
889 1431 1182 1485 ένωθείσαν
1212 1432 1292 1500 τῷ
1331 1431 1490 1501 Λόγῳ
1529 1431 1710 1503 σάρκα

145 1521 385 1592 παγῆναι
402 1538 419 1553 ο
434 1522 585 1577 κάτω
609 1522 667 1576 δέ
687 1523 787 1591 τῆς
804 1521 1080 1585 εὐσεϐείας
1107 1520 1309 1586 πεσὼν,
1338 1522 1544 1576 ἀνωθεν
1560 1520 1709 1593 αύτῷ

145 1608 313 1663 ποθεν
344 1609 700 1675 καταϐιϐάζει
730 1611 793 1665 τὸ
816 1612 1005 1683 σῶμαο
1028 1610 1167 1666 ἀλλά
1220 1614 1312 1665 καὶ
1336 1612 1529 1665 τούτου
1568 1612 1709 1684 πόρ-

144 1702 339 1768 ρωθεν,
372 1701 447 1765 ὡς
473 1701 653 1774 δῆλον,
687 1704 722 1774 ἡ
752 1704 1025 1775 περιτομὴ
1064 1703 1127 1757 τὸ
1154 1703 1353 1775 θράσος
1396 1706 1709 1775 παραποτέ-

145 1807 375 1860 μνεται·
432 1794 701 1864 καὶπρὸς
749 1793 965 1857 τούτοις
1022 1794 1431 1865 περιτέμνεται,
1509 1794 1600 1848 τνα
1647 1794 1709 1847 τὸ

1814 616 1997 673 carnis
2017 614 2288 673 abscisslo
2312 614 2594 685 perspicue
2621 612 2880 683 pradicat
2908 614 3069 669 aliam
3096 627 3371 679 naturam,

1812 707 2124 762 distinctam
2142 721 2174 761 a
2192 705 2423 770 Deltate,
2441 718 2603 771 quam
2630 704 3151 759 consubstantialem
3174 714 3375 759 nostra

1811 799 1992 855 carnis
2022 807 2230 854 natura:
2262 804 2501 867 prastat.
2528 795 2718 853 Tertio
2759 797 3027 851 accedunt
3064 795 3371 858 lanichaei,

1811 892 1903 961 qui
1927 889 2195 945 docebant
2225 888 2508 944 Christum
2534 895 2744 941 tantum
2776 889 3079 943 secundum
3104 900 3375 956 apparen-

1812 984 1940 1038 tiam
1975 996 2196 1038 carnem
2231 980 2531 1049 sumpsisse
2556 997 2571 1033 :
2602 976 2748 1045 quod
2768 994 2864 1049 per
2892 979 3372 1033 circumcisione":

1812 1074 2150 1130 exscinditur
2185 1082 2246 1128 ut
2297 1072 2715 1141 blaspltemum:
2764 1085 3001 1141 namque
3054 1068 3373 1138 apparentia

1812 1168 2135 1227 sectionem,
2166 1164 2500 1234 passionem,
2552 1162 2835 1231 sanguinis
2868 1162 3227 1217 emissionem
3264 1173 3373 1213 non

1813 1257 2087 1313 admittit:
2127 1271 2228 1310 nec
2264 1255 2512 1309 veritatis
2550 1266 2712 1321 opera
2737 1252 3198 1307 consistunteum
3234 1248 3377 1303 veri-

1816 1359 1941 1404 tate.
1971 1348 2172 1402 lterum
2218 1344 2542 1401 Valentinus
2591 1343 2743 1399 l‘atue
2796 1344 3102 1399 deblaterat
3152 1354 3375 1396 carnem

1813 1439 1991 1495 Verbo
2029 1438 2335 1498 adunitam,
2392 1452 2500 1491 non
2530 1451 2561 1490 e
2607 1434 2903 1505 purissimo
2954 1433 3183 1505 virginis
3245 1446 3375 1485 sau-

1814 1532 1977 1601 guiue
2018 1528 2327 1593 solidatam,
2360 1526 2452 1581 sed
2496 1528 2611 1596 ipse
2638 1526 2892 1580 deorsum
2940 1540 2971 1578 a
2996 1523 3195 1593 pietate
3226 1520 3377 1575 deci-

1813 1622 1970 1685 dens,
2006 1619 2074 1674 de
2103 1618 2241 1673 cmlo
2287 1633 2511 1673 sursum
2570 1630 2772 1685 corpus
2800 1614 2851 1669 ei
2896 1614 3125 1669 devocat
3158 1628 3173 1677 ;
3216 1610 3377 1679 cujus

1816 1713 2043 1779 impium
2096 1710 2508 1782 pronuntiatum
2567 1706 2827 1776 rejectum
2879 1704 3171 1760 manifeste
3200 1702 3379 1771 rejieit

1815 1804 2187 1861 circumcisio.
2228 1803 2307 1856 Ad
2346 1803 2449 1856 hoc
2478 1802 2666 1869 itaque
2684 1796 3122 1861 circumciditur,
3147 1805 3206 1849 ut
3234 1809 3379 1849 man-

146 1884 365 1952 βέϐαιον
403 1884 507 1954 τῆς
557 1884 809 1955 δοθείσης
837 1884 1055 1955 έντολῆς
1104 1864 1470 1956 παραστήσῖγ
1515 1884 1710 1952 διαμέ-

1780 1898 1998 1949 ‘datum
2050 1894 2116 1948 de
2144 1864 2807 1947 circumcisione-datum
2870 1897 3049 1942 ratum
3098 1889 3264 1941 llxum
3321 1893 3381 1938 et

146 1990 259 2027 νειν
287 1975 397 2044 γάρ
445 1976 585 2045 αὐτῇ
634 1977 696 2029 τὸ
742 1974 1098 2045 ἀπαράϐατον
1158 1976 1321 2046 μέχρι
1374 1976 1473 2045 τῆς
1543 1975 1711 2030 αὑτοῦ

143 2065 468 2134 παρουσίας,
496 2067 557 2132 έξ
591 2059 667 2121 ὧν
704 2067 1106 2136 ύπηρετήσατο,
1134 2067 1274 2135 μετά
1305 2066 1399 2119 τοῦ
1450 2067 1713 2137 ἀνεπιλή-

143 2171 309 2218 πτου,
343 2155 867 2223 συγκατασκευάζει.
904 2154 966 2208 El
994 2155 1103 2226 γάρ
1132 2158 1162 2209 6
1202 2155 1277 2226 μὴ
1322 2155 1535 2224 δεηθεὶς
1576 2154 1712 2217 δλως

141 2246 466 2315 ¹ιτιιριτομῆς,
489 2243 638 2314 ὅμως
664 2244 956 2315 ὑπέρχεται
972 2252 1001 2280 ιι
1024 2244 1248 2315 ταύτην,
1274 2243 1435 2315 σχολῇ
1472 2244 1513 2313 γ’
1537 2244 1604 2297 ἀν
1628 2260 1713 2307 τις

139 2334 296 2403 ἁλοίη
350 2334 457 2387 τῶν
505 2333 609 2387 ὑπὸ
661 2334 738 2405 τῷ
790 2335 943 2405 νόμῳ
994 2333 1202 2403 ταύτην
1278 2334 1711 2405 παρεωραμένος

140 2428 245 2479 οὐκ
276 2426 504 2493 ὀφείλων
555 2426 729 2491 δίκας.
767 2425 935 2481 Πάλιν
994 2424 1102 2480 τῶν
1143 2426 1418 2482 Ἰουδαίων
1462 2429 1491 2482 6
1541 2427 1713 2497 δῆμος

141 2516 560 2586 φιλαιτιώτατος
583 2516 683 2583 ὣν,
707 2517 925 2581 καὶτὰς
944 2517 1019 2589 μὴ
1036 2516 1201 2580 οὔσας
1221 2517 1391 2580 δεινὸς
1411 2518 1713 2588 προφάσεις

141 2606 529 2672 ἀναπλάττειν,
555 2608 603 2660 εί
648 2606 723 2678 μὴ
754 2608 856 2678 τὴν
897 2606 1202 2677 περιτομὴν
1240 2608 1501 2675 ὑποστὰς,
1557 2604 1712 2673 οὗτος

139 2698 330 2761 αὐτοῖς
359 2698 430 2751 τά
457 2698 699 2770 σωτήρια
729 2700 1000 2768 εἰσηγεῖτο
1022 2714 1039 2731 ’
1070 2700 1216 2763 τίνος
1242 2699 1307 2754 ἃν
1337 2701 1439 2753 οὐκ
1462 2700 1712 2770 ένόμιζον

1813 1984 2031 2039 ﬁrmum
2067 1996 2292 2037 manere
2336 1984 2536 2037 debere
2578 1981 2789 2045 doceat,
2827 1988 2883 2034 et
2912 1996 3020 2035 non
3062 1978 3376 2033 violandum

1813 2074 2070 2145 usquead
2116 2073 2235 2143 ejus
2262 2073 2572 2135 adventum,
2614 2071 2701 2127 cui
2733 2070 3125 2133 famulabatur,
3169 2082 3271 2123 nec
3297 2068 3378 2120 in-

1814 2174 1956 2217 terea
1987 2162 2278 2218 calumniis
2323 2162 2645 2231 subiaceret.
2676 2158 2807 2213 Nam
2829 2158 2874 2213 si
2903 2158 2968 2222 is,
2996 2157 3084 2212 cui
3126 2171 3232 2210 non
3260 2164 3381 2209 erat

1813 2269 1949 2324 opus
1974 2253 2418 2316 circumcisione,
2443 2251 2918 2307 circumcisionem
2945 2258 3126 2303 tamen
3152 2247 3323 2300 subiit
3356 2263 3371 2297 :

1813 2346 1859 2400 is
1889 2345 1983 2413 qui
2012 2344 2116 2397 sub
2146 2343 2261 2414 lege
2285 2342 2554 2398 cssistcus
2582 2354 2703 2394 eam
2724 2338 3221 2403 transgrederetur,
3257 2349 3373 2403 pm-

1815 2450 1911 2489 nas
1960 2436 2183 2488 meritas
2240 2433 2371 2487 dare
2424 2433 2677 2487 debebat.
2733 2428 2920 2485 Tertio
2966 2443 3091 2482 cum
3144 2425 3375 2495 querula

1812 2537 1955 2579 esset
2004 2538 2137 2594 gens
2163 2521 2497 2586 Iudaeorum,
2543 2529 2595 2574 et
2662 2518 2957 2575 calumniis
3019 2515 3377 2572 contexeudis

1813 2617 2015 2673 dedita.
2048 2630 2148 2670 nec
2211 2630 2317 2668 non
2368 2614 2622 2683 egregius
2679 2609 2875 2666 artifex
2923 2606 3375 2663 comminiscendi

1815 2714 2105 2774 praetextas
2148 2701 2340 2765 falsos,
2394 2703 2440 2755 si
2499 2698 2918 2754 incircumcisus
2958 2697 3189 2751 salutem
3242 2694 3378 2762 ipsis

142 2788 594 2862 περιδράττεσθαι
608 2789 966 2858 δικαιολογίας
982 2790 1332 2860 διωθούμενοι
1350 2791 1447 2861 τὴν
1464 2790 1716 2844 διδασκα-

1814 2796 2217 2857 annuntiasset,
2250 2792 2463 2847 facilem
2482 2792 2556 2845 illi
2585 2791 2959 2846 causationem
2986 2787 3374 2856 arripuissent,

139 2882 261 2935 λίαν
279 2883 473 2952 ὅτιπερ
502 2883 907 2953 ἀπερίτμητονο
933 2881 1064 2935 δντα
1082 2882 1179 2936 καὶ
1204 2882 1266 2948 ιε
1289 2882 1459 2951 αὐτῆς
1476 2882 1660 2946 ἑστίας
1682 2892 1711 2932 ιι

1818 2894 1875 2939 ut
1907 2883 2209 2939 doctrinam
2246 2881 2469 2935 allatam
2512 2879 2671 2949 longe
2705 2893 2737 2932 a
2776 2893 2836 2932 se
2879 2875 3192 2945 reﬁcerent,
3244 2888 3372 2928 cum

139 2974 322 3026 πάντα
348 2972 544 3026 λύοντα
564 2973 787 3042 θεσμὸν,
825 2972 942 3036 πῶς
989 2973 1119 3043 ένῆν
1166 2972 1571 3043 παραδέχεσθαι
1605 2989 1713 3026 σω-

1814 2975 1983 3044 legem
2003 2974 2272 3042 imprimis
2294 2972 2446 3025 illum
2475 2970 2708 3024 violasse
2723 2968 3135 3023 contenderent.
3171 2964 3377 3031 Quare,

138 3066 204 3132 τῆ
214 3081 321 3133 ρας
347 3065 466 3117 ἰνα
485 3060 579 3117 οὖν
608 3063 788 3117 αὐτῶν
805 3063 1150 3135 ἀναχώρησιν
1185 3066 1365 3117 πᾶσαν
1385 3064 1710 3134 ἀποκλείσῃ,

1815 3076 1875 3121 ut
1902 3074 2210 3134 arnnputaret
2247 3077 2439 3118 eorum
2472 3077 2500 3114 a
2533 3059 2764 3115 veritate
2803 3057 3186 3122 defectionem,
3226 3067 3281 3110 et
3312 3072 3380 3110 ne

139 3157 235 3207 καὶ
266 3155 332 3207 τὸ
363 3156 559 3207 οίκεῖον
589 3154 919 3224 ἁμάρτημα,
966 3153 1241 3225 μηδεμίαν
1286 3152 1453 3223 εχωσι
1505 3154 1710 3224 χώραν,

1780 3186 1785 3244 ς
1815 3172 2005 3212 ausam
2038 3155 2341 3224 arriperent
2361 3168 2521 3209 suum
2554 3154 2795 3222 ipsorum
2822 3162 3105 3220 peccatum
3129 3149 3182 3203 iu
3216 3149 3377 3202 inno-

139 3246 220 3307 εἰς
244 3244 343 3297 τὸν
383 3243 624 3297 ἀναίτιον
676 3244 1057 3313 περιτρέπειν,
1098 3242 1559 3314 περιτεμνόμενος
1617 3242 1713 3312 τὴν

139 3335 528 3407 ἀκροϐυστίαν,
585 3335 982 3404 συναποτέμνει
1034 3333 1143 3386 τῶν
1170 3333 1481 3405 ἀχαρίστων
1530 3335 1715 3387 πᾶσαν

138 3426 501 3495 εὐπρόσωπον
562 3423 968 3492 πιθανολογίαν.
997 3424 1198 3477 Σκόπει
1226 3424 1286 3477 δέ
1328 3440 1419 3492 μοι
1462 3426 1712 3477 κακεῖνο·

138 3518 187 3567 εί
215 3516 317 3586 μιν
346 3515 421 3585 μὴ
449 3514 827 3586 περιτμηθεὶς,
862 3514 1034 3567 Imus
1061 3515 1163 3583 τὴν
1195 3512 1399 3580 πρᾶξιν
1420 3552 1437 3577 ,
1466 3513 1613 3583 τάχα
1649 3514 1715 3567 ἀν

138 3619 287 3658 τισιν
330 3606 360 3656 6
410 3603 708 3675 Δεσπότης,
743 3602 819 3666 ὡς
851 3601 1044 3657 ἑαυτὸν
1089 3600 1453 3657 ἀπαλλάσσων
1508 3601 1714 3664 αίτίας,

139 3695 240 3749 καὶ
295 3694 398 3764 τῆς
448 3694 585 3757 ιδίας
644 3693 955 3764 προθέσεως
1004 3693 1427 3764 προϊστάμενος,
1468 3691 1568 3761 τὴν
1616 3691 1715 3760 τῆς

140 3785 452 3856 περιτομῆς
504 3786 788 3855 ἀναίρεσιν
826 3784 915 3839 διά
952 3783 1063 3838 τῶν
1116 3782 1378 3855 μαθητῶν
1434 3783 1716 3837 ὑπενοεῖτο

146 3876 518 3947 μεθοδεῦσαι·
555 3876 680 3929 imi
708 3877 766 3929 δέ
822 3877 917 3930 καὶ
951 3876 1363 3947 περιτέμνεται,
1416 3876 1513 3928 καὶ⁵
1544 3875 1712 3928 παύει

138 3968 202 4021 τὸ
226 3968 413 4038 ἔργον,
440 3966 537 4022 καὶ
557 3968 763 4038 ταύτην
779 3969 1201 4038 προαφαιρείται
1219 3966 1593 4038 τὴν¹ύπύνοιαν
1607 3968 1717 4020 τῶν

138 4058 455 4125 meum.
488 4059 562 4113 Σὺ
592 4058 651 4112 δὲ
701 4060 825 4130 μηδ’
867 4062 1047 4114 έκεῖνο
1101 4059 1465 4131 παραδράμῃς
1489 4076 1505 4092 ο
1546 4057 1719 4122 τύπος

137 4146 207 4221 ἦν
232 4150 334 4205 καὶ
357 4148 624 4220 σύμϐολον
648 4148 744 4203 τοῦ
773 4148 1154 4220 βαπτίσματος
1190 4150 1225 4220 ή
1259 4149 1530 4220 περιτομή
1555 4164 1571 4180 ·
1605 4148 1717 4220 μή.

138 4258 231 4295 πω
300 4240 589 4310 τοιγαροῦν
647 4240 792 4309 τῆς,
816 4239 1077 4311 ἀληθείας
1130 4240 1572 4312 φανερωθείσης,
1628 4226 1720 4294 τὸν

1816 3258 2029 3304 centem
2088 3245 2473 3309 transferendi,
2525 3243 2885 3298 circumcisus
2942 3242 3234 3311 pra'putio,
3270 3253 3379 3292 una

1816 3346 2062 3409 amputat
2117 3337 2454 3405 ingratorum
2507 3334 2754 3387 omnium
2808 3345 2937 3386 cum
2997 3330 3183 3398 aliquo
3242 3341 3379 3397 pra:-

1818 3437 1966 3483 textu
2011 3426 2356 3498 plausibilem
2413 3422 2845 3478 accusationem.
2883 3418 2988 3474 Sed
3043 3431 3098 3473 et
3147 3418 3381 3473 ulterius

1816 3519 2058 3581 attende,
2112 3518 2159 3572 si
2190 3530 2297 3570 non
2334 3506 2698 3569 circumcisus
2754 3510 2918 3565 ﬁnem
2970 3507 3379 3565 circumcisioni

1819 3610 2148 3679 imponeret,
2179 3605 2443 3660 Dominus
2482 3602 2621 3659 forte
2649 3601 3014 3669 suspicionem
3046 3597 3189 3669 apud
3212 3613 3382 3668 quos-

1819 3702 1942 3755 dam
1994 3700 2270 3753 incurrerc
2308 3703 2538 3766 poterat,
2579 3694 2725 3765 quod
2778 3708 2840 3747 se
2883 3701 2945 3745 ut
2988 3692 3148 3759 culpa
3180 3689 3382 3745 exime-

1817 3804 1919 3852 ret,
1952 3805 2015 3846 ac
2062 3803 2217 3844 suam
2262 3787 2590 3843 sententiam
2644 3784 2989 3845 obtruderet,
3014 3792 3069 3838 et
3094 3782 3382 3851 discipulis

1818 3884 1960 3937 viam
1993 3898 2058 3937 ac
2091 3882 2356 3936 rationem
2386 3888 2667 3949 pnestaret
2724 3876 2947 3932 tollendi
3002 3875 3221 3945 penitus
3272 3877 3383 3927 cir-

1780 3973 2251 4047 .cumcisionem;
2328 3961 2685 4026 circumcisus
2738 3969 2877 4038 ipse,
2930 3982 2996 4022 ac
3056 3982 3164 4020 non
3222 3965 3385 4019 aliter

1820 4079 2038 4121 cessare
2075 4063 2205 4119 fecit
2263 4063 2403 4118 hanc
2450 4061 2812 4131 suspicionem
2853 4069 2911 4115 et
2936 4060 3007 4120 ab
3038 4056 3381 4112 accusatoris

1820 4156 2059 4213 sustulit.
2114 4154 2217 4210 Sed
2270 4170 2371 4209 nec
2429 4153 2563 4207 illud
2618 4152 2840 4220 insuper
2889 4158 3223 4219 praetereas:
3258 4159 3380 4201 erat

1821 4246 2170 4304 circumcisio
2200 4245 2506 4315 symbolum
2549 4256 2615 4297 ac
2644 4242 2814 4312 ﬁgura
2844 4240 3136 4308 baptismi:
3166 4253 3263 4308 par
3278 4238 3385 4293 fuit

137 4331 323 4385 τύπον
349 4333 669 4409 έπικρατεῐν
699 4332 809 4385 εδει
826 4348 845 4365 ο
870 4333 1170 4403 έπιστάσης
1198 4332 1244 4386 δ’
1270 4332 1492 4400 έκείνης
1515 4333 1716 4402 ταύτην

1824 4349 1899 4417 ιιι,
1933 4351 2276 4407 nequaquam
2301 4336 2409 4389 vim
2451 4348 2604 4387 suam
2637 4333 2905 4386 obtineret
2955 4337 3115 4399 typus
3156 4328 3385 4382 veritate

142 4424 479 4493 ὑποχωρεῖν.
511 4422 602 4476 Διδ
652 4423 1042 4494 περιτέμνεται
1077 4422 1179 4493 μέν
1231 4422 1292 4476 τὸ
1343 4421 1578 4493 κρύφιον
1610 4426 1712 4493 τῆς

1824 4416 2191 4489 ιιιοιιίτεειειιι,
2244 4425 2342 4481 sed
2395 4423 2469 4477 illi
2501 4423 2680 4476 locum
2734 4421 2911 4473 daret.
2953 4416 3387 4472 Circumciditur

139 4514 376 4585 σαρκὸς.
405 4511 559 4567 οὔπω
588 4513 690 4584 τῆς
716 4514 775 4567 έν
822 4512 1007 4583 χάριτι
1044 4514 1348 4584 περιτομῆς
1380 4513 1716 4585 φανερωθείο

1780 4507 1951 4587 'ergo
1987 4528 2119 4570 caro
2147 4514 2202 4568 in
2230 4512 2445 4566 occulta
2474 4521 2627 4580 parte
2668 4508 2937 4575 corporis,
2972 4520 3096 4559 cum
3137 4504 3383 4559 nondum

138 4621 277 4676 σηςο
307 4604 530 4673 ίκείνης
585 4604 643 4657 δι
695 4602 773 4672 τῷ
800 4604 1115 4675 Δεσποτικῷ
1150 4603 1487 4674 βαπτίσματι
1531 4601 1713 4658 πάντα

140 4693 645 4766 περιαυγαξούσης,
681 4695 776 4747 καὶ
826 4692 1085 4764 λαμπρὰν
1116 4694 1217 4763 τὴν
1267 4691 1525 4764 ἀλήθειαν
1578 4693 1717 4746 ὐπο-

136 4784 525 4856 δεικνυούσης,
554 4785 625 4838 τά
656 4786 714 4837 έν
765 4784 895 4854 σκιᾷ
946 4784 1041 4837 καὶ
1084 4782 1369 4853 αἰνίγματι
1403 4784 1718 4855 παρρησιά-

140 4882 343 4944 ζεσθαι
374 4878 544 4931 τόπον
574 4877 668 4945 οὐχ
699 4875 962 4947 εὑρίσκει.
1006 4876 1190 4946 Χωρὶς
1226 4874 1283 4928 δὲ
1331 4873 1442 4927 τῶν
1488 4875 1715 4945 είρημέ-

139 4989 276 5033 νων,
309 4968 729 5039 ἀναμνησθῆναι
759 4970 921 5020 κακεῑ
966 4967 1169 5039 δεήσει,
1204 4968 1264 5020 έν
1307 4966 1387 5037 τῷ
1411 4968 1718 5038 σπέρματι

139 5062 238 5118 τοῦ
287 5061 544 5133 Ἀϐραάμ
587 5058 658 5113 τὰ
701 5060 835 5132 ῑθνη
864 5060 1042 5114 πάντα
1102 5060 1714 5132 ένευλογηθήσεσθαιιι·

138 5156 312 5225 ὅρκον
344 5151 470 5207 καθ’
489 5150 684 5204 εαυτοῦ
717 5151 892 5214 διδοὺς
922 5152 953 5203 6
983 5150 1115 5213 Θεὸς
1164 5150 1242 5221 τῷ
1267 5151 1483 5221 δικαίῳ,
1538 5153 1717 5204 ποιεῖ-

139 5265 232 5300 ται
263 5242 469 5311 λογάδα
502 5242 719 5297 πάντων
751 5240 920 5296 ὲθνῶν
947 5242 1049 5311 τὴν
1095 5242 1305 5295 έκείνου
1347 5242 1521 5310 φυλήν
1541 5258 1556 5273 ο
1621 5242 1718 5296 καὶ

140 5336 316 5389 οἱονεὶ
348 5332 667 5403 σφραγίζων
698 5333 869 5403 αὐτὴν
892 5331 982 5384 διὰ
1006 5329 1101 5384 τοῦ
1142 5332 1420 5406 φυλάρχου
1454 5336 1521 5405 τῇ
1553 5349 1716 5403 περι-

138 5429 315 5498 τομῇ,
346 5425 448 5497 τήν
473 5440 534 5479 τε
567 5424 747 5479 πίστιν
767 5426 1190 5497 επισημαίνεται
1220 5426 1317 5481 τοῦ
1345 5427 1712 5499 πατριάρχου,

1820 4603 2168 4661 circumcisio
2194 4616 2289 4671 per
2315 4601 2547 4671 gratiam
2579 4603 2943 4666 compararet.
2985 4594 3079 4648 sed
3124 4607 3249 4646 cum
3292 4592 3381 4645 illa

1822 4713 1919 4768 per
1967 4695 2185 4752 Domini
2236 4695 2566 4764 baptismum
2617 4690 2801 4744 omnia
2879 4688 3273 4748 collustrasset,
3327 4692 3383 4738 et

1824 4793 2090 4845 illustrem
2144 4788 2468 4843 reddidisset
2500 4785 2807 4845 veritatem,
2851 4794 2975 4849 qua:
3014 4778 3385 4833 fuerantum-

1818 4884 1929 4937 brae
1948 4892 2001 4935 et
2054 4880 2341 4949 aenigmata
2364 4878 2531 4931 libere
2580 4889 2639 4929 se
2664 4870 2924 4927 eserendi
2956 4870 3190 4924 ulterius
3207 4866 3385 4921 [acul-

1819 4979 1981 5027 tatem
2019 4986 2127 5025 non
2160 4969 2439 5023 baberent.
2480 4965 2680 5019 Praeter
2722 4964 2992 5017 hactenus
3043 4972 3384 5016 commemo-

1819 5070 1957 5121 rata.
2005 5056 2373 5113 revocandum
2424 5062 2508 5108 est
2551 5054 2604 5107 in
2661 5051 3011 5115 memoriam,
3060 5051 3115 5103 in
3172 5049 3387 5103 semine

1821 5148 2051 5202 Abrahae
2080 5145 2478 5200 benedicendas
2501 5158 2622 5198 esse
2665 5143 2794 5195 olim
2838 5154 3031 5195 omnes
3062 5137 3270 5209 gentes,
3307 5138 3387 5191 ita

1822 5239 1967 5296 enim
2019 5238 2171 5307 justo
2220 5236 2297 5290 illi
2327 5236 2467 5299 viro,
2494 5250 2590 5305 per
2619 5233 2859 5302 seipsum
2879 5230 3163 5299 iuraverat
3214 5227 3381 5290 Deus,

1825 5333 1898 5386 ita
1928 5330 2046 5399 ejus
2067 5331 2383 5401 progeniem
2414 5329 2700 5381 nationum
2730 5324 2979 5378 omnium
3014 5319 3382 5376 COlleCU’iCt‘lll

1829 5420 1975 5488 facit,
2011 5435 2171 5490 quam
2207 5434 2304 5489 per
2347 5419 2590 5474 tribuum
2638 5416 2858 5472 illarum
2880 5421 2940 5470 et
2981 5411 3198 5485 generis
3233 5416 3389 5482 ptine

1436 5629 1517 5685 VA
1527 5627 1661 5685 [UE
1698 5625 2104 5684 LECTIONES.

220 5818 258 5851 ι
286 5811 357 5863 6.
402 5806 473 5862 Μ.
536 5809 919 5878 ὑπερέρχεται.
991 5819 1009 5835 ⁶
1044 5812 1106 5867 (2.
1131 5808 1199 5863 Μ.
1240 5808 1591 5877 περίτμητον.
1668 5817 1691 5855 ν
1724 5808 1786 5861 (2.
1818 5804 2110 5865 meum“.

2186 5811 2213 5852 tt
2239 5803 2300 5857 υ.
2344 5800 2412 5855 ιι.
2451 5798 2937 5869 εὐλογηοήσισῡαι.
