4200 6444
221 480 319 544 697

1189 476 1287 534 AD
1328 466 1917 532 AMPHILOCHIUM
1957 461 2301 535 QUIESTIO
2332 462 2537 521 CXIX.

3347 463 3452 525 698

220 592 389 652 ἄλλως
410 606 469 643 τε
493 588 751 659 χαιρέτω,
776 589 871 643 καὶ
893 589 976 641 ὅτι
1014 587 1167 640 οὐδὲν
1188 585 1324 656 πρὸς
1342 586 1511 654 ἡμᾶς.
1541 584 1680 652 πλὴν
1698 584 1779 634 ὅτι
1808 577 1857 635 Α

1808 577 1991 635 Anon
2038 572 2188 633 novi,
2223 586 2352 623 nutn
2402 570 2542 623 endo
2587 584 2683 639 per
2731 571 3015 638 specillum
3053 572 3299 628 immissa
3344 577 3454 629 sint

218 681 597 752 παραπλήσιόν
617 695 670 732 τι
686 680 793 733 τῶν
813 678 1215 749 είρημένων,ὼς
1226 678 1321 729 mi.
1336 675 1495 738 αὐτὸς
1508 674 1575 728 ἄν
1590 672 1775 742 φαίης,

214 775 294 833 είς
322 771 390 824 τᾶ
425 769 521 822 νῦν
542 770 787 841 παρόντα
813 768 907 821 τὸν
932 767 1205 839 ⁴ίιμέτερον
1243 766 1358 836 βίον
1392 764 1775 838 περιέστησεν.

228 862 359 930 Ἐμέ
393 861 513 930 μὶν,
570 862 661 913 ὅτε
710 861 773 914 τὸ
821 860 1057 932 γρᾶμμα
1108 857 1267 931 ἧκεν,
1319 859 1474 922 νόσος
1515 855 1776 928 έμάστιξε

214 952 444 1021 χαλεπὴ,
478 950 674 1022 μικρσῦ
704 953 826 1022 μηδ’
846 954 1019 1006 εἰπεῖν
1048 969 1102 1006 τι
1120 952 1231 1021 (27)
1268 951 1403 1022 πρὸς
1432 948 1533 1021 τὴν
1556 949 1777 1018 αῐτησιν

214 1043 335 1101 ταῖς
351 1041 726 1110 ἐπικειμέναις
744 1041 1004 1112 ἀλγηδόσι
1034 1042 1132 1112 τὴν
1153 1042 1336 1096 ἄδειαν
1358 1040 1773 1111 ίμπαρέχουσα.

227 1128 369 1181 Ἀλλ’
396 1125 513 1191 οὖν,
536 1128 612 1191 ὡς
646 1131 705 1183 έν
736 1129 878 1199 νόσῳ
899 1128 1242 1199 πιεζόμενος,
1263 1129 1443 1181 έκεῖνο
1468 1126 1542 1200 ,ἄν
1588 1126 1777 1202 φαίην,

212 1217 304 1271 δτι
325 1219 386 1272 τδ
423 1218 686 1289 stade
713 1218 908 1272 έαυτοῦ
935 1218 1260 1289 ύπερούσιόν
1309 1234 1368 1270 τε
1404 1219 1499 1271 καὶ
1536 1216 1779 1285 ἄληπτον

211 1306 403 1359 οὐσίαν
446 1309 550 1360 οὐκ
600 1306 948 1377 ἀνθρωπίνην
1000 1306 1161 1377 μόνον
1212 1307 1337 1375 θψιν
1360 1308 1457 1361 καὶ
1530 1307 1773 1361 διάνοιαν

207 1380 495 1462 ὶκφεύγει,
533 1394 672 1449 ἀλλὰ
723 1397 818 1450 καὶ
846 1396 1018 1460 αὑτὰς
1063 1397 1163 1460 τὰς
1204 1397 1464 1451 ἀνωτάτω
1511 1397 1606 1450 καὶ
1636 1396 1778 1466 πλη-

214 1486 511 1550 σιαζούσας
575 1486 860 1557 δυνάμεις,
904 1487 964 1541 αἱ
1021 1487 1205 1557 ⁴ιυολλιῖ.»
1234 1488 1314 1558 τῷ
1371 1490 1554 1560 μέτρῳ
1610 1489 1779 1558 ὑπερ-

209 1578 547 1644 ανεστήκασι
564 1578 781 1644 φύσεως
806 1594 820 1609 ·
853 1579 915 1632 οὐ
941 1578 1084 1632 κατὰ
1110 1580 1200 1632 τδν
1215 1580 1457 1650 παρόντα
1479 1581 1638 1651 μόνον
1658 1597 1781 1634 και-

214 1666 331 1736 ρὸν,
358 1664 561 1718 καθ’δν
590 1664 669 1736 τῷ
691 1667 991 1722 πολυπαθεῖ
1026 1668 1201 1739 τούτῳ
1232 1670 1444 1741 σαρκίῳ
1489 1670 1775 1740 δεδέμεθα,

209 1753 350 1807 ἀλλὰ
377 1753 635 1807 καὶκατὰ
660 1757 785 1818 τοὺς
817 1754 1111 1824 μέλλοντας
1135 1757 1357 1823 αἰῶνας,
1384 1758 1473 1812 ὅτε
1504 1759 1573 1812 τὰ
1607 1758 1779 1811 πολλὰ

208 1842 321 1897 τῶν
345 1842 686 1912 αἰνιγμάτων
729 1844 827 1898 καὶ
881 1846 1162 1916 έσότιτρων
1218 1848 1775 1919 ἄποτκευασαμένοις,

1885 664 2181 733 suffragia;
2230 677 2342 715 non
2404 661 2555 725 novi,
2607 664 2852 731 nunquid
2904 662 3050 716 aliud
3098 662 3304 719 factum
3356 680 3450 722 su.

1884 753 2180 808 tiraculum
2236 752 2383 806 enim
2426 750 2557 805 illud
2610 750 2926 819 Delphicum
2981 761 3040 807 nt
3082 752 3220 808 alias
3273 755 3454 809 valere

1879 846 2066 915 jubeo,
2109 845 2182 899 ita
2223 843 2290 898 ad
2330 858 2416 898 me
2459 842 2594 897 nihil
2641 844 2860 907 attinet,
2903 845 3008 899 nisi
3052 846 3197 914 quod
3247 845 3452 915 aliquid

1883 936 2041 991 dictis
2069 934 2270 1000 simile,
2304 933 2451 1005 quod
2495 942 2553 989 et
2578 933 2694 1002 ipse
2722 934 2879 989 facile
2910 933 3150 1001 fatearis,
3197 938 3451 1005 presenti

1884 1030 2005 1083 vita:
2034 1043 2168 1083 mea:
2196 1027 2495 1083 conditioni
2519 1026 2799 1081 acciderit.
2838 1027 2975 1082 Cum
3018 1028 3211 1083 littere
3239 1037 3346 1083 tua
3383 1030 3450 1083 ad

1884 1133 1969 1171 me
2004 1116 2394 1186 perferrentur,
2424 1116 2561 1169 adeo
2583 1115 2764 1184 gravis
2805 1129 2893 1170 me
2923 1116 3157 1170 vexabat
3198 1118 3449 1182 morbus,

1885 1215 1945 1260 nt
1984 1221 2078 1274 per
2106 1209 2325 1260 dolores
2375 1206 2667 1259 continuos
2715 1219 2827 1258 non
2868 1213 3224 1274 permitteret,
3279 1218 3337 1262 ut
3382 1208 3451 1262 ad

1884 1298 2199 1365 petitionem
2255 1302 2405 1349 tuam
2458 1296 2543 1348 vel
2586 1297 2868 1350 \erbulum
2918 1296 3161 1366 proferre
3211 1314 3448 1367 possem.

1883 1385 2020 1438 Cum
2061 1384 2252 1439 eodem
2303 1385 2470 1454 igitur
2517 1385 2695 1440 adhuc
2751 1385 3077 1441 conﬂictantl
3128 1388 3229 1443 hoc
3280 1404 3450 1443 unum

1883 1475 2067 1530 dicere
2100 1475 2245 1538 licet,
2283 1475 2429 1543 quod
2474 1474 2706 1539 Numen,
2741 1489 2932 1531 omnes
2976 1478 3245 1533 essentias
3290 1494 3453 1549 snpe-

1888 1580 2015 1618 rans
2056 1574 2111 1619 et
2157 1564 2728 1633 incomprehensibile,
2788 1582 2897 1619 non
2943 1569 3222 1621 hominum
3272 1573 3449 1624 solum

1886 1663 2119 1709 mentem
2162 1663 2219 1709 et
2256 1655 2472 1716 oculos,
2524 1654 2619 1708 sed
2667 1664 2725 1709 et
2766 1670 3034 1725 supernas
3084 1657 3205 1712 illas
3235 1656 3453 1727 Deoqne

1883 1744 2163 1813 proximas
2202 1751 2519 1812 potestates,
2545 1757 2668 1813 quas
2708 1758 2799 1799 res
2828 1745 3102 1799 naturales
3134 1746 3297 1817 longo
3328 1759 3454 1816 post

1884 1851 1943 1891 se
1973 1834 2259 1890 intervallo
2296 1834 2633 1903 relinquunt,
2668 1832 2842 1905 fugiat
2869 1853 2883 1889 :
2910 1835 3072 1905 idque
3117 1852 3227 1892 non
3263 1841 3315 1892 in
3348 1840 3453 1894 hoc

208 1936 310 1988 καὶ
337 1933 401 1989 s6
426 1933 706 2006 ἄφθαρτον
745 1937 867 1991 ἀντὶ
896 1936 993 1993 τοῦ
1052 1937 1293 2009 φθαρτοῦ
1330 1940 1775 2011 περιδαλομένοις
1811 1921 1850 1974 Β

1811 1921 1850 1974 Β
1881 1934 2091 1981 tantum
2120 1925 2345 1989 saeculo,
2376 1939 2487 1993 quo
2518 1926 2866 1995 corpusculo,
2900 1929 3070 1983 variis
3102 1928 3451 1984 imbecillita-

206 2019 595 2091 καθαρώτερόν
642 2039 704 2076 τε
769 2025 865 2078 καὶ
909 2024 1246 2097 τελειότερον
1314 2029 1679 2091 έναστρᾶπτει
1736 2032 1770 2101 ἡ

206 2110 461 2180 ἀλήθεια.
492 2112 559 2165 Ti
588 2113 699 2183 γὰρ
719 2112 825 2186 χρὴ
853 2114 1051 2185 λέγειν,
1088 2115 1337 2190 ὡςειξοΰτε
1375 2118 1604 2190 Μωσῆς,
1638 2121 1667 2173 6
1698 2122 1777 2183 είς

206 2116 461 2180 ἀλήθεια.
492 2116 559 2165 Τί
588 2116 699 2183 γὰρ
719 2116 825 2186 χρὴ
853 2116 1051 2185 λέγειν,
1088 2116 1337 2276 tbi-ﬁrmi?!
1375 2118 1604 2190 Μωσῆς,
1638 2121 1667 2173 6
1698 2122 1777 2183 είς

204 2200 530 2270 τηλικοῦτον
546 2201 682 2272 ὕψος
705 2205 908 2274 ἀρετῆς
931 2206 1139 2277 ἄναδρα
1230 2224 1281 2273 ν,
1308 2208 1451 2262 ὥστε
1476 2210 1623 2268 τά,τε
1644 2210 1778 2264 ἄλλα

206 2287 321 2339 τῶν
369 2288 692 2358 παραδόξων
739 2292 902 2362 χάριν
958 2291 1098 2362 έχων
1148 2278 1287 2347 εἶναι
1334 2295 1635 2372 αὐτουργὸς
1681 2300 1778 2351 καὶ

207 2377 431 2449 γλώττῃ
457 2382 721 2450 γεωργεῖν
745 2380 933 2450 ὥσπερ
961 2384 1201 2454 ἄρουραν
1253 2384 1344 2439 τὸν
1378 2386 1628 2457 οὐρανὸν,
1684 2390 1777 2441 καὶ

144 2486 151 2493 ν
212 2467 424 2537 τροφὴν
445 2468 672 2522 αὐτόθεν
701 2470 1042 2542 αὐτοσχέδιον
1071 2474 1295 2538 πολλαῖς
1340 2478 1564 2547 μυριάσι
1614 2480 1779 2549 ιιιεαρ⁸

217 2560 363 2610 κεῖν.
394 2556 533 2610 Οὔτε
575 2559 761 2623 Ἠλίας
807 2556 852 2628 ᾧ
900 2561 995 2615 τοῦ
1030 2563 1201 2634 πυρὸς
1249 2569 1283 2635 ὴ
1342 2565 1523 2636 φύσις,
1573 2567 1655 2631 είς
1684 2569 1775 2621 i1:-

212 2663 353 2709 πους
385 2650 801 2718 έπιμερισθεῐσα
828 2653 919 2706 καὶ
950 2654 1193 2725 ἄρματα.
1220 2657 1319 2727 τὴν
1341 2658 1478 2728 πρὸς
1514 2658 1779 2731 οὐρανοὺς

207 2737 365 2807 αύτῷ
393 2738 885 2811 καθυπηρετήσατο
911 2744 1119 2799 ἄνοδον.
1163 2745 1299 2799 οὔτε
1331 2748 1441 2799 τῶν
1478 2748 1639 2803 θείων
1685 2749 1778 2803 καὶ

208 2829 511 2898 μακαρίων
536 2832 831 2900 προφητῶν
853 2834 883 2888 6
909 2835 1091 2904 χορδς,
1126 2836 1391 2905 οὐμενοῦν
1419 2838 1599 2901 οὐδεὶς
1622 2840 1779 2909 έσχεν

206 2920 293 2979 είς
327 2919 634 2989 κατάληψιν
657 2922 854 2989 έλθείν,
892 2926 977 2988 τίς
1000 2926 1058 2979 τέ
1090 2928 1240 2980 ιστιν
1292 2929 1387 2981 καὶ
1428 2931 1578 2991 ὅπως
1629 2930 1780 2983 ιστὶν

204 3009 245 3077 ἡ
277 3008 562 3080 ὑπερφυής
582 3029 642 3065 τε
666 3016 761 3067 καί⁸
790 3015 1065 3086 ἀκήρατος
1102 3017 1263 3087 φύσις
1284 3019 1570 3085 θεότητος.
1614 3019 1775 3075 Ἀλλὰ

206 3095 324 3166 γὰρ
354 3097 435 3149 δτι
460 3098 561 3165 μιν
588 3098 703 3154 εστι
732 3103 827 3155 καὶ
849 3104 1176 3175 ὑφέστηκεν,
1203 3107 1282 3167 είς
1314 3106 1619 3177 κατάληψιν
1645 3109 1780 3181 ημῐν

206 3188 530 3256 ἐχαρίσατο,
564 3191 615 3243 ιι
660 3194 756 3251 καὶ
806 3198 918 3257 τοῖς
972 3198 1071 3265 μιν
1116 3197 1316 3267 μᾶλλον
1346 3199 1631 3267 έναυγᾶζει
1680 3199 1781 3270 τὴν

207 3278 397 3347 χάριν,
452 3283 567 3345 τοῖς
602 3282 662 3335 δέ
712 3260 1090 3358 έπιδεέστερον
1117 3260 1277 3342 ’κατὰ
1338 3290 1437 3358 τὴν
1486 3260 1780 3361 ἄναλογίαν
1808 3260 1848 3313 C

207 3368 437 3440 ἑκάστῳ
462 3371 558 3425 τοῦ
588 3375 1033 3447 κατορθώματος.

286 3636 355 3688 Τί
386 3652 516 3690 ποτε
540 3638 597 3691 δέ
628 3640 810 3703 ἑστιν,
844 3639 878 3712 ἢ
910 3642 1057 3707 ὅπως
1087 3644 1216 3697 ποτέ
1258 3646 1439 3710 ιστιν,
1467 3648 1645 3704 οὐδενὶ
1674 3651 1784 3704 τῶν

204 3726 474 3782 ἁπάντων
500 3728 699 3799 ἑαυτὴν
736 3732 1131 3803 ἄπεγύμνωσεν
1150 3774 1168 3801 ,
1196 3735 1333 3791 ἄλλᾶ
1362 3738 1455 3791 καὶ
1482 3739 1591 3792 τῶν
1627 3740 1782 3813 sim-

209 3822 399 3888 μένων
430 3819 605 3888 ἄγίων
663 3820 974 3893 Ιμπροσθεν
1031 3826 1203 3895 Μωσῇ
1267 3827 1661 3900 έπιποθήσαντι
1722 3830 1783 3883 τὸ

203 3909 445 3963 ἀθέατον
485 3911 546 3963 ού
590 3911 909 3983 δεδώρηται.
962 3915 1315 3986 Παραμύθιον
1358 3916 1416 3970 δέ
1468 3917 1635 3971 πόθου
1686 3918 1781 3972 τοῦ

202 4001 589 4071 ἀτυχήσαντος
610 4001 710 4072 τῆς
734 4004 1080 4075 σαρκώσεως,
1105 4007 1200 4060 καὶ
1228 4008 1351 4061 τότε
1380 4007 1470 4061 διὰ
1499 4009 1782 4077 συμϐόλων

203 4092 311 4143 καὶ
350 4091 536 4144 τύπων
580 4094 975 4149 έκκαλύπτεται
1006 4097 1066 4150 τὸ
1107 4102 1425 4170 μυστήριον.
1457 4102 1583 4164 Τοῖς
1623 4102 1682 4156 δὲ
1724 4104 1783 4156 έν

199 4181 410 4244 τύποις
443 4198 502 4235 τε
534 4183 631 4237 καὶ
661 4184 999 4255 ὁμοιώμασιν
1019 4225 1035 4251 ,
1063 4188 1163 4241 ὅσα
1192 4188 1340 4243 εστιν
1363 4190 1492 4245 ίδεῐν
1512 4190 1784 4263 ἀνθρώπῳ

201 4270 439 4331 δυνατὰ.
469 4272 567 4339 τὴν
587 4272 793 4328 οίκείαν
816 4275 976 4341 δόξαν
1002 4278 1064 4331 τὸ
1091 4278 1249 4333 Θεϊον
1272 4281 1630 4353 ένηστραψεν.
1656 4283 1781 4337 ὀτι

199 4359 267 4413 δὲ
315 4359 452 4412 Θεὸν
495 4360 798 4430 ἀνθρώπων
824 4364 1010 4432 ,οὐδεὶς
1036 4365 1280 4437 έώρακεν
1298 4406 1315 4432 ,
1344 4367 1469 4422 οὔτε
1493 4370 1782 4440 δυνήσεται

204 4448 373 4510 ίδεῑν,
402 4449 560 4517 γέμει
594 4451 693 4519 μιν
720 4451 821 4521 τῆς
851 4454 1151 4524 μαρτυρίας
1172 4456 1242 4510 τὰ
1282 4457 1487 4512 παλαιᾶ
1531 4461 1628 4515 καὶ
1660 4461 1781 4531 ίερὰ

202 4539 543 4607 γράμματα,
574 4542 735 4610 γέμει
760 4541 817 4595 δέ
847 4544 882 4612 ἠ
911 4544 1091 4615 χάρις.
1117 4546 1227 4599 Καὶ
1260 4545 1441 4617 βίϐλος
1464 4547 1530 4602 ἄν
1554 4548 1779 4620 ὁλόκλη·
1810 4567 1857 4625 ι)

206 4643 311 4696 ρος
356 4626 441 4697 ετη
471 4629 504 4697 ἠ
535 4629 643 4681 τῶν
674 4631 1196 4704 έπιμαρτυρομένων
1220 4635 1431 4703 Λογίων
1460 4636 1561 4708 τὴν
1586 4638 1786 4705 γνῶσιν

202 4715 544 4785 παράθεσις.
588 4719 698 4775 Καὶ
733 4720 842 4790 μὴν
871 4723 965 4776 καὶ
990 4722 1021 4775 6
1055 4723 1166 4777 τῶν
1194 4724 1289 4777 τοῦ
1333 4724 1482 4780 θείου
1529 4727 1787 4796 ῥημάτων

200 4806 432 4859 Παύλου
461 4808 669 4879 μύστης
700 4812 794 4863 καὶ
830 4813 1119 4882 κατήκοος,
1149 4815 1179 4867 6
1205 4816 1391 4886 ῥήτωρ
1415 4817 1517 4887 μέν
1542 4817 1669 4880 τοὺς
1701 4816 1785 4870 λό·

196 4915 369 4965 γους,
402 4898 685 4967 φιλόσοφος
708 4901 764 4957 δδ
792 4902 859 4957 τὰ
885 4906 1161 4974 νοήματα,
1198 4907 1398 4975 μᾶλλον
1424 4907 1482 4961 δὲ
1513 4910 1607 4962 καὶ
1632 4909 1662 4961 6
1687 4908 1783 4964 τοῦ

195 4984 306 5038 νοῦ
344 4984 438 5038 καὶ
468 4987 565 5056 τῆς
597 4988 845 5061 γλώσσης
873 4991 971 5063 τὴν
1002 4993 1208 5047 ἄνωθεν
1236 4994 1558 5061 ἄποστάζων
1586 4998 1742 5066 χάριν
1765 5037 1779 5060 ,

198 5074 315 5125 καὶ
354 5073 455 5142 τῆς
486 5075 637 5139 θείας
664 5079 797 5147 ἡμῖν
828 5079 1020 5148 σοφίας
1047 5080 1361 5145 ἄναδλύζων
1393 5083 1492 5154 τὴν
1526 5083 1783 5144 ἄϐυσσον,

191 5160 374 5226 οὗτος
416 5159 508 5217 οὖν
548 5169 577 5218 6
609 5167 779 5235 μέγας
821 5170 1093 5233 Διονύσιος
1138 5170 1247 5237 (28)
1286 5173 1552 5245 λαμπρῷς
1598 5190 1657 5226 τε
1691 5176 1787 5228 καὶ

191 5254 461 5325 δριμέως
501 5257 828 5327 μετέρχεται
867 5260 948 5324 τὸ,
990 5261 1213 5332 μηδαμῆ
1246 5262 1309 5315 τὸ
1332 5263 1520 5324 Θετον,
1566 5263 1617 5317 τί
1647 5264 1777 5316 ποτὲ

190 5348 368 5398 tactv
389 5383 404 5409 ,
435 5344 703 5415 μηδέποτε
728 5349 1090 5420 ἀνθρωπίναις
1122 5351 1516 5414 euocatum:
1544 5355 1779 5426 καταλή-

1884 2017 2029 2072 tibus
2050 2016 2305 2082 obnoxio,
2330 2015 2508 2085 juncti
2543 2030 2757 2080 sumus,
2780 2018 2874 2072 sed
2901 2027 2954 2073 et
2983 2020 3197 2074 seculis
3226 2019 3448 2086 futuris,

1881 2107 2102 2179 quando
2130 2122 2250 2173 nos,
2286 2106 2550 2178 depositis
2588 2106 2971 2177 aenigmatibus
3013 2118 3068 2163 et
3102 2112 3451 2179 perspicillis,

1883 2199 2297 2270 incorruptibile
2354 2215 2455 2270 pro
2506 2202 2845 2271 corruptibili
2912 2201 3108 2267 induti,
3158 2204 3449 2259 veritatem

1884 2290 2072 2359 purius
2112 2298 2167 2345 et
2192 2289 2487 2360 perfectius
2530 2294 2947 2362 perspiciemus.
2998 2292 3139 2360 Quid
3181 2295 3326 2348 enim
3366 2296 3453 2347 di-

1883 2396 2006 2437 cere
2056 2382 2267 2445 attinet,
2319 2383 2465 2452 quod
2513 2398 2690 2454 neque
2740 2384 2938 2450 Moses,
2984 2387 3077 2455 qui
3126 2386 3181 2439 in
3236 2394 3447 2440 tantum

1883 2474 2171 2542 potestatis
2197 2474 2521 2538 virtutisque
2570 2476 2794 2543 gradum
2845 2486 3067 2529 evectus
3108 2485 3213 2541 est,
3244 2484 3323 2540 nt,
3354 2478 3447 2545 qui

1883 2563 2018 2617 alias
2062 2578 2282 2633 quoque
2327 2564 2590 2618 miracula
2639 2565 2831 2619 edendi
2894 2564 3150 2619 facultate
3205 2568 3444 2631 valeret,

1885 2652 2068 2722 lingua
2101 2667 2199 2705 sna
2225 2652 2448 2717 ctelum,
2496 2653 2667 2707 instar
2708 2665 2889 2717 terrae,
2922 2653 3102 2709 colere
3129 2664 3293 2725 atque
3323 2654 3451 2709 inde

1887 2743 2072 2798 multis
2102 2744 2384 2796 hominum
2435 2742 2675 2798 millibus
2714 2742 2895 2798 cibum
2930 2752 3123 2814 sponte
3167 2754 3221 2798 et
3267 2747 3453 2797 subito

1885 2843 2069 2887 natum
2097 2831 2517 2887 subministrare
2547 2842 2763 2899 posset;
2796 2848 2973 2903 neque
2996 2833 3166 2896 Elias,
3194 2834 3281 2887 cui
3311 2834 3453 2903 ignis

1885 2933 2097 2989 natura,
2131 2938 2399 2993 equorum
2431 2932 2487 2977 et
2514 2938 2711 2978 currus
2742 2925 2889 2981 vices
2922 2934 3210 2994 praestans,
3241 2925 3450 2979 aditqu

1887 3014 1940 3068 in
1977 3015 2174 3068 caelum
2219 3015 2464 3082 paravit;
2502 3028 2680 3084 neque
2717 3014 3026 3069 divinorum
3070 3023 3124 3069 et
3168 3014 3447 3068 beatorum

1882 3105 2275 3174 prophetarum
2314 3110 2519 3160 chorus
2556 3105 2911 3174 intelligendo
2944 3106 3161 3175 assequi
3192 3107 3447 3174 potuerit,

1886 3210 2005 3263 quae
2032 3203 2087 3249 et
2107 3195 2286 3263 qualis
2314 3195 2386 3250 sit
2404 3196 2834 3263 supernatnralis
2862 3196 2950 3249 illa
2976 3204 3032 3251 et
3054 3197 3449 3265 perfectissinnt

1884 3281 2083 3341 summi
2121 3282 2368 3339 Numinis
2406 3294 2621 3339 natura.
2656 3284 2814 3350 Quod
2848 3295 3024 3339 tamen
3047 3295 3099 3339 et
3133 3288 3223 3347 sit,
3251 3297 3304 3341 et
3330 3302 3450 3355 per-

1882 3372 2059 3431 sistat.
2096 3371 2146 3425 id
2175 3372 2391 3441 quidem
2421 3387 2583 3427 nosse
2613 3374 2773 3428 nobis
2806 3373 2991 3438 dedit;
3020 3373 3271 3442 quamvis
3310 3374 3451 3428 alios

1884 3463 2109 3531 largius,
2142 3463 2279 3517 alios
2318 3461 2535 3531 parcius
2563 3477 2662 3531 pro
2708 3462 2954 3526 modulo,
2986 3464 3190 3533 cuique
3221 3477 3445 3518 accom-

1888 3552 2127 3617 modato,
2162 3552 2334 3622 gratia
2360 3566 2457 3605 sua
2490 3553 2792 3608 collustret.

1956 3640 2089 3705 Quae
2127 3655 2257 3695 vero
2302 3641 2392 3696 illa
2440 3639 2686 3696 Numinis
2737 3651 2930 3696 natura
2978 3642 3081 3706 sit,
3134 3651 3229 3697 aut
3272 3644 3449 3712 qualis

1884 3727 2099 3783 tandem
2160 3728 2253 3793 sit,
2319 3729 2523 3783 nemini
2559 3731 2802 3784 omnium
2846 3740 3031 3799 putt-re
3058 3731 3262 3795 voluit;
3300 3734 3450 3801 quod

1886 3834 1986 3873 nec
2032 3817 2167 3873 Iosi
2210 3818 2333 3887 ipsi,
2378 3820 2475 3888 qui
2546 3829 2673 3874 ante
2706 3830 2925 3876 sanctos
2958 3821 3099 3887 illos,
3142 3837 3284 3891 quos
3307 3822 3451 3877 disi-

1884 3922 2028 3971 tnus,
2077 3909 2222 3963 viros
2271 3910 2599 3966 invisibilem
2658 3910 2840 3965 videre
2902 3913 3171 3981 cupiebat,
3227 3927 3449 3968 conces-

1883 4012 2005 4053 sum
2075 4006 2181 4053 est.
2255 3998 2312 4053 In
2379 4000 2634 4054 solatium
2714 4010 2894 4057 tamen
2952 4001 3246 4068 desiderii,
3301 4005 3447 4073 quod

1884 4088 1937 4140 in
2006 4098 2359 4157 conspectum
2424 4091 2817 4144 incarnationis
2869 4090 3071 4145 frustra
3136 4090 3444 4163 ferebatur,

1881 4178 2043 4232 etiam
2091 4186 2222 4234 tunc
2257 4180 2574 4250 mysterium
2613 4181 2742 4236 illud
2784 4196 2878 4250 per
2919 4180 3166 4251 symbola
3208 4190 3263 4237 et
3295 4192 3448 4254 typos

1882 4270 2240 4323 revelabatur.
2302 4271 2359 4324 In
2425 4272 2511 4325 his
2570 4286 2698 4325 vero
2752 4272 2893 4341 typis
2951 4280 3009 4325 et
3069 4272 3445 4331 adumbratis-

1882 4359 2043 4413 nibus
2089 4358 2375 4414 Summum
2436 4359 2650 4417 Numen
2725 4364 2953 4430 gloriam
2998 4378 3201 4428 suam,
3264 4368 3445 4435 quoad

1881 4452 2100 4520 quidem
2122 4452 2758 4522 hominibusperspieere
2787 4469 2909 4508 eam
2942 4454 3093 4517 licet.
3125 4456 3447 4513 illueescere

1882 4541 2076 4595 voluit.
2122 4540 2277 4605 Quod
2318 4556 2448 4596 vero
2477 4539 2643 4597 Deum
2691 4558 2851 4599 nemo
2892 4544 3175 4599 hominum
3229 4543 3444 4610 viderit,

1885 4643 1986 4684 nec
2014 4630 2194 4684 videre
2223 4645 2462 4699 unquam
2505 4634 2700 4699 possit.
2731 4633 2781 4686 id
2812 4635 3035 4703 quidem
3068 4634 3447 4703 frequentibus

1884 4718 2179 4788 Scriptura:
2228 4737 2421 4787 sacrm,
2476 4732 2590 4777 tum
2634 4721 2845 4780 Veteris
2893 4735 3008 4780 tum
3044 4726 3188 4780 Novi
3235 4727 3443 4783 lustru-

1883 4810 2074 4876 menti,
2111 4811 2439 4868 testimoniis
2482 4812 2697 4869 abunde
2736 4824 2970 4870 constat.
3003 4814 3207 4871 Horum
3246 4832 3447 4873 oracu-

1881 4896 2101 4962 lorum,
2150 4899 2205 4953 id
2256 4899 2475 4969 quidem
2527 4902 2886 4967 testantium,
2942 4904 3192 4959 collectio
3234 4905 3450 4974 justum

1880 4988 2077 5066 librum
2112 4989 2365 5044 eiiiceret.
2399 4989 2492 5045 llle
2528 5005 2767 5061 quoque,
2793 4994 2884 5062 qui
2924 4994 3093 5048 divini
3125 4995 3275 5050 Pauli
3326 4998 3449 5052 elo—

1880 5080 2009 5148 quia
2050 5080 2224 5133 audiit
2265 5088 2319 5134 et
2350 5080 2576 5135 edoctus
2628 5090 2732 5146 est,
2767 5084 2948 5138 verbis
2975 5087 3197 5153 quidem
3237 5087 3444 5150 rhetor,

1880 5171 2167 5224 sententiis
2210 5184 2338 5225 vero
2380 5172 2757 5241 philosophus,
2797 5176 2881 5227 vel
2932 5176 3057 5229 talis
3089 5178 3292 5245 potius,
3341 5182 3439 5248 qui

1883 5272 1937 5318 et
1976 5264 2325 5333 intelligentia
2367 5274 2421 5319 et
2459 5265 2639 5335 lingua
2690 5266 3065 5323 sublimiorem
3110 5270 3279 5324 stillat
3314 5287 3449 5340 gra-

1887 5355 2039 5417 tiam,
2062 5357 2330 5427 nobisque
2351 5357 2632 5413 divinioris
2654 5360 2935 5429 sapientiae
2956 5361 3221 5430 profunda
3243 5366 3441 5433 aperit,

1706 5526 1941 5585 ΝΟΤιΕ.

275 5678 399 5751 (21)
431 5676 713 5751 guilt.pru
750 5680 823 5751 μὴ
864 5682 1096 5735 δειπνεῖν
1118 5700 1190 5736 τι.

274 5744 399 5821 ('28)
436 5744 529 5821 Est
551 5744 639 5821 ille
668 5744 953 5821 Dionysius
979 5751 1326 5821 Areopagita.
1360 5752 1519 5821 cujus
1549 5753 1769 5821 scripta,

183 5836 336 5892 qua:
368 5817 529 5872 hodie
558 5820 694 5874 falso
718 5817 819 5874 sub
841 5824 959 5887 ejus
1010 5817 1228 5876 noniiné
1290 5817 1771 5885 circumferuntur,

1884 5685 2265 5759 progermanis
2299 5685 2480 5759 habuit
2502 5684 2747 5759 _Pli_otius
2791 5695 2995 5759 noster,
3024 5689 3117 5759 qui
3152 5698 3205 5742 et
3237 5688 3288 5759 in
3326 5690 3434 5759 My-

1882 5755 2116 5825 riolutdn
2146 5770 2246 5805 suo
2277 5755 2464 5807 codice
2494 5755 2517 5807 ί
2568 5754 2835 5809 Theodori
2891 5754 3199 5825 Presbyteri
3233 5754 3436 5813 libi-uin

1879 5824 2209 5892 singularem
2246 5838 2343 5893 pro
2371 5825 2681 5893 γνησιότητι
2705 5839 2895 5879 eorum
2912 5824 3150 5879 enarrat.
