4200 6444
151 404 247 471 701

1140 408 1240 468 Μ)
1271 406 1862 470 AMPIIILOCIIIUM
1890 407 2233 479 OUAISTIO
2258 408 2428 471 CXX.

3282 401 3391 466 ’ποτ

150 524 257 595 φην
296 521 698 594 περικείμενος.
747 519 956 577 Οὐκοῦν
995 520 1089 574 καὶ
1127 522 1206 583 είς
1242 515 1401 584 αὖθις
1432 518 1574 574 κατά
1618 517 1718 590 τὴν
1744 520 1797 581 Λ

1744 520 1797 581 Λ
1818 518 2099 573 oraculum
2120 517 2427 583 coullrmat,
2450 530 2796 573 communem
2821 513 3110 571 Dominum
3140 523 3389 569 nostrntn

153 613 296 668 ιδέαν
318 628 379 667 τε
413 614 507 667 καὶ
534 612 714 682 φύσιν
754 610 1255 683 ἀμφανισθήσεσθαι
1276 648 1291 673 ,
1325 609 1406 673 είς
1431 608 1633 678 γνῶσίν
1658 624 1719 662 τε

150 704 243 759 καὶ
270 703 575 774 κατάληψιν
596 701 1001 772 ἀφικέσθαιτὸν
1021 700 1201 756 κοινδν
1221 699 1497 771 Δεσπότην
1520 701 1550 753 δ
1579 698 1722 771 ίερδς

147 792 398 863 χρησμὸς
435 791 785 847 ἀϐεϐαίωσεν.
836 791 946 846 Καὶ
985 791 1104 845 τότε
1137 790 1239 860 δρα
1271 806 1396 861 μοι,
1426 790 1590 845 τισιν,
1643 790 1719 844 οὐ

146 884 256 956 γὰρ
286 885 398 948 τοῖς
434 882 726 953 τυχοῦσιν,
764 883 875 937 οὐδ’
905 884 1019 937 ὅσοι
1064 880 1246 952 μικρῷ
1287 880 1364 951 τῷ
1399 880 1583 951 μέτρῳ
1612 880 1721 934 τῶν

145 973 327 1028 ἀλλων
356 971 661 1045 ἀνθρώπων
687 976 769 1036 εἰς
791 971 1077 1027 ἀπίπνοιάν
1102 986 1163 1024 τε
1195 969 1348 1023 θείαν
1370 970 1464 1024 καὶ
1487 969 1723 1039 θεωρίας

148 1059 317 1130 ὕψος,
352 1061 448 1114 καὶ
484 1062 604 1125 ταῖς
633 1060 820 1124 ἀλλαις
850 1061 1073 1132 ἀρεταῖς
1106 1059 1536 1130 ὑπερανέχουσιν
1558 1098 1573 1119 ,
1604 1058 1723 1127 ἀλλ’

146 1150 336 1212 αὐτοῖς
359 1148 609 1214 εκείνοις,
633 1152 682 1203 οί
704 1149 799 1204 ἀπ’
829 1149 1008 1221 ἀρχῆς
1031 1148 1303 1203 αὐτόπται
1329 1142 1725 1220 καῖ’ύπηρέται

145 1236 244 1291 τοῦ
297 1237 456 1307 λόγου
505 1239 838 1311 γεγενῆσθαι
891 1239 1188 1311 συμπάσης
1231 1238 1333 1309 τῆς
1378 1237 1727 1309 ἀνθρωπίνης

146 1329 368 1397 ᾀύσεως
413 1330 505 1383 ὑπ’
537 1330 704 1385 αὑτοῦ
743 1328 840 1385 τοῦ
889 1330 1145 1385 Πλάστου
1175 1328 1605 1401 προεκρίθησαν.
1652 1327 1725 1381 Σὺ

144 1419 204 1472 δέ
238 1438 330 1490 μοι
360 1421 429 1476 τά
451 1437 510 1475 τε
539 1421 673 1476 ἀλλα
702 1422 935 1495 ῖρῤωσο,
958 1422 1054 1476 καὶ
1081 1421 1261 1491 ψυχὴν
1290 1420 1384 1474 καὶ
1413 1419 1573 1491 σῶμα
1603 1418 1726 1490 Θεῷ

147 1510 392 1581 καθαρὸν
432 1513 712 1583 συντηρῶν
745 1514 863 1583 εῖης
892 1511 985 1565 τοῦ
1020 1510 1139 1582 βίου
1172 1511 1243 1564 τὰ
1285 1510 1504 1582 κύματα
1541 1510 1726 1582 ίλαρὸν

145 1598 443 1663 πνεούσαις
471 1598 667 1670 αὔραις
708 1600 981 1672 διαπερῶν
1001 1640 1016 1666 ,
1048 1599 1145 1654 καὶ
1179 1598 1277 1668 τῆς
1304 1596 1513 1651 ικεῖθεν
1546 1596 1728 1668 ἀλμης

146 1690 618 1762 ὑπερνηχόμενος.

706 1800 1039 1855 ΕΡΩΤΗΣῙΣ
1069 1800 1200 1855 I'K'.

150 1892 218 1950 τί
244 1891 430 1958 δη.ίοῖ
480 1893 545 1947 τὸ
593 1892 1004 1948 ἀποστολικόν
1022 1893 1101 1961 ρη

221 1964 321 2017 καὶ
360 1965 476 2016 νῦν
509 1963 953 2031 δοξασθήσεται
986 1958 1236 2030 Χριστὸς
1270 1960 1350 2030 ,ἐν
1388 1958 1467 2026 τῷ
1498 1958 1727 2030 σώματί

212 2051 357 2102 μου,
389 2052 406 2083 ι
444 2050 499 2087 κ.
533 2033 579 2085 ἐ.
615 2033 766 2099 (ὅδις

1109 1892 1236 1957 τὸν,
1263 1890 1329 1944 τὸ
1353 1930 1367 1955 ,
1407 1910 1424 1943 ι
1466 1889 1728 1945 Πάντοτε
1762 1857 1804 1915 Β

1822 610 2010 665 eadem
2056 608 2238 679 specie
2287 609 2571 680 formaque
2601 608 2795 664 lterum
2844 605 2960 662 lore
3008 606 3390 675 conspicuum,

1823 698 2110 770 oculisque
2137 700 2340 756 nostris
2364 708 2419 755 et
2447 698 2741 769 cognitioni
2783 697 3028 753 obvium.
3065 693 3199 751 Vide
3241 710 3389 760 vero,

1821 787 2021 857 quibus
2053 788 2182 844 illud
2228 789 2300 844 sit
2346 798 2687 845 eventurum.
2731 787 2844 843 Non
2878 800 3010 843 sane
3057 787 3389 857 quibusque.

1823 894 1999 950 neque
2027 879 2133 935 illis
2161 880 2347 945 etiam,
2389 880 2481 949 qui
2517 879 2709 950 exigua
2757 892 3011 933 mensura
3040 878 3179 931 alios
3211 875 3393 931 homi-

1824 985 1943 1036 nes,
1966 972 2107 1041 quod
2141 972 2208 1028 ad
2237 972 2470 1027 alliatum
2503 972 2742 1025 divinum
2784 970 3219 1042 cognitionisque
3258 982 3396 1038 prte-

1825 1062 2108 1127 stantlam,
2156 1071 2212 1118 ut
2260 1063 2327 1118 de
2371 1062 2665 1118 virtutibus
2696 1062 2817 1116 aliis
2861 1077 2964 1116 non
2996 1061 3196 1124 dicam,
3233 1075 3395 1129 supe-

1826 1159 1990 1217 rant;
2035 1151 2129 1207 sed
2181 1151 2314 1221 ipsis
2366 1151 2505 1216 illis,
2539 1152 2630 1221 qui
2663 1152 2730 1205 ab
2763 1152 2881 1221 ipso
2907 1149 3201 1205 Conditore
3249 1148 3395 1219 digni

1826 1256 1938 1312 prta1
1964 1241 2087 1297 aliis
2126 1242 2296 1297 habiti
2328 1252 2504 1305 erant,
2537 1252 2593 1297 ut
2624 1243 2689 1296 ab
2719 1241 2873 1296 initio
2900 1248 3235 1310 spectatores
3265 1236 3397 1293 Ver-

1826 1331 1901 1397 bi,
1930 1340 1985 1387 et
2024 1331 2090 1386 ad
2123 1342 2295 1388 totum
2332 1333 2609 1388 hominum
2656 1347 2826 1403 genus
2855 1331 3096 1401 ejusdem
3134 1331 3397 1400 interpres

1827 1430 1880 1478 et
1911 1423 2215 1479 administri
2238 1435 2439 1482 essent.
2475 1426 2548 1480 Ita
2577 1434 2632 1479 tu
2660 1434 2714 1479 et
2746 1423 2881 1479 alias
2904 1424 3039 1485 vale,
3070 1432 3123 1476 et
3153 1422 3397 1475 animum

1827 1529 2137 1587 corpusque
2174 1513 2286 1571 Deo
2331 1516 2707 1571 intemeratum
2756 1528 3002 1579 servans,
3037 1512 3399 1579 secundisque

1828 1605 2005 1661 ventis
2032 1619 2185 1671 usus,
2226 1606 2508 1676 praisentis
2539 1606 2661 1662 vitae
2698 1605 2893 1661 ﬂuctus
2921 1617 3139 1673 supera,
3168 1602 3401 1657 salsum-

1828 1710 1935 1768 que
1968 1697 2069 1752 hoc
2103 1711 2254 1753 mare
2301 1700 2546 1753 emetire.

1901 1806 2228 1875 QUESTIO
2266 1808 2426 1865 CXX.
2457 1808 2644 1882 [CuisL
2679 1808 2877 1866 CXLII.
2911 1808 3074 1865 Taur.
3112 1803 3318 1878 CXLI.)

1834 1896 1975 1964 Quid
2020 1900 2284 1970 signiﬁcat
2316 1899 2529 1970 dictum
2561 1902 2798 1967 Apastolt'
2829 1918 2846 1955 :
2892 1921 2908 1953 ι
2947 1901 3156 1970 Semper
3184 1911 3230 1953 et
3264 1912 3401 1960 nunc

1866 1968 2081 2040 quoque
2096 1968 2337 2025 Christus
2361 1969 2741 2041 gloriﬁcabitur
2766 1972 2820 2025 in
2838 1986 3051 2041 corpore
3068 1968 3203 2034 meo,
3219 1987 3237 2021 ι
3266 1978 3371 2023 etc.

214 2147 473 2199 Editarum
496 2161 523 2197 a
548 2146 723 2197 Wolfio
740 2148 911 2211 quinta
932 2148 988 2211 (Ι.
1009 2160 1077 2209 ο.,
1100 2160 1153 2211 p.
1180 2144 1409 2206 715-719,
1431 2143 1657 2196 Galland.
1683 2157 1731 2209 ιτ.
1757 2146 1873 2197 τιτι

1683 2157 1731 2209 p.
1757 2146 1981 2210 7l7-718,
2002 2160 2053 2198 ιι.
2076 2148 2158 2210 Si,
2181 2162 2229 2212 p.
2266 2149 2397 2213 ιιι).
2424 2149 2747 2212 -Ειροείιιο
2771 2155 2938 2199 textus
2958 2148 3171 2212 Philipp.
3198 2161 3231 2208 t,
3258 2147 3335 2196 ΞΟ.

233 2250 298 2305 Ἦ
320 2251 412 2305 τοῦ
432 2251 658 2322 ῥήτορος
678 2249 775 2320 τῆς
792 2248 1045 2318 ἀληθείας
1068 2246 1243 2320 φωνὴ,
1269 2249 1323 2317 ή,
1345 2247 1420 2311 ώς
1454 2264 1472 2299 ι
1498 2246 1735 2301 Πάντοτε

143 2339 246 2394 καὶ
276 2338 373 2392 νῦν
416 2336 808 2408 δοξασθήσεται
847 2336 1080 2407 Χριστὸς
1118 2337 1179 2390 ιν
1211 2334 1291 2406 τῷ
1337 2333 1550 2406 σώματί
1594 2352 1731 2405 μου,

145 2433 263 2484 εἴτε
297 2429 386 2484 διὰ
418 2428 585 2499 ζωῆς,
613 2428 723 2481 είτε
751 2426 839 2481 διά
890 2426 1119 2481 θανάτου
1166 2424 1303 2496 (39).
1343 2442 1363 2477 ι
1418 2424 1585 2477 πόθου
1635 2425 1734 2494 μὶν

146 2521 294 2593 αὐτή
320 2520 431 2591 (40)
461 2522 747 2591 προχεῖται
776 2517 1075 2589 σεϐασμίου
1100 2534 1160 2572 τε
1192 2518 1286 2571 καὶ
1315 2516 1483 2587 ίεροῦ,
1518 2515 1735 2578 ιλπίδος

143 2614 204 2667 δὲ
232 2612 470 2684 βέϐηκεν
494 2613 655 2681 φύσιν
685 2609 985 2680 ἀγνοούσης
1012 2607 1237 2680 θνητήν,
1264 2607 1520 2678 τοιαύτην
1546 2607 1604 2660 δι
1629 2607 1730 2677 τήν

142 2698 393 2754 διάνοιαν
413 2697 695 2770 ὕποδηλοῖο
729 2697 971 2753 Πάντοτε
998 2698 1028 2751 6
1056 2697 1292 2768 Χριστὸς
1321 2696 1380 2750 έν
1410 2694 1489 2765 τῷ
1518 2694 1732 2765 σώματι

141 2789 373 2845 Πλύλυυ
414 2788 816 2860 ιμεγαλύνετο,
863 2788 959 2842 καὶ
1011 2786 1101 2841 ὅτε
1152 2786 1371 2856 δεσμοῖς
1422 2784 1583 2841 αὑτὸν
1636 2783 1731 2837 καὶ

146 2875 380 2949 μάστιξι
428 2875 951 2947 λνταλαιπωρεῖσθαι
988 2872 1320 2945 συνεχώρει,
1360 2874 1455 2927 καὶ
1498 2872 1728 2927 θανάτου

144 2965 261 3036 πρὸ
308 2964 496 3020 πυλών
543 2964 832 3037 ἀρρῖφθαι,
886 2963 980 3016 καὶ
1020 2962 1112 3016 ὅτε
1164 2961 1372 3029 εεεῖλκε
1412 2960 1577 3017 αὑτὸν
1634 2962 1729 3015 uel.

144 3052 473 3124 ἀνήρπαζεν
525 3054 589 3105 ix
640 3052 820 3123 μέσων
865 3051 973 3105 τῶν
1022 3050 1283 3119 ἀνιαρῶν.
1322 3046 1416 3114 Οἷς
1471 3051 1570 3121 μιν
1620 3051 1729 3121 γάρ

144 3144 401 3198 ἀναθλεῖν
441 3142 669 3213 ηφίετοη
708 3143 802 3197 καὶ
832 3144 946 3206 τοῖς
974 3142 1054 3204 είς
1088 3140 1318 3196 θάνατον
1350 3139 1542 3210 ἄγουσι
1604 3157 1729 3194 συν·

144 3234 437 3301 επλέκετο,
464 3235 788 3306 πειρασμοῖς
819 3231 1133 3287 έϐιϐαιοῦτο
1162 3233 1255 3286 καὶ
1276 3230 1600 3302 ἀκρατύνετο
1629 3232 1729 3301 τῆς

143 3327 438 3391 εὐσεϐείας
477 3326 537 3380 τὸ
584 3326 867 3399 κήρυγμα.
907 3323 1287 3395 [λογιζομένων
1325 3323 1434 3377 τών
1476 3324 1727 3392 δρώντων

144 3422 217 3474 τὰ
250 3416 466 3473 Παύλου
494 3416 699 3488 δεσμὰ,
734 3416 829 3471 καὶ
869 3419 965 3480 τάς
1002 3414 1246 3485 θλίψεις,
1286 3415 1379 3469 καὶ
1410 3413 1505 3485 τήν
1533 3416 1591 3468 εν
1622 3414 1721 3468 αύο

1913 2243 2029 2302 Vox
2070 2247 2161 2303 illa
2193 2248 2457 2319 praeconis
2486 2249 2749 2313 veritatis,
2805 2263 2927 2319 qua
2954 2249 3029 2304 ait
3060 2268 3074 2304 :
3119 2267 3137 2300 ι
3174 2246 3403 2318 Semper

1835 2344 1890 2393 et
1915 2352 2059 2393 nunc
2088 2354 2305 2410 quoque
2337 2339 2586 2395 Christus
2620 2339 2669 2393 in
2702 2354 2925 2410 corpore
2965 2353 3087 2393 meo
3129 2338 3403 2409 glorillca-

1834 2427 2000 2494 bitur,
2027 2429 2142 2486 sive
2172 2445 2267 2500 per
2297 2432 2482 2496 vitam,
2516 2433 2627 2487 sive
2656 2448 2748 2502 per
2794 2442 3041 2495 mortem,
3076 2448 3095 2483 ι
3141 2447 3207 2487 es
3252 2432 3401 2488 desi-

1834 2517 1987 2574 derio
2042 2521 2280 2591 quodam
2333 2522 2588 2591 religioso
2637 2531 2690 2575 et
2736 2536 2891 2577 sacro
2939 2522 3176 2593 proﬂuit,
3237 2523 3400 2579 simul

1831 2621 1961 2664 vero
1990 2608 2059 2663 ad
2086 2623 2234 2679 spem
2264 2610 2487 2678 aspirat,
2510 2623 2631 2679 qua:
2662 2609 2937 2663 mortalem
2966 2618 3214 2663 naturam
3246 2610 3401 2679 igno-

1831 2708 1934 2755 rat.
1997 2698 2226 2755 Sensum
2284 2716 2413 2756 vero
2454 2701 2598 2756 hunc
2644 2701 2827 2767 refert,
2862 2702 3005 2771 quod
3058 2701 3312 2758 Christus
3344 2703 3399 2759 iu

1831 2806 2061 2861 corpore
2106 2789 2257 2847 Pauli
2304 2807 2518 2862 semper
2558 2792 2630 2848 sit
2670 2792 3080 2862 magniﬁcatus,
3126 2796 3243 2849 sive
3273 2810 3398 2848 eum

1829 2880 2061 2938 vinculis
2102 2891 2156 2937 et
2204 2881 2392 2938 ferulis
2422 2881 2602 2953 ainigi,
2650 2882 2947 2953 mortisque
2981 2883 3115 2939 adeo
3146 2884 3402 2954 periculis

1830 2970 1993 3042 objici
2034 2981 2309 3042 pateretur
2356 2972 2519 3038 Deus,
2560 2973 2673 3029 sive
2708 2974 2856 3029 illum
2899 2989 2965 3030 ex
3014 2975 3205 3031 mediis
3235 2989 3401 3031 vexa-

1828 3063 2069 3119 tionibus
2104 3067 2357 3135 eriperet,
2383 3074 2436 3121 et
2474 3065 2791 3123 vindicaret.
2832 3065 2940 3122 Illis
2968 3068 3111 3123 enim
3146 3067 3401 3125 tentatlo-

1828 3153 2023 3220 nibus,
2064 3154 2147 3209 vel
2180 3164 2409 3210 mortem
2458 3156 2626 3224 ipsam
2656 3155 3008 3220 minantibus,
3039 3170 3162 3211 cunt
3197 3157 3398 3226 quibus

1826 3242 2125 3299 conﬂictari
2155 3254 2210 3301 et
2234 3246 2545 3316 depugnare
2575 3246 2882 3315 jubebatur,
2919 3246 3251 3316 praeconium
3279 3247 3399 3318 pie-

1827 3333 1951 3388 tatis
2000 3333 2317 3388 lirmabatur
2360 3344 2414 3390 et
2466 3334 2859 3390 stabiliebatur.
2904 3335 3008 3401 Qui
3062 3334 3208 3391 enim
3246 3332 3396 3391 Pauli

1825 3425 2041 3479 vincula
2075 3425 2524 3495 calamitatesque
2553 3441 2676 3480 cum
2710 3427 2915 3481 ratione
2955 3426 3394 3509 perspiciebant,

142 3513 267 3574 τοῖς
296 3507 573 3579 ὑπομονήν
593 3484 1078 3578 λκπληττομένων,
1104 3484 1198 3560 καὶ
1214 3505 1295 3576 τῷ
1319 3484 1559 3575 θαύματι
1585 3505 1721 3576 πρὸς
1747 3484 1791 3545 C

1747 3484 1791 3545 Ο
1829 3525 1881 3568 et
1924 3515 2239 3585 patientiam
2288 3518 2340 3571 in
2383 3484 2489 3572 illis
2541 3517 2819 3586 probatam
2853 3484 3279 3581 admirabantur.
3320 3484 3396 3572 illi

145 3599 495 3672 ἐπιστροφήν
542 3598 971 3670 διανισταμένων
997 3636 1014 3664 ,
1042 3595 1119 3661 ώς
1152 3596 1203 3650 εί
1242 3596 1317 3667 μή
1364 3596 1508 3650 θεῖόν
1551 3613 1603 3650 τι
1634 3595 1728 3650 καὶ

144 3689 466 3761 πινάληθες
490 3690 552 3742 τὸ
580 3689 711 3760 παρ’
738 3687 904 3744 αὐτοῦ
939 3686 1350 3760 κηρυσσόμενον
1375 3687 1723 3759 καθεστήκει,

142 3785 253 3837 οὒκ
291 3780 361 3836 ἂν
387 3780 577 3836 ἑαυτὸν
608 3780 823 3853 μυρίοις
867 3780 1072 3852 χαίρων
1108 3782 1202 3833 καὶ
1231 3780 1525 3853 ἀφορήτοις
1557 3778 1726 3833 ῖδίδου

142 3875 368 3938 κακοῖς,
400 3872 517 3928 ίνδν
557 3872 903 3943 παυσάμενον
934 3870 1371 3925 ἀπαλλάττεσθαι
1402 3869 1513 3923 τῶν
1541 3872 1726 3939 ἀλγει-

142 3963 264 4019 νῶν
293 3965 389 4018 καὶ
418 3963 495 4035 μή
518 3963 744 4018 θάνατον
767 3963 846 4027 εις
872 3962 1060 4031 ἀγῶνα
1087 3960 1293 4016 καλεῖν.
1335 3961 1727 4032 Ἐμεγαλύνετο

140 4054 338 4111 τοίνυν
370 4052 593 4117 εἰκότως
616 4053 704 4107 διά
730 4050 935 4106 τούτων
962 4051 991 4104 ό
1020 4050 1278 4122 Χριστος,
1309 4048 1403 4105 τοῦ
1435 4051 1724 4121 κηρύγμα-

140 4163 243 4212 τος
285 4147 369 4210 είς
409 4143 700 4216 βεϐαίωσιν
733 4146 846 4209 τοῖς
885 4143 1096 4207 πολλοῖς
1147 4140 1583 4213 ἀφικνουμένου,
1630 4142 1726 4197 καὶ

140 4238 272 4299 ταῖς
302 4235 414 4289 τῶν
443 4232 746 4305 ἀνθρώπων
771 4231 1252 4304 ίμπλατυνομένου
1289 4230 1514 4303 ψυχαῖς.
1559 4231 1726 4286 ιίάλιν

138 4327 231 4393 es,
283 4326 450 4396 ήνίκα
490 4324 728 4390 λξιῖλκεν
770 4326 930 4379 αὑτὸν
964 4325 1057 4378 καὶ
1100 4323 1419 4394 ἀνήρπαζεν
1464 4323 1725 4378 κινδύνων

141 4416 449 4488 ὀλεθρίων,
480 4415 703 4471 αὐτόθεν
742 4416 1122 4487 ιμεγαλύνετο.
1157 4415 1294 4470 υύδλ
1321 4416 1429 4484 γάρ
1457 4431 1600 4480 τινος
1628 4417 1724 4469 άν-

141 4506 436 4578 θρωπίνης
488 4501 556 4576 ἧν
606 4505 849 4569 έπινοίας
899 4506 963 4560 ist
1009 4507 1178 4576 μέσου
1221 4506 1405 4577 χειρὸς
1454 4504 1722 4577 φονώσης,

140 4597 249 4652 καὶ
291 4597 389 4651 τοῦ
428 4596 659 4666 αἵματος
701 4594 979 4665 διψώντων
1010 4596 1216 4662 κακῶν,
1257 4595 1440 4666 ἀπαθῆ
1464 4596 1723 4660 πολλάκις

138 4687 606 4743 ἁπολύεσθαι’τδν
633 4685 970 4758 ἀγωνιστὴν,
1002 4685 1137 4741 ἀλλά
1168 4686 1289 4740 θεία
1340 4703 1421 4749 τις
1463 4689 1555 4740 καὶ
1583 4686 1723 4758 ὑπὲρ

138 4783 443 4848 ἄνθρωπον
470 4781 628 4852 χάρις
659 4774 727 4851 ἦν
749 4816 764 4844 ,
883 4779 1012 4849 παρ’
1045 4776 1266 4841 έλπίδας
1301 4777 1391 4831 τὸν
1417 4775 1720 4847 θεράποντα
1744 4801 1799 4861 D

144 4871 399 4945 ῥυομένη
440 4872 532 4924 καὶ
570 4856 857 4925 διαλύουσα
898 4871 966 4923 τά
1022 4868 1191 4923 δεινά.
1247 4867 1368 4930 Ιιώς
1416 4867 1606 4921 λλύετο
1649 4867 1719 4921 τά

139 4963 363 5031 εεσμάς
432 4960 551 5024 Πῶς
605 4960 893 5028 λξέπιπτον
946 4958 1003 5013 al
1057 4957 1306 5023 άλύσεις;
1358 4956 1420 5011 τὸ
1473 4956 1589 5025 φῶς
1635 4956 1719 5021 τίς

140 5053 404 5123 ὑφῆπτεν
431 5050 509 5122 τῷ
532 5052 789 5121 οίκήματι
811 5049 922 5121 (Η)
945 5067 959 5116 ;
987 5049 1104 5115 πώς
1130 5049 1568 5119 περιήστραπτεν
1600 5046 1720 5101 ὅλον

133 5147 208 5215 τῇ
241 5142 413 5215 αἴγλῃ
442 5142 699 5213 πληροῦν,
728 5142 991 5213 μηδεμιᾶς
1022 5140 1153 5211 ὕλης
1182 5137 1627 5210 ύπηρετουμένης
1649 5138 1713 5208 τῇ

1828 3599 1943 3670 ipsa
1968 3603 2069 3657 hac
2088 3603 2449 3659 admiratione
2471 3603 2536 3658 ad
2562 3605 2969 3660 conversionem
2992 3607 3392 3672 excitabantur,

1826 3690 2146 3759 cogitantes.
2183 3691 2285 3747 nisi
2316 3692 2587 3762 praeconio
2623 3692 2742 3761 ejus
2771 3692 2936 3747 divini
2978 3694 3183 3764 aliquid
3214 3702 3271 3748 et
3299 3710 3393 3749 ve-

1825 3778 2027 3834 rissimi
2072 3781 2359 3845 subesset,
2409 3795 2468 3835 se
2507 3781 2683 3850 ipsum
2719 3780 2940 3836 inﬁnitis
2994 3792 3048 3839 et
3083 3784 3169 3838 vis
3200 3783 3396 3844 tolera.

1825 3867 2024 3925 biiibus
2066 3883 2174 3925 non
2221 3868 2389 3926 luisse
2421 3870 2792 3941 obiecturum.
2830 3886 2992 3938 cum,
3046 3888 3076 3928 a
3124 3874 3392 3931 sententia

1822 3959 2141 4029 discedens,
2193 3961 2456 4017 molestiis
2506 3961 2611 4017 illis
2659 3962 2875 4019 liberari
2938 3963 3237 4034 potuisset,
3291 3980 3392 4021 nec

1824 4051 2018 4106 mortis
2039 4051 2338 4121 periculum
2361 4052 2543 4107 subire
2566 4052 2857 4107 debuisset.
2886 4051 2997 4109 Hoc
3020 4054 3202 4125 itaque
3232 4056 3390 4110 modo

1821 4140 2025 4197 Christi
2106 4143 2276 4212 gloria
2345 4143 2854 4200 convenientissima
2920 4143 3386 4215 amplilieabatur,

1822 4231 2265 4303 quandoquidem
2300 4232 2628 4303 prccoulunt
2666 4232 2795 4288 illud
2826 4248 2988 4305 quam
3019 4234 3268 4305 plurimis
3302 4251 3391 4290 ra-

1825 4326 1937 4373 tum
1972 4320 2152 4385 liebat,
2190 4320 2581 4390 hominumque
2608 4320 2807 4375 animis
2838 4320 3177 4390 iungebatur.
3209 4321 3387 4387 Quan-

1821 4409 1891 4465 do
1936 4411 2005 4465 ah
2035 4410 2204 4466 altera
2260 4421 2413 4479 parte
2443 4408 2585 4466 Dens
2637 4411 2781 4465 illum
2829 4426 2892 4466 es
2948 4412 3385 4481 prtesentissimis

1822 4500 2080 4570 periculis
2111 4500 2395 4570 eripiebat,
2433 4502 2596 4556 etiam
2624 4509 2736 4555 tum
2766 4501 3013 4557 Christus
3045 4502 3387 4571 glorincaba-

1822 4599 1930 4645 tur.
1960 4590 2144 4661 Neque
2164 4592 2307 4646 enim
2340 4592 2561 4647 humani
2589 4600 2704 4646 erat
2731 4592 2945 4647 consilii
2969 4603 3022 4647 et
3046 4595 3189 4661 opis,
3217 4594 3387 4648 athle-

1819 4691 1929 4735 tam
1982 4681 2124 4736 hunc
2168 4696 2233 4735 ex
2296 4683 2488 4737 mediis
2541 4697 2736 4737 manus
2779 4683 3235 4749 sanguinolentae,
3291 4695 3386 4739 aut

1823 4770 2194 4840 improborum
2226 4771 2526 4835 hominum,
2556 4772 2871 4842 sanmtinem
2902 4774 3223 4837 sitientium,
3254 4788 3388 4829 con-

1822 4860 1958 4917 siliis
1997 4861 2223 4916 illarum
2270 4863 2437 4918 exire.
2482 4861 2685 4917 Divina:
2737 4863 2915 4931 potius
2958 4874 3010 4918 et
3047 4865 3169 4933 plus
3219 4879 3385 4933 quam

1827 4952 2076 5022 humanae
2101 4955 2287 5025 gratim
2317 4953 2633 5009 beneﬁcium
2653 4954 2702 5009 id
2731 4965 2866 5016 erat.
2889 4970 3010 5025 quas
3039 4957 3246 5012 scilicet
3273 4973 3387 5014 ser-

1827 5057 1954 5097 vum
1984 5042 2133 5097 illum
2173 5044 2369 5098 amotis
2418 5042 2576 5098 mulis
2627 5044 2907 5108 omnibus,
2952 5054 3147 5114 praeter
3190 5060 3386 5116 exspe-

1821 5136 2134 5199 ctationem,
2164 5134 2443 5190 liberabat.
2500 5134 2780 5201 Quomodo
2828 5136 2972 5191 enim
3004 5135 3219 5192 vincula
3270 5141 3384 5193 sol-

1679 5309 1907 5369 Νοτῶ.

213 5428 339 5501 (38)
376 5428 611 5501 Philipp.
646 5443 684 5493 I,
714 5426 934 5501 Ῐὶοηιὼί
969 5438 1147 5501 tamen
1178 5442 1278 5498 pro
1324 5426 1714 5501 δοξασθήσεται

132 5496 354 5571 legitur
382 5496 543 5571 hodie
560 5496 1053 5571 μεγαλυνθήσεται,
1079 5498 1145 5551 ad
1169 5496 1331 5571 quem
1371 5496 1556 5554 locum
1569 5497 1715 5551 nulla

134 5514 354 5571 tegitur
382 5514 541 5553 nocte
572 5514 1053 5567 μεγαλυνυησεται,
1079 5514 1145 5551 au
1169 5514 1331 5621 quem
1371 5514 1549 5554 locum
1569 5514 1713 5551 nuna

134 5570 404 5648 codicum
433 5568 672 5648 varietas
722 5568 774 5648 in
815 5567 1131 5648 collectione
1210 5566 1420 5648 lilliana
1468 5575 1713 5648 apparet.

136 5641 375 5696 Scilicet
404 5638 582 5697 ethic.
609 5646 667 5691 ut
706 5639 860 5701 alias,
909 5634 1131 5692 Photius
1182 5638 1457 5692 memoriae
1488 5634 1600 5691 sua:
1632 5636 1716 5689 tti-

134 5711 322 5767 miutn
351 5707 560 5761 tribuit.
590 5704 716 5775 ipse
747 5715 924 5760 tatnen
969 5721 1091 5761 mox
1147 5708 1370 5762 verbum
1395 5704 1714 5771 δοξάζεσθαι

135 5796 241 5849 per
266 5774 669 5848 μεγαλύνεσθαι
704 5777 943 5845 exponit.

1884 5424 1995 5494 (39)
2021 5421 2217 5479 Deesse
2243 5424 2455 5479 videtur
2484 5423 2741 5492 λέγουσα.

1882 5499 1991 5563 μυ)
2024 5495 2114 5564 Sic
2141 5494 2320 5548 scribo
2351 5509 2444 5563 pro
2470 5495 2626 5564 αὐτῇ.

1884 5561 1997 5631 (41)
2024 5561 2256 5618 llutnani
2286 5561 2485 5633 aliquid
2528 5561 2716 5633 passus
2744 5565 2831 5621 hic
2879 5574 2962 5622 est
2988 5566 3236 5623 Photius.
3274 5566 3384 5623 No-

1814 5632 2090 5702 que-ruiut
2130 5635 2167 5689 ι.
2220 5647 2270 5688 c.
2319 5632 2495 5687 lumen
2529 5632 2736 5689 Carccri
2774 5635 2978 5690 illatum
3011 5637 3252 5701 aliunde,
3283 5655 3307 5692 s
3351 5637 3380 5694 tl

1817 5702 2035 5772 candela
2069 5716 2099 5753 ιι
2131 5703 2352 5756 custode
2378 5704 2613 5772 carceris
2636 5703 2924 5772 postul'ala.
2950 5722 2997 5759 ν.
3028 5707 3119 5769 ‘29,
3147 5706 3336 5761 dicitv:
3360 5746 3377 5765 .

1818 5770 1891 5825 lia
1922 5772 2027 5826 huc
2054 5772 2403 5841 retulit,qutu
2424 5770 2582 5826 Petro
2605 5770 2921 5831 acciderunt
2947 5779 3063 5830 Act.
3102 5790 3205 5844 xu,
3249 5777 3337 5832 li.
