4200 6444
797 420 900 484 703

1945 412 2206 473 PHOTll
2246 413 2748 474 PATRIAllCII/E
2775 415 2884 474 ΟΡ.

3941 409 4044 471 704

793 529 1102 583 vehantur?
1159 524 1434 597 quomodo
1503 523 1828 578 decidebant
1877 521 2184 578 extentae"?
2239 523 2364 589 quis

2467 524 2624 592 φλογί
2648 542 2662 586 ;
2687 525 2856 577 Πόθεν
2880 524 3043 592 μόνον
3073 521 3386 575 κατεσείετο
3409 521 3466 574 τὸ
3487 521 3893 590 δεσμωτήριοη
3924 522 4047 582 ηὼς

792 621 975 672 lumen
1031 617 1294 672 inferebat
1347 615 1592 668 carceri?
1647 613 1922 682 quomodo
1977 612 2104 666 illud
2179 613 2364 679 splen-

788 709 922 762 dore
1010 723 1110 762 suo
1195 714 1364 760 totum
1453 702 1851 772 perfundebat,
1938 717 2063 755 rum
2151 699 2365 754 nullum

791 799 1018 850 ﬂammze
1073 796 1389 850 alimentum
1447 791 1804 861 suppeteret?
1859 792 2002 845 unde
2055 804 2242 845 carcer
2297 788 2366 842 il-

791 887 841 939 le
895 886 1046 940 solus
1105 884 1570 940 concutiebatnr?
1633 882 1916 947 Quomodo
1984 880 2368 949 aperiebantur

792 976 983 1030 fores?
1051 975 1330 1045 quomodo
1385 983 1463 1026 tot
1517 984 1572 1026 et
1651 981 1798 1026 tanta
1849 971 2205 1035 accidebant,
2261 968 2364 1024 nisi

796 1067 878 1121 vis
945 1081 1176 1129 manus,
1225 1064 1406 1120 omnia
1457 1063 1826 1132 perlicientis,
1875 1077 1936 1116 se
1992 1057 2366 1115 exseruisset?

795 1155 1043 1220 Utraque
1087 1155 1254 1224 igitur
1287 1170 1354 1208 ex
1385 1163 1537 1223 parte
1587 1153 1790 1206 Christi
1825 1151 1994 1221 gloria
2047 1150 2099 1202 in
2135 1164 2365 1218 corpore

795 1245 945 1297 l’auli
985 1244 1442 1313 amplilicabatur,
1479 1241 1594 1294 sive
1644 1257 1820 1308 praeco
1871 1240 2089 1294 divinus
2151 1238 2364 1292 acerbis

794 1345 850 1389 et
909 1335 1070 1388 morti
1105 1334 1368 1402 proximis
1426 1333 1767 1386 cruciatibus
1820 1337 2186 1392 exerceretur,
2249 1329 2365 1382 sive

795 1429 1054 1480 Christus
1113 1425 1374 1478 athletam
1407 1423 1552 1475 hune
1623 1421 2060 1490 sanguinolentis
2101 1419 2365 1472 insidian-

797 1520 934 1572 tium
970 1515 1217 1572 consiliis
1241 1524 1437 1582 prater
1470 1521 1723 1566 naturam
1755 1520 1810 1564 et
1850 1519 2045 1579 praeter
2080 1519 2366 1578 exspecta-

793 1611 998 1660 tionem
1047 1607 1383 1673 superiorem
1428 1601 1761 1656 ostenderet.
1811 1601 1923 1654 Iloc
1957 1601 2140 1668 itaque
2178 1599 2361 1660 modo,

794 1709 910 1752 tum
945 1713 1038 1764 per
1071 1699 1262 1757 vitam,
1295 1696 1398 1746 hoc
1431 1699 1515 1746 est
1535 1706 1734 1762 perea,
1763 1706 1884 1760 qua:
1912 1693 2082 1743 vitam
2115 1689 2190 1743 illi
2227 1703 2364 1756 pra:-

795 1789 1092 1844 stabantet
1121 1783 1488 1846 vindicabant,
1517 1792 1630 1837 tum
1651 1797 1745 1851 per
1771 1783 1959 1850 plagas
1987 1790 2042 1834 et
2060 1781 2361 1842 cruciatus,

2466 616 2809 684 ἀνεῴγνυντο
2856 616 2914 668 αί
2945 615 3151 686 θύραις
3201 615 3318 677 πῶς
3374 617 3557 667 ἐκεῖνα
3604 615 3672 665 τὰ
3729 615 3906 681 μυρία
3955 616 4049 664 καὶ

2466 708 2749 777 παράδοξα
2784 707 3063 776 ἐγεγόνει,
3104 709 3156 760 εί
3193 707 3269 777 μὴ
3305 706 3404 774 τῆς
3445 706 3625 759 πάντα
3662 705 3979 774 κρατούσης
4016 705 4046 770 ἡ

2465 799 2696 868 δύναμις
2725 800 3074 852 ἐπεδείκνυτο
3107 799 3286 869 χειρός
3311 815 3326 860 ;
3356 799 3434 850 Δι’
3481 799 3687 864 ἀμφοῖν
3728 795 3826 848 οὖν
3855 798 3886 848 ό
3916 797 4050 864 Χρι-

2469 891 2592 952 στὸς
2617 891 2678 942 ὲν
2703 889 2782 960 τῷ
2811 889 3026 960 σώματι
3057 889 3271 941 Παύλου
3299 887 3684 957 ἐμεγαλύνετο.
3719 889 3844 948 ταῖς
3872 902 3932 936 τε
3963 903 4051 936 m-

2466 984 2625 1050 κραῖς
2678 982 2774 1034 καὶ
2827 981 3224 1050 θανατηφόροις
3276 979 3528 1047 βασάνοις
3576 974 4049 1045 ἐγκαρτεροῦντος

2464 1072 2559 1123 τοῦ
2583 1073 2846 1142 κήρυκος,
2880 1073 2977 1125 καὶ
3001 1073 3071 1125 δι’
3097 1064 3172 1124 ὦν
3209 1070 3504 1140 ὑπερφυῶς
3535 1072 3654 1131 ταῖς
3684 1067 3798 1119 τῶν
3830 1067 4050 1119 ἐπιϐου-

2465 1163 2730 1215 λευόντων
2766 1163 3098 1232 μιαιφονίαις
3134 1163 3225 1215 καί⁷
3249 1160 3401 1230 παρὰ
3433 1159 3590 1222 δόξαν
3632 1159 3910 1212 ἀνάλωτον
3942 1157 4049 1208 ἐτί-

2467 1251 2548 1304 θει
2583 1254 2678 1304 καὶ
2707 1252 3060 1303 ἀπεδείκνυεν
3089 1251 3182 1302 τὸν
3223 1249 3557 1317 ἀγωνιστήν.
3592 1246 3781 1306 Οὕτως
3813 1240 3909 1298 οὖν
3959 1248 4049 1296 καὶ

2464 1345 2553 1398 διά
2585 1345 2683 1413 τῆς
2719 1344 2889 1411 ζωῆς,
2921 1343 3168 1394 τουτέστι
3209 1341 3317 1394 τῶν
3371 1341 3782 1404 ζωοποιούντων
3819 1337 3915 1388 καὶ
3943 1336 4051 1388 δια-

2467 1436 2768 1498 σωζόντων,
2801 1435 2896 1486 καί⁵
2927 1433 3017 1486 διά
3044 1434 3152 1485 τῶν
3185 1433 3420 1485 θανάτου
3465 1429 3775 1499 παραιτίων
3819 1424 4049 1492 πληγῶν

2466 1526 2559 1577 καὶ
2583 1523 2852 1592 βασάνων,
2877 1523 2912 1590 ἡ
2938 1524 3034 1590 τῆς
3064 1522 3256 1586 σοφίας
3287 1521 3381 1572 καὶ
3409 1519 3692 1586 δυνάμεως
3731 1516 3886 1583 πηγὴ
3919 1516 3962 1566 Χ
3973 1533 4049 1582 .6!-

2468 1616 2589 1675 στος
2613 1619 2640 1667 ὀ
2660 1616 2791 1676 θεὸς
2813 1614 2972 1681 ἡμῶν
3000 1617 3057 1664 ἐν
3077 1612 3155 1682 τῷ
3174 1612 3384 1664 Παύλευ
3413 1610 3625 1678 σῲματι
3655 1605 4047 1676 ἐμεγαλύνετο.

2467 1705 2634 1756 Οὐδὲν
2677 1705 2734 1757 δὲ
2775 1704 2976 1756 κωλύει
3032 1703 3101 1754 τά
3149 1700 3246 1753 τοῦ
3301 1699 3626 1752 διδασκάλου
3683 1699 3910 1766 ῥήματα
3959 1694 4049 1745 καὶ

2468 1796 2773 1865 πρόρρησιν
2819 1793 3181 1862 ὑπογράφειν.
3229 1791 3379 1843 Ἐπεὶ
3413 1790 3521 1859 γὰρ
3551 1788 3807 1856 δεύτερον
3840 1784 3919 1853 τῷ
3949 1783 4048 1834 Νί-

794 1881 889 1949 ψιί
930 1887 1161 1932 mortem
1218 1873 1513 1928 conciliare
1566 1881 1838 1942 poterant,
1886 1870 2158 1933 Christus,
2219 1869 2364 1923 Deus

2671 1857 2893 1952 ’βήματι
2931 1857 3202 1952 παρέστη,
3237 1880 3331 1932 καὶ
3373 1857 3614 1947 τὴνήμευ
3657 1875 3888 1945 πρώτην
3937 1873 4047 1939 (ιὲ)

797 1979 1008 2034 noster,
1064 1979 1324 2035 tanquam
1385 1962 1508 2017 fons
1561 1964 1844 2031 sapientia:
1906 1970 1961 2015 et
2004 1959 2260 2029 potentiae
2313 1959 2364 2012 in

797 2059 953 2113 Pauli
1028 2072 1259 2126 corpore
1309 2054 1736 2125 glorilicabatur.
1771 2052 1917 2106 Nihil
1973 2067 2102 2103 vero
2160 2051 2366 2112 obstat,

797 2153 930 2219 quin
973 2150 1212 2204 doctoris
1267 2148 1440 2200 nostri
1469 2147 1634 2198 verba
1674 2156 1730 2198 et
1779 2143 2190 2213 pradictionem
2239 2142 2368 2195 sub-

791 2240 1072 2308 jiciamus.
1135 2235 1270 2289 Cum
1305 2235 1450 2289 enim
1479 2237 1652 2288 altera
1683 2235 1794 2288 vice
1841 2231 2072 2286 Neronis
2104 2231 2366 2285 tribunali

798 2332 1105 2392 sisteretur,
1170 2335 1289 2395 post
1365 2326 1594 2394 primam
1661 2326 1992 2394 apologiam,
2053 2322 2363 2387 dimissus;

799 2427 970 2474 altera
1002 2435 1130 2472 vero
1176 2419 1264 2471 illa
1317 2418 1451 2478 vice,
1507 2417 1728 2484 quando
1767 2414 2002 2467 Neronis
2062 2415 2359 2468 crudelitas

801 2511 1026 2562 immani
1069 2507 1272 2575 impetu
1301 2506 1354 2558 in
1390 2506 1624 2574 pessima
1673 2517 1904 2571 quaeque
1949 2499 2248 2560 ferebatur,
2292 2500 2368 2552 vi-

803 2613 912 2654 tam
944 2600 1123 2670 gladio
1146 2598 1335 2651 amisit
1363 2613 1380 2661 °,
1409 2597 1590 2649 dicere
1622 2595 1810 2662 utique
1852 2600 2082 2662 poterat,
2117 2591 2371 2645 Christus

800 2696 854 2745 in
899 2704 1130 2758 corpore
1177 2703 1298 2741 meo
1343 2687 1801 2754 magnificabitur,
1856 2686 1973 2739 sive
2033 2699 2128 2753 per
2176 2685 2368 2745 vitam,

801 2784 946 2837 sicut
978 2795 1145 2844 nunc,
1171 2779 1393 2847 quando
1416 2792 1483 2831 ex
1538 2793 1701 2830 manu
1737 2780 2064 2830 adversante
2111 2786 2371 2828 mortem-

799 2886 909 2940 que
953 2872 1254 2923 iuteutante
1283 2882 1368 2920 me
1399 2867 1638 2934 elipuit;
1671 2868 1784 2919 sive
1833 2881 1925 2934 per
1960 2875 2215 2927 mortem,
2253 2880 2373 2934 qua:

803 2977 931 3013 mox
961 2967 1348 3024 consequetur,
1379 2957 1601 3024 quando
1645 2959 1971 3024 agonotheta
2003 2955 2095 3007 ille
2128 2971 2216 3007 me
2256 2971 2374 3006 ma-

806 3052 953 3103 ximo
993 3049 1293 3104 certamine
1351 3061 1462 3099 non
1493 3047 1768 3099 destituet.
1826 3045 2170 3098 Conveniens
2225 3045 2370 3097 enim

806 3143 979 3194 fuisse
1020 3141 1258 3200 videtur,
1295 3147 1356 3191 ut
1397 3137 1598 3191 athleta
1630 3137 1717 3191 hic
1749 3153 1857 3190 non
1888 3145 2014 3190 ante
2064 3137 2368 3196 fatisceret,

808 3245 987 3300 neque
1044 3245 1291 3292 cursum,
1344 3229 1600 3282 humanis
1650 3229 1858 3281 virihus
1918 3228 2256 3295 superiorem
2305 3239 2372 3280 eo

807 3322 1004 3376 mortis
1032 3335 1253 3390 genere,
1277 3319 1421 3388 quod
1470 3327 1662 3372 natura
1696 3332 1986 3372 commune
2010 3317 2161 3379 facit,
2203 3315 2373 3368 inter-

810 3422 1072 3477 verteret,
1109 3412 1202 3467 sed
1263 3412 1345 3464 fus
1379 3410 1559 3478 potius
1609 3419 1748 3472 erat,
1786 3418 1845 3462 ut
1891 3409 2006 3476 ipsa
2044 3408 2166 3475 ejus
2201 3421 2374 3468 mors,

809 3505 1035 3572 ipseque
1066 3503 1133 3555 ad
1155 3501 1534 3555 desideratum
1586 3500 1869 3568 praemium
1900 3499 2083 3552 abitus
2135 3506 2190 3550 et
2231 3498 2376 3550 lucta

811 3595 1066 3648 humana:
1107 3607 1316 3645 natura:
1361 3590 1505 3644 vires
1535 3600 1844 3658 superaret.
1871 3587 1985 3642 lloc
2028 3588 2216 3654 igitur,
2251 3589 2374 3650 hoc,

813 3684 1058 3749 inquam,
1089 3678 1314 3742 Paulus,
1343 3679 1436 3746 qui
1463 3693 1572 3730 non
1605 3677 1728 3742 sibi,
1766 3677 1862 3731 sed
1893 3677 2119 3730 Christo
2143 3679 2377 3739 vivebat,

811 3779 904 3845 qui
939 3777 1196 3830 omnibus
1246 3776 1432 3828 omnia
1464 3773 1624 3827 liebat
1653 3781 1710 3826 et
1733 3782 1876 3838 erat,
1906 3782 2032 3825 ante
2089 3773 2295 3825 iudicat
2326 3779 2383 3824 et

810 3871 974 3922 docet
1029 3867 1354 3935 discipulos,
1415 3881 1482 3918 ne
1538 3865 1749 3918 scilicet
1782 3865 1835 3917 in
1874 3874 2150 3932 posterum
2204 3862 2379 3932 (Pauli

813 3961 962 4014 enint
1024 3961 1131 4011 vita
1190 3973 1315 4011 vere
1358 3957 1570 4026 insigne
1609 3973 1812 4010 munus
1873 3967 1990 4010 erat
2021 3967 2074 4009 et
2104 3956 2378 4025 praecipua

812 4060 937 4119 post
971 4049 1137 4102 Deum
1194 4051 1370 4112 salus,
1422 4049 1510 4100 cui
1541 4048 1750 4102 scilicet
1799 4047 2066 4100 malorum
2108 4048 2263 4114 copia
2301 4047 2383 4100 iii-

812 4141 958 4195 ﬂicta
1009 4140 1148 4208 erat)
1181 4138 1521 4207 perturbatio
1570 4139 1816 4206 quaedam
1871 4148 1926 4190 et
1959 4141 2249 4206 aagritudo,
2285 4152 2383 4205 spe

814 4233 965 4285 omni
1013 4233 1245 4298 objecta,
1280 4229 1498 4281 animos
1553 4243 1747 4280 eorum
1786 4228 2138 4296 opprimeret,
2174 4243 2295 4295 qua-
2327 4227 2381 4278 in

813 4336 1087 4375 summam
1130 4334 1224 4372 eos
1247 4318 1525 4371 tristitiam
1563 4317 1934 4384 praecipitans,
1970 4330 2120 4383 spem
2161 4331 2379 4368 onmem

811 4423 1101 4475 everteret,
1141 4412 1402 4480 ipsosque
1437 4411 1490 4460 in
1547 4410 1765 4477 pietatis
1801 4409 1986 4462 studio
2041 4423 2237 4476 segnes
2272 4407 2381 4460 clli-

2468 1974 2954 2042 ἀπολογησάμενος
2981 1971 3204 2041 ἠφείθη,
3234 1969 3293 2022 τὸ
3315 1968 3567 2038 δεύτερον
3595 1967 3673 2030 δὲ,
3711 1964 3850 2034 πρὸς
3877 1964 4049 2016 πάντα

2467 2067 2568 2136 τῆς
2628 2066 2877 2136 Νέρωνος
2922 2064 3206 2133 ὠμότητος
3249 2062 3466 2130 ἀσχέτῳ
3510 2058 3660 2128 ῥύμῃ
3701 2055 4047 2126 φερομένης.

2471 2158 2614 2228 ξίφει
2645 2161 2734 2212 τὸν
2767 2159 2883 2227 βίον
2907 2157 3300 2226 ἀπολιμπάνει,
3335 2153 3492 2206 τοῦτο
3520 2150 3614 2203 νῦν
3645 2150 3712 2202 ἀν
3740 2149 3829 2217 εἴη
3855 2147 4046 2212 λέγων,

2469 2254 2553 2305 ὅτι
2585 2250 3071 2319 Μεγαλυνθήσεται
3095 2247 3330 2319 Χριστὸς
3357 2247 3414 2297 ἐν
3437 2243 3515 2314 τῷ
3545 2239 3760 2311 σώματί
3788 2256 3916 2310 μου,
3944 2240 4049 2289 εἴτε

2471 2342 2562 2394 διά
2601 2342 2770 2410 ζωῆς,
2829 2339 3024 2407 ὥσπερ
3081 2339 3176 2391 νῦν
3223 2339 3288 2390 ὲκ
3332 2335 3512 2405 χειρὸς
3549 2330 3907 2398 παλαμναίας
3961 2329 4049 2379 καὶ

2470 2433 2720 2500 φονώσης
2743 2430 3088 2501 ἀφαρπάζων
3116 2447 3206 2498 με,
3235 2430 3344 2480 εἴτε
3374 2427 3464 2478 διὰ
3494 2424 3752 2483 θανάτου,
3782 2421 3859 2482 ὼς
3893 2419 4048 2471 ὕστε-

2473 2538 2566 2591 ρον
2593 2521 2746 2574 ἔσται
2767 2561 2783 2584 ,
2826 2520 2962 2588 μηδὲ
3001 2519 3099 2572 τοῦ
3130 2516 3426 2586 κεφαλαίου
3458 2515 3566 2566 τῶν
3597 2514 3777 2568 ἄθλων
3818 2514 4048 2565 ἀποστεο

2474 2613 2694 2683 ροῦντός
2727 2627 2795 2680 με
2825 2611 2921 2663 τοῦ
2963 2609 3323 2678 ἀγωνοθέτου.
3363 2608 3512 2660 Ἔδει
3545 2605 3672 2672 γὰρ,
3710 2603 3787 2664 ὡς
3835 2604 4011 2652 ἔοικεν
4034 2641 4047 2659 .

2475 2702 2551 2771 μὴ
2585 2703 3004 2770 προαποκαμεῖν
3047 2701 3138 2753 τὸν
3179 2699 3441 2769 ἀθλητὴν,
3491 2697 3628 2766 μηδὲ
3671 2696 3765 2746 τὸν
3794 2693 3939 2761 ὑπὲρ
3964 2693 4048 2743 άν-

2474 2793 2689 2863 θρωπον
2711 2792 2910 2863 δρόμον
2929 2791 3094 2859 κοινῷ
3107 2791 3206 2858 τῆς
3230 2790 3444 2858 φύσεως
3459 2784 3788 2853 διακοπῆναι
3815 2784 4045 2848 θανάτῳ.

2473 2883 2610 2935 ἀλλά
2639 2884 2733 2935 καὶ
2761 2883 2931 2953 αὐτὴν
2951 2883 3050 2952 τὴν
3075 2883 3211 2950 πρὸς
3236 2881 3297 2933 τὸ
3319 2878 3657 2947 ποθούμενον
3683 2876 3870 2938 ἔξοδον
3893 2869 4046 2926 ἆθλον

2473 2970 2614 3026 εἶναι
2640 2973 2736 3026 καὶ
2757 2973 3044 3041 ἀγώνισμα
3065 2972 3300 3042 κρείττω
3325 2970 3539 3036 φύσεως
3567 2967 3863 3038 γηγενοῦς.
3887 2966 4049 3017 τοῦτο

2473 3064 2537 3132 δὴ
2567 3060 2682 3124 οὖν,
2709 3063 2870 3115 τοῦτο
2895 3065 2925 3115 ὀ
2964 3063 3041 3134 μὴ
3071 3063 3182 3120 ζῶν
3212 3062 3392 3132 ἑαυτῷ
3416 3101 3432 3124 ,
3474 3061 3613 3114 ἀλλά
3640 3059 3721 3128 τῷ
3757 3057 4000 3126 Χριστῷ,
4024 3059 4049 3107 ὸ

2399 3183 2441 3238 c
2474 3157 2585 3216 τοῖς
2615 3155 2748 3206 πᾶσι
2781 3154 2961 3207 πάντα
2990 3155 3084 3207 καὶ
3111 3154 3412 3221 γινόμενος,
3441 3154 3536 3204 καὶ
3562 3149 3660 3215 ὢν,
3705 3150 4048 3218 προῦποφαί-

2477 3268 2578 3315 νει,
2606 3253 2700 3303 καὶ
2730 3247 3187 3316 προαναδιδάσκει
3213 3247 3337 3307 τοὺς
3367 3243 3645 3313 μαθητάς,
3675 3242 3767 3294 ἴνα
3809 3243 3886 3309 μὴ
3922 3240 4049 3307 μετά

2475 3341 2648 3394 ταῦτα
2700 3340 2880 3411 (μέγα
2925 3339 3035 3408 γάρ
3067 3332 3136 3403 ἦν
3175 3336 3252 3396 ὼς
3289 3333 3504 3400 ἀληθῶς
3547 3331 3643 3384 καὶ
3683 3329 3880 3400 πρώτη
3924 3330 4051 3396 μετά

2479 3432 2612 3483 Θεὸν
2651 3430 2896 3500 σωτηρία
2925 3431 2960 3498 η
2989 3427 3202 3480 Παύλου
3239 3423 3353 3492 ζωὴ
3381 3423 3476 3475 τοῦ
3517 3422 3689 3483 πάθος
3717 3420 3917 3487 ἀθρόον
3942 3419 4049 3470 δια-

2475 3523 2757 3588 δοθέντος)
2790 3518 3018 3588 θόρυϐός
3062 3533 3147 3579 τις
3195 3513 3288 3566 καὶ
3341 3514 3576 3580 τάραχος
3626 3509 3704 3577 τῷ
3754 3509 4052 3574 ἀνελπίστῳ

2479 3615 2572 3674 τὰς
2595 3613 2774 3680 ψυχὰς
2798 3610 2979 3662 αὐτῶν
3000 3605 3268 3675 διασείσῃ,
3292 3603 3387 3655 καὶ
3408 3604 3486 3665 είς
3509 3603 3798 3670 ἀμήχανον
3825 3601 4052 3666 ἀθυμίαν

2481 3700 2733 3770 ἐμϐαλὼν
2770 3699 2950 3751 πᾶσαν
2987 3698 3170 3758 αὐτοῖς
3205 3694 3399 3746 ἐλπίδα
3442 3690 3902 3760 συγκαταστρέψη
3926 3689 4052 3753 (43),

2482 3789 2738 3856 καὶπρὸς
2770 3789 2872 3855 τὴν
2901 3784 3186 3837 εὐσέϐειαν
3221 3782 3540 3852 καταστήσῃ
3577 3779 3869 3849 ὀκνηρούς.
3904 3779 4052 3831 Ἐστι

2480 3881 2538 3933 δὲ
2567 3881 2663 3932 καὶ
2687 3878 2874 3947 ἕτερον
2912 3875 3022 3927 τῶν
3055 3873 3318 3944 ῥημάτων
3358 3872 3596 3940 θηρᾶσαι
3628 3868 3871 3930 σκοπὸν,
3903 3869 3953 3919 εί
3985 3870 4051 3935 μή

2481 3988 2534 4022 τι
2570 3969 2736 4028 ἄλλο,
2776 3965 2894 4019 ἀλλ’
2945 3963 3038 4016 οὖν
3083 3962 3236 4031 παρὰ
3281 3960 3416 4012 πόδα
3459 3961 3595 4022 τέως
3633 3959 3953 4028 ὑπάρχοντα
3985 3955 4054 4023 τῷ

2485 4060 2653 4129 ῥητῷ.
2683 4059 2778 4120 Τίς
2805 4052 2900 4109 οὖν
2925 4049 3116 4116 οὖτοςς
3160 4054 3249 4114 Ὠς
3271 4051 3520 4113 πάντοτε,
3550 4049 3733 4118 φησιν,
3763 4051 3821 4100 ὲν
3852 4050 3961 4116 ὅλῳ
3984 4047 4055 4116 τῷ

2483 4149 2576 4202 τοῦ
2621 4149 2736 4215 βίου
2770 4146 3100 4213 διαστήματι
3138 4141 3508 4210 ἐμεγαλύνετο
3537 4142 3565 4192 ό
3607 4139 3842 4208 Χριστὸς
3888 4140 3951 4188 ὲν
3986 4136 4054 4204 τῷ

2483 4239 2577 4291 τοῦ
2622 4237 2836 4290 Παύλου
2872 4235 3109 4304 σώματι,
3158 4232 3460 4300 πάσχοντος
3491 4229 3590 4299 μιν
3635 4229 3930 4298 ἀνδρείως,
3970 4228 4055 4278 καὶ

2485 4332 2733 4399 κρεῖττον
2761 4328 2794 4395 ἦ
2841 4328 2983 4380 κατά
3015 4325 3128 4394 βίον
3159 4322 3440 4390 φιλοῦντος
3471 4321 3530 4372 τὸ
3559 4320 3681 4389 ζῇν,
3713 4319 4053 4372 ἀπαλλασσοο

2488 4423 2648 4488 μένου
2675 4420 2733 4472 δὲ
2764 4419 2914 4481 ξένον
2943 4418 3056 4485 (44)
3084 4414 3315 4468 ἀκοῦσαι
3343 4413 3455 4482 (45)
3483 4413 3575 4464 καὶ
3603 4413 3840 4472 πίστεως
3878 4411 4054 4480 μεῖζον

813 4515 978 4560 ceret.
1021 4503 1320 4557 Possumus
1369 4515 1501 4554 vero
1565 4501 1731 4553 etiam
1787 4501 1954 4552 alium
2011 4501 2200 4550 horum
2261 4513 2366 4552 ver-

2485 4509 2683 4578 θιητῆς
2710 4525 2721 4538 ο
2762 4508 2904 4560 οὕτω
2933 4507 3045 4577 μϐ)
3079 4506 3173 4558 καὶ
3201 4503 3298 4556 νῦν
3334 4503 3808 4572 μεγαλυνθήσεται
3829 4543 3844 4565 ,
3879 4504 3974 4554 καὶ
4003 4504 4053 4552 ἐν

814 4599 1006 4652 borum
1057 4609 1278 4662 scopum
1340 4591 1689 4659 investigare,
1729 4591 1846 4660 qui,
1877 4599 1937 4643 ut
1984 4591 2090 4642 alia
2150 4599 2382 4650 taceam,

813 4698 942 4740 ante
974 4685 1139 4755 pedes
1170 4685 1382 4754 positus
1413 4690 1549 4734 erat.
1586 4681 1722 4746 Quis
1770 4695 1898 4734 vero
1925 4680 2057 4733 ille?
2088 4679 2136 4732 Is
2170 4681 2379 4748 utique,

813 4781 958 4848 quod
1019 4777 1221 4829 Paulus
1246 4774 1416 4835 dicat,
1453 4773 1597 4825 sicut
1628 4771 1884 4825 Christus
1933 4785 2148 4837 semper
2186 4778 2242 4821 et
2291 4783 2386 4834 per

812 4883 1034 4922 omnem
1069 4867 1194 4919 vitae
1248 4879 1362 4919 sua:
1401 4877 1623 4916 cursum
1681 4864 1738 4915 in
1777 4875 2010 4930 corpore
2032 4876 2134 4913 suo
2173 4860 2385 4927 magni-

815 4964 1011 5014 licatus
1065 4959 1157 5020 sit,
1217 4973 1340 5012 cum
1381 4954 1596 5008 fortiter
1630 4955 1816 5010 omnia
1852 4963 2245 5022 perpeteretur,
2300 4951 2376 5004 vi-

818 5065 1039 5120 tamque
1103 5061 1313 5103 amaret
1352 5057 1622 5116 praesente
1677 5047 2136 5114 praestantiorem,
2189 5044 2380 5096 eodem

817 5160 946 5198 vero
985 5155 1227 5210 tempore
1255 5143 1520 5195 liberatus
1542 5141 1868 5195 insolentius
1895 5139 2122 5207 aliquid,
2153 5147 2209 5191 et
2236 5152 2382 5189 mor-

820 5237 912 5289 tali
947 5237 1049 5288 tide
1103 5235 1275 5299 majus
1331 5233 1673 5300 perciperet;
1734 5231 1808 5286 ita
1849 5245 1996 5283 nunc
2046 5244 2265 5297 quoque
2328 5229 2379 5280 in

820 5326 940 5394 ipso
989 5325 1144 5376 luctze
1189 5323 1296 5375 line
1327 5321 1578 5375 eumdem
1631 5319 2035 5390 magnificatum
2071 5319 2157 5370 iri.
2206 5316 2381 5370 Glori-

885 5461 929 5490 ⁸³
955 5461 1073 5512 Act.
1107 5474 1215 5520 ut,
1247 5457 1338 5511 ‘16.

2482 4601 2633 4669 αὐτῷ
2661 4600 2770 4651 τῶν
2810 4598 3207 4666 ἀγωνισμάτων
3247 4594 3324 4664 τῷ
3355 4595 3520 4647 τέλει.
3571 4592 4053 4662 Μεγαλυνθήσεται

2483 4693 2540 4743 δὲ
2573 4691 2636 4742 ἔκ
2661 4708 2720 4742 τε
2757 4689 2849 4742 τοῦ
2883 4690 2958 4758 μὴ
2990 4687 3184 4740 παθεῖν
3219 4687 3312 4738 τὸν
3342 4685 3689 4754 ὑπασπιστὴν
3716 4685 3920 4754 ὁμοίως
3969 4685 4052 4734 καὶ

2487 4785 2550 4835 ὲκ
2577 4781 2670 4832 τοῦ
2701 4780 2907 4832 παθεῖν.
2940 4779 3130 4831 Ἥκων
3163 4777 3272 4846 γὰρ
3297 4777 3326 4829 ὁ
3346 4775 3607 4843 γεννάδας
3637 4767 3792 4835 οὗτος
3817 4774 3903 4835 ἐπ’
3933 4774 4054 4824 αὐτὸ

2486 4874 2546 4923 τὸ
2585 4873 2896 4925 τελευταῖον
2948 4871 3163 4922 στάδιον
3206 4869 3316 4921 τῶν
3345 4868 3522 4920 ἄθλων
3545 4906 3561 4930 ,
3595 4867 3816 4932 ἀφίεται
3855 4866 3957 4933 μὲν
3993 4865 4051 4913 τά

2492 4963 2686 5032 πρῶτα
2717 4963 2811 5014 τοῦ
2843 4962 3074 5015 θανάτου
3108 4960 3204 5012 καὶ
3231 4961 3331 5029 τῆς
3369 4959 3603 5027 σφαγῆς,
3636 4957 3779 5026 λόγῳ
3802 4955 4052 5024 ἀληθείας

2491 5056 2584 5106 καὶ
2625 5053 2816 5123 γνώμῃ
2852 5053 3094 5106 θεοσεϐεῖ
3124 5051 3515 5117 διαλυσάμενος
3552 5048 3650 5111 τάς
3676 5049 3891 5108 αίτίας,
3929 5047 4050 5113 pii.-

2496 5146 2583 5197 ‘mv
2613 5145 2669 5196 δὲ
2698 5146 2795 5213 τῆς
2827 5143 3266 5214 παντοκράτορος
3297 5141 3799 5209 φιλοτιμησαμένης
3822 5136 4049 5189 ἑνταῦθι

2491 5235 2690 5299 δεξιᾶς,
2736 5237 2831 5287 καὶ
2865 5234 3107 5303 δηλονότι
3140 5231 3501 5303 ἐμεγαλύνετο
3527 5233 3585 5282 ἑν
3611 5229 3686 5298 τῷ
3716 5228 3930 5282 Παύλου
3959 5228 4048 5278 σώ-

2495 5341 2624 5390 ματι
2657 5325 2684 5374 ὁ
2719 5323 2973 5392 Χριστός.
3003 5321 3174 5374 Πάλιν
3213 5321 3270 5374 δὲ
3306 5319 3366 5372 τὸ
3392 5319 3662 5388 δεύτερονο
3705 5318 3765 5369 ού
3804 5317 3916 5386 γὰρ
3957 5316 4048 5366 ἒδ.ι

2328 5549 2559 5605 ΝΟΤᾸΕ.

877 5647 1002 5734 με)
1028 5644 1257 5716 Πρώτην
1287 5645 1466 5699 addidi
1514 5660 1580 5698 ex
1608 5645 1848 5709 Coibcrt,
1881 5644 2039 5699 Conf.
2072 5646 2112 5698 ll
2147 5645 2287 5699 Tim.
2312 5661 2382 5708 tv,

827 5720 909 5771 lli.

892 5789 1004 5855 (ιό)
1039 5787 1142 5840 Pro
1171 5786 1662 5855 συγκαταστρέψει,
1700 5797 1758 5839 ιιι
1791 5803 1913 5839 mox
1962 5787 2310 5851 καταστήσει.

2560 5645 2672 5712 (Η)
2709 5645 2866 5696 Colb.
2901 5657 3001 5710 pro
3025 5641 3166 5704 ζέον.

2557 5711 2669 5778 (45)
2732 5715 3072 5771 Λκούσαντος
3111 5711 3319 5769 malim.
3343 5725 3407 5763 ex
3442 5722 3635 5761 vocum
3683 5713 3984 5759 structura.

2561 5786 2671 5852 μυ)
2696 5786 2786 5836 Sic
2815 5784 2971 5837 Colb.
3010 5797 3106 5848 pro
3133 5779 3304 5833 ούπω.
