4200 6444
759 429 864 493 ’107
1919 417 2180 479 PHOTlI
2218 415 2724 476 PATRIARCH/E
2753 416 2859 476 CP;
3921 418 4024 482 703

762 542 856 592 sed
891 537 1065 608 gratia
1106 533 1442 590 conferentis
1470 532 1652 593 habet.
1696 533 1847 601 quod
1882 533 2119 584 maxime
2163 532 2346 584 admi-

2466 530 2571 594 εξδν
2615 529 2730 599 (51)
2763 528 3062 598 τρέφεσθαι
3108 526 3210 581 οὐκ
3252 527 3533 598 ἐτρέφετο,
3567 528 3728 600 ἔργον
3785 530 3892 600 μὶν
3938 533 4032 585 ἑπ-

762 646 969 684 remur.
1002 630 1155 694 Quod
1206 641 1367 696 porro
1419 625 1617 678 Paulus
1660 638 1726 678 ex
1776 623 2070 692 Evangelio
2131 622 2336 674 victum

2466 619 2663 672 ιινετὸν
2713 621 2821 671 ita),
2857 621 3150 688 μακάριον.
3191 619 3306 674 Ἰνα
3333 621 3442 690 γὰρ
3479 622 3555 691 μὴ
3587 621 3758 690 λαῦὴν
3792 622 3910 691 (55)
3964 622 4033 689 δῷ

761 721 866 773 sibi
903 735 1010 774 non
1040 717 1334 786 paraverit,
1374 730 1496 767 cum
1535 722 1714 768 tamen
1759 713 2045 782 potuisset,
2093 713 2144 764 id
2181 711 2339 765 laude

2466 714 2558 774 τοῖς
2593 710 2704 782 (56)
2740 712 2997 780 ζητοῦσιν
3030 712 3211 765 αίτίαν
3258 714 3463 782 εὑρεῖν,
3498 713 3598 782 τῆς
3635 713 3894 776 ἐξουσίας
3936 715 4033 781 ἀφο

762 811 985 879 quidem
1037 809 1261 878 dignum
1288 816 1426 868 erat,
1474 806 1687 874 ipsique
1739 806 1995 860 salutare.
2020 802 2098 856 Ne
2131 802 2342 856 scilicet

762 901 1092 956 criminandi
1155 899 1504 953 occasionem
1537 897 1762 957 faceret.
1823 896 1918 965 qui
1952 910 2068 949 eam
2102 894 2338 949 sollicite

765 995 1106 1063 quaerebant,
1165 1007 1195 1045 a
1235 991 1486 1044 libertate
1531 989 1631 1042 hac
1675 987 1962 1052 abstinuit,
2014 987 2179 1041 etiam
2247 986 2335 1040 hic

768 1086 983 1140 Domini
1019 1085 1104 1140 sui
1136 1092 1407 1152 praecepto
1444 1082 1711 1145 munitus,
1764 1080 1856 1149 qui
1907 1094 1964 1132 re
1997 1078 2114 1147 ipsa
2149 1078 2339 1132 admo-

769 1172 908 1236 nuit,
965 1180 1043 1232 ut,
1099 1169 1357 1239 quamvis
1415 1183 1513 1237 per
1552 1168 1724 1236 legem
1767 1177 1823 1221 et
1872 1175 2122 1220 naturam
2166 1167 2339 1220 multa

769 1260 949 1314 facere
973 1260 1134 1316 nobis
1157 1259 1339 1319 liceat,
1372 1257 1635 1312 seandalo
1675 1264 1880 1321 tamen,
1919 1255 2064 1325 quod
2088 1256 2342 1324 proximo

769 1353 933 1421 objici
976 1351 1169 1420 possit,
1229 1350 1550 1419 recogitato,
1599 1364 1628 1402 a
1660 1349 1912 1403 libertate
1934 1348 2020 1400 illa
2063 1347 2345 1401 abstinea-

770 1453 917 1490 mus.
979 1455 998 1486 ε
1060 1435 1139 1489 Ne
1197 1437 1362 1499 enim,
1419 1436 1612 1504 inquit,
1672 1435 2012 1490 oll'endamus
2065 1435 2209 1500 illos,
2260 1436 2348 1489 abi

772 1529 839 1581 ad
874 1544 1043 1593 mare,
1070 1530 1275 1599 projice
1309 1528 1556 1592 hamum,
1584 1527 1712 1582 tolle
1735 1528 1960 1597 piscem,
1990 1528 2083 1596 qui
2130 1528 2347 1597 primus

772 1618 1046 1683 ascendit,
1075 1628 1126 1672 et
1164 1633 1351 1687 quem,
1380 1628 1570 1688 aperto
1594 1633 1692 1672 ore
1729 1618 1872 1687 ejus,
1905 1618 2187 1672 inveneris
2233 1627 2348 1673 sta-

777 1721 971 1773 terem,
1004 1710 1158 1762 illum
1189 1709 1378 1778 accipe
1405 1718 1459 1764 et
1483 1710 1613 1764 dato
1651 1709 1758 1764 illis
1788 1724 1887 1779 pro
1919 1724 2007 1763 me
2041 1719 2094 1764 et
2141 1719 2194 1763 te
2219 1709 2347 1763 εν.»

774 1799 998 1854 Interim
1034 1799 1149 1855 haec
1201 1801 1353 1854 Pauli
1407 1801 1552 1855 actio
1600 1799 1815 1854 laudem
1849 1808 2214 1869 promeretur.
2246 1797 2350 1865 Qui

2447 801 2655 857 ίστατο.
2713 804 2989 857 Δεσπότου
3033 805 3092 856 δὲ
3145 804 3429 857 κάνταῦθα
3484 805 4035 875 περιφρσυρούμενος

2446 895 2660 965 ἐντολῇ,
2709 895 2776 947 δι’
2826 907 2917 966 ης,
2981 895 3085 949 κᾶν
3135 895 3286 965 νόμῳ
3343 897 3438 949 καὶ
3501 896 3663 964 φύσει
3709 896 3888 948 πολλὰ
3946 896 4036 947 τοῦ

2447 986 2715 1056 πράττειν
2755 985 3032 1057 ἐλεύθεροί
3061 987 3230 1055 ὲσμεν
3251 1026 3266 1050 ,
3298 987 3359 1038 τὺ
3396 990 3509 1049 τοῖς
3542 988 3777 1056 πλησίον
3807 988 4036 1039 σκάνδαο

2447 1078 2537 1131 λον
2589 1078 2982 1147 ἀντιπαραθεὶς
3034 1077 3182 1147 ἔργῳ
3228 1078 3613 1148 προύτρέψατο
3639 1079 3742 1147 τῆς
3785 1078 4034 1141 ἔξουσίας

2449 1170 2605 1236 ἄγειν
2636 1168 2852 1238 σχολήν.
2887 1168 3034 1221 (Ἵνα
3059 1169 3167 1238 γὰρ
3196 1168 3271 1238 μὴ
3303 1169 3754 1237 σκανδαλίσωμεν
3815 1169 4035 1232 αὐτοὺς,

2451 1259 2640 1328 φησιν,
2668 1258 2960 1330 πορευθεὶς
2988 1260 3070 1322 είς
3101 1260 3404 1327 θάλασσαν,
3433 1261 3564 1328 βάλε
3591 1261 3917 1328 ἄγκιστρον,
3949 1262 4036 1312 καὶ

2448 1350 2542 1402 τὸν
2578 1348 2947 1402 ἀναϐαίνοντα
2979 1350 3199 1419 πρῶτον
3232 1351 3389 1420 ἰχθὺν
3422 1347 3578 1421 ἆρον,
3607 1352 3703 1404 καὶ
3727 1353 3956 1416 ἀνοίξας
3983 1351 4037 1401 τδ

2450 1441 2629 1508 στόμα
2658 1440 2851 1504 αὐτοῦ,
2891 1442 3145 1510 εὑρήσεις
3175 1443 3443 1513 στατῆρα.
3461 1442 3700 1495 Ἐκεῖνον
3728 1439 3938 1505 λαϐὼν,
3957 1441 4037 1503 δὸς

2451 1531 2638 1594 αὐτοῖς
2681 1532 2806 1585 ἀντὶ
2831 1531 2969 1600 ἐμοῦ
3004 1533 3100 1584 καὶ
3126 1531 3243 1585 σοῦ.
3278 1551 3298 1584 ι
3357 1532 3500 1584 ’Δλλ’
3553 1533 3825 1601 ιπαινετὴ
3867 1533 3971 1600 μὲν
4007 1533 4037 1600 ή

2453 1622 2669 1676 Παύλου
2701 1623 2902 1692 πρᾶξις
2955 1622 3096 1692 (πῶς
3138 1622 3250 1692 γάρ
3295 1621 3358 1674 οῦ
3387 1622 3451 1691 ;),
3501 1622 3655 1675 ούδὶν
3677 1622 3724 1674 δ’
3771 1621 4038 1689 ἐχέγγυον

2454 1716 2807 1784 παρεχομένη
2839 1714 2976 1783 πρὸς
3002 1713 3065 1766 τὸ
3100 1713 3400 1783 ὑστερῆσαι
3437 1731 3492 1766 τι
3525 1713 3617 1766 τὸν
3653 1713 3916 1783 Χριστόν.
3947 1713 4039 1763 Διά

2455 1803 2589 1872 γοῦν
2637 1805 2766 1866 τοὺς
2824 1804 3150 1875 εἰρημένους
3211 1804 3508 1874 λογισμοὺς
3560 1804 3662 1857 οὐκ
3714 1802 4038 1871 ἀγαπῶντες

777 1893 923 1946 enim
974 1893 1132 1945 non?
1179 1891 1401 1945 Nullum
1450 1902 1632 1946 tamen
1677 1902 2059 1960 argumentum
2107 1899 2352 1961 prastat,

2466 1895 2593 1948 ἔνιοι
2621 1895 2682 1946 τὸ
2705 1894 2889 1964 ῥηθὲν,
2917 1896 3000 1958 είς
3024 1896 3222 1965 ἑτέραν
3244 1895 3408 1960 δόξαν
3429 1896 3626 1962 ἄγουσι
3652 1895 3714 1947 τὸ
3739 1895 3932 1964 ῥητὸν,
3952 1896 4039 1946 καὶ

786 1999 898 2052 quo
930 1992 1150 2037 constet
1200 1983 1422 2038 Christo
1473 1983 1775 2053 quidquam
1816 1982 2080 2039 doluisse.
2134 1982 2361 2052 Propter

785 2075 962 2128 dictas
987 2074 1170 2142 itaque
1193 2074 1435 2128 rationes
1465 2075 1734 2138 nonnulli,
1769 2075 1911 2129 hanc
1935 2075 2068 2130 dicti
2096 2075 2363 2143 vocisque

790 2165 1078 2234 ὑστερήμα
1133 2166 1410 2218 notionem
1463 2174 1802 2231 aversantes,
1859 2167 2022 2220 aliam
2101 2165 2360 2235 all‘erunt,

784 2266 840 2308 et
903 2265 1220 2323 sequentem
1258 2253 1584 2310 sententiam
1655 2257 1953 2328 signiﬁcari
1999 2261 2359 2314 contendunt.

781 2344 918 2398 Tria
953 2355 1085 2399 sunt
1136 2360 1352 2411 eorum,
1382 2361 1503 2415 qua:
1551 2358 1671 2400 acta
1729 2359 1908 2412 erant,
1960 2366 2179 2416 genera.
2237 2352 2360 2404 Alia

784 2437 930 2487 cnim
965 2445 1094 2488 sunt
1144 2435 1379 2503 majora,
1416 2435 1520 2488 alia
1561 2437 1761 2501 media,
1789 2440 1896 2492 alia
1938 2454 2066 2493 vero
2106 2441 2360 2493 ultimum

789 2528 968 2580 locum
1018 2535 1258 2581 tuentur.
1289 2526 1522 2591 Quando
1558 2527 1741 2596 itaque
1792 2529 1954 2584 divus
2001 2531 2201 2586 Paulus
2244 2533 2357 2586 ait:

793 2638 809 2667 ι
853 2619 1239 2688 ’Υστερήματα
1269 2619 1592 2687 passionum
1640 2619 1842 2674 Christi
1874 2621 2185 2690 incorpore
2240 2637 2364 2675 meo

791 2711 1080 2778 Supplemi
1144 2719 1425 2778 postrema
1485 2711 1804 2777 passionum
1860 2712 2083 2776 Christi,
2147 2713 2365 2764 etulti-

790 2818 937 2854 mum
971 2803 1148 2857 locum
1181 2803 1526 2870 occupantia,
1571 2819 1694 2856 eum
1745 2805 1972 2858 innucre
2019 2805 2192 2868 aiunt,
2239 2814 2362 2856 tan-

789 2908 951 2960 quam
994 2908 1114 2959 qua:
1148 2894 1200 2946 in
1241 2908 1472 2962 corpore
1509 2909 1611 2947 suo
1640 2895 1889 2962 suppleat
1919 2910 1933 2957 ;
1963 2896 2115 2963 quasi
2138 2895 2361 2960 diceret,

786 2983 1141 3037 Calamitates
1184 2999 1338 3049 mea,
1390 2994 1603 3038 tantum
1643 2987 1818 3049 abest,
1858 2995 1916 3038 ut
1970 3001 2092 3038 cum
2158 2985 2363 3039 Christi

789 3075 896 3128 illis
926 3077 1232 3143 comparari
1263 3077 1497 3144 possint,
1530 3077 1728 3130 utillas
1755 3090 1862 3129 non
1897 3090 2021 3130 cum
2059 3075 2363 3144 majoribus

788 3181 1110 3234 comparare
1136 3169 1389 3229 audeam,
1417 3168 1528 3220 imo
1552 3182 1651 3222 nec
1680 3183 1804 3221 cum
1835 3170 2026 3222 mediis
2056 3169 2359 3231 conferam,

792 3256 883 3308 sed
911 3271 1033 3309 cum
1065 3257 1270 3310 ultimis
1299 3265 1513 3310 tantum
1537 3265 1590 3310 et
1626 3258 1918 3326 postremis
1952 3258 2364 3327 conjungendas

789 3357 915 3396 esse
960 3358 1234 3396 censeam.
1280 3344 1631 3411 Quaecunque
1686 3346 1832 3397 enim
1888 3346 2124 3399 hominis
2170 3355 2364 3398 natura

807 3448 905 3501 pro
938 3433 1156 3488 Christo
1192 3435 1276 3487 vel
1307 3434 1491 3498 faciat,
1530 3435 1616 3490 vel
1667 3437 1930 3504 patiatur,
1979 3451 2170 3490 eorum
2228 3436 2366 3490 nihil

2462 1986 2525 2039 τδ
2555 1986 2842 2057 ὑστέρημα
2879 1986 3095 2054 λέγουσι
3139 1987 3257 2041 νυνὶ
3285 1986 3531 2040 τοιοῦτον
3571 1985 3949 2039 ἀναπτύσσειν
3986 1985 4041 2036 τὸ

2464 2079 2888 2148 σημαινόμενον·
2927 2077 3089 2149 Τρεῖς
3118 2079 3226 2131 είσι
3255 2079 3366 2131 τῶν
3397 2078 3793 2148 πραττομένων
3824 2077 3880 2128 ai
3912 2078 4043 2144 πρά·

2465 2169 2597 2233 ξεις.
2631 2169 2714 2221 Τά
2742 2169 2841 2238 μὲν
2867 2168 2974 2238 γάρ
3000 2168 3182 2222 αὐτῶν
3213 2169 3332 2221 ἐστι
3364 2169 3557 2239 μείζω,
3588 2168 3659 2221 τά
3696 2168 3752 2220 δὲ
3782 2167 3947 2235 μέσα,
3977 2166 4040 2216 τά

2463 2261 2521 2314 δὲ
2545 2261 2641 2332 τὴν
2666 2261 2906 2328 ὑστάτην
2938 2263 3208 2330 ἀπείληφε
3243 2261 3449 2332 χώραν.
3476 2261 3551 2315 Τὸ
3576 2260 3708 2329 γοῦν
3733 2262 3918 2312 εἰπεῖν
3954 2259 4041 2310 τὸν

2466 2353 2753 2405 θεσπέσιον
2796 2351 3009 2404 Παῦλον
3032 2390 3048 2416 ,
3083 2354 3165 2406 ὅτι
3202 2371 3220 2403 ι
3260 2351 3343 2405 Τά
3384 2352 3738 2423 ὑστερήματα
3789 2350 3903 2402 τῶν
3935 2350 4043 2400 θλί-

2465 2443 2612 2512 ψεων
2644 2443 2740 2496 τοῦ
2764 2443 3000 2512 Χριστοῦ
3027 2443 3141 2512 (57)
3168 2445 3228 2496 ὲν
3257 2446 3326 2513 τῇ
3355 2445 3520 2514 σαρκί
3550 2460 3654 2514 μου
3683 2441 4037 2511 ἀναπληρῶρ

2470 2536 2758 2604 σημαίνειν
2800 2536 2957 2602 φασὶ,
2995 2537 3080 2589 ὅτι
3122 2535 3203 2588 Τά
3249 2535 3461 2590 ὕστατα
3509 2536 3619 2588 τῶν
3670 2534 3908 2602 θλίψεων
3954 2532 4044 2584 τοῦ

2469 2626 2709 2696 Χριστοῦ
2763 2627 2856 2680 καὶ
2911 2625 3009 2693 τὴν
3058 2627 3298 2696 ἐσχάτην
3325 2627 3590 2695 ἐπέχοντα
3624 2624 3830 2695 χώραν,
3878 2623 4047 2676 ταῦτα

2469 2718 2581 2783 ὲγὼ
2605 2719 2662 2768 ὲν
2691 2717 2769 2785 τῷ
2804 2718 3016 2786 σώματί
3051 2735 3153 2788 μου
3181 2719 3480 2788 ἀναπληρῶ
3499 2718 3634 2788 (58)·
3665 2719 3934 2781 τουτέστι,
3968 2719 4046 2769 Τὰ

2470 2805 2582 2874 ὲμά
2631 2806 2781 2874 πάθη
2815 2806 3067 2859 τοσοῦτον
3096 2807 3292 2877 ἀπέχει
3328 2807 3422 2860 τοῦ
3453 2806 3902 2878 παραϐάλλεσθαι
3938 2808 4046 2866 τοῖς

2469 2897 2748 2964 Χριστοῦ,
2796 2897 2935 2950 ὣστε
2969 2899 3030 2950 οὑ
3085 2898 3242 2967 μόνον
3286 2899 3385 2966 τὴν
3417 2899 3530 2969 (59)
3577 2899 3714 2968 πρὸς
3764 2898 3832 2950 τά
3880 2899 4049 2966 μείζω

2473 2985 2763 3055 σύγκρισιν
2789 2989 2850 3038 οὐ
2881 2987 3064 3056 τολμῶ
3102 2986 3239 3056 (60),
3266 2987 3382 3040 ἀλλ’
3410 2987 3530 3039 οὐδὲ
3557 2989 3670 3049 τοῖς
3706 2987 3894 3054 μέσοις
3927 3003 4049 3037 συν-

2470 3077 2782 3140 τάττεσθαι,
2811 3080 2924 3140 τοῖς
2954 3079 3207 3140 ὑστάτοις
3230 3080 3287 3132 δὲ
3320 3079 3414 3131 καὶ
3442 3078 3801 3140 τελευταίοις,
3831 3079 4049 3146 ἀγαπη-

2471 3170 2562 3224 τὸν
2593 3171 2715 3239 ἐμοὶ
2740 3170 2802 3222 τὸ
2840 3169 3310 3233 συνεξετάζεσθαι.
3333 3170 3502 3223 ’Ὀσον
3527 3171 3638 3240 γὰρ
3663 3171 3729 3222 ἂν
3759 3169 4049 3239 ἀνθρὼτωυ

2474 3259 2636 3327 φύσις
2685 3260 2824 3330 ὑπὲρ
2870 3259 3106 3327 Χριστοῦ
3153 3261 3335 3331 πράξῃ
3366 3261 3462 3315 καὶ
3497 3260 3647 3330 πάθῃ
3697 3260 3834 3331 (61),
3898 3248 4050 3314 οῦδὲν

2474 3349 2622 3400 ἔστιν
2667 3345 2940 3412 ἀντάξιον,
2976 3348 3087 3401 οὐδ’
3121 3350 3286 3416 ἐγγὺς
3311 3389 3326 3415 ,
3372 3344 3449 3404 ὧν
3494 3351 3658 3412 αὐτὸς
3712 3352 3851 3420 ὑπὲρ
3894 3352 4053 3421 ἡμῶν

2471 3435 2696 3489 ἔπαθεν.

791 3541 895 3592 est,
947 3531 1089 3599 quod
1152 3531 1207 3583 in
1241 3531 1494 3585 eumdem
1539 3545 1762 3586 censum
1812 3533 2000 3586 venire
2051 3531 2248 3600 possit,
2303 3544 2402 3586 nec
2439 3531 2740 3600 quidquam
2801 3531 2867 3585 ad
2904 3532 2996 3586 illa
3031 3533 3264 3599 accedit,
3299 3548 3424 3602 qum
3476 3533 3594 3603 ipse
3617 3547 3718 3603 pro
3769 3533 3936 3588 nobis
3967 3541 4055 3588 est

793 3639 1104 3693 perpessus.

856 3717 1021 3770 Multa
1060 3733 1189 3771 vero
1220 3727 1370 3783 sunt,
1401 3718 1556 3772 aiunt
1577 3719 1674 3785 illi,
1698 3735 1820 3789 quae
1845 3719 1958 3775 haec
1980 3720 2218 3790 cogitata
2241 3734 2373 3774 con-

804 3810 1048 3862 lirment.
1089 3808 1232 3880 «Ego
1283 3810 1428 3864 enim
1460 3825 1605 3875 sum,
1642 3810 1819 3879 inquit
1848 3811 2165 3879 Apostolus,
2197 3821 2376 3866 extre-

2545 3719 2721 3773 Πολλὰ
2735 3719 2779 3772 δ’
2794 3719 2860 3772 ἀν
2877 3720 2982 3791 εἴη,
2999 3721 3184 3788 φασὶν,
3203 3723 3269 3791 τῇ
3284 3720 3508 3792 τοιαύτῃ
3526 3721 4055 3793 συνᾴδονταθεωρία.

2478 3828 2498 3863 t
2521 3810 2663 3877 Ἐγὼ
2678 3812 2786 3880 γάρ
2810 3812 2947 3880 είμι,
2972 3811 3428 3880 φησὶ,ἀπόστολος
3445 3814 3473 3864 ό
3495 3814 3776 3883 ἐλάχιστος
3791 3813 3904 3865 τῶν
3923 3816 4057 3868 ἀπο-

794 3916 918 3953 nius
968 3905 1338 3968 apostolorum
1368 3942 1382 3964 ,
1427 3918 1527 3956 nec
1581 3903 1778 3971 dignus
1835 3905 1929 3973 qui
1961 3919 2122 3958 vocer
2155 3913 2359 3974 aposto-

2474 3900 2708 3964 στόλων,
2739 3904 2833 3954 καὶ
2865 3903 2965 3954 οὐκ
2999 3902 3116 3971 etp).
3154 3901 3336 3964 ἱκανὸς
3366 3902 3652 3956 καλεῖσθαι
3692 3904 4053 3966 ἀπόστολος»

796 3989 880 4044 lus
903 3991 947 4021 9°
978 4008 990 4043 :
1026 4011 1043 4041 ι
1088 3992 1248 4054 item,
1280 4008 1296 4041 ι
1331 3990 1665 4060 Persequor,
1704 4004 1762 4044 ut
1790 4006 2052 4060 assequar
2072 3993 2114 4023 "
2143 4009 2159 4058 ;
2195 4012 2212 4044 ι
2268 4006 2369 4046 nec

795 4096 905 4134 non
953 4099 966 4132 :
1005 4100 1022 4131 ι
1054 4081 1277 4136 Mortem
1329 4080 1455 4136 Jesu
1502 4085 1810 4151 incorpore
1856 4081 2271 4148 circumferens,
2310 4093 2369 4137 ut

795 4173 957 4224 etiam
1005 4172 1111 4225 vita
1157 4172 1281 4225 Jesu
1317 4173 1369 4225 in
1408 4188 1638 4242 corpore
1685 4175 1805 4242 ejus
1847 4173 2312 4229 manifestetur“.
2345 4193 2362 4227 ι

796 4261 1084 4326 Quomodo
1117 4263 1301 4332 itaque
1332 4264 1536 4318 Paulus
1570 4263 1716 4317 illius
1737 4302 1752 4326 ,
1785 4265 1880 4333 qui
1906 4266 2089 4319 omnia
2116 4266 2286 4336 gratis
2315 4274 2369 4321 et

799 4363 983 4406 nostra
1020 4368 1182 4408 causa
1214 4330 1348 4407 vfecit
1384 4363 1439 4406 et
1483 4355 1746 4408 sustinuit
1771 4330 2092 4424 ,‘reliquias
2120 4330 2368 4424 vsupple-
2404 4330 2447 4385 θ

800 4449 944 4502 visse
974 4448 1080 4501 dici
1120 4464 1356 4518 unquam
1385 4450 1602 4517 potest?
1641 4449 1820 4505 Taceo
1867 4452 1972 4504 alia
2017 4452 2100 4504 his
2145 4452 2367 4505 similia.

798 4535 919 4587 Jam
953 4536 1107 4590 valde
1136 4537 1355 4604 quidem
1394 4539 1666 4604 posterior
1697 4540 1811 4592 haec
1850 4540 2120 4607 expositio
2155 4540 2231 4592 rei
2269 4539 2372 4606 ipsi

800 4637 1164 4680 consentanea
1200 4638 1318 4680 erat
1350 4626 1532 4682 futura
1553 4666 1570 4693 ,
1599 4628 1705 4681 nisi
1734 4645 1836 4682 vox
1868 4629 2155 4699 ὑστέρημα
2185 4630 2240 4683 in
2263 4628 2370 4684 Ve—

804 4717 904 4769 teri
943 4727 996 4769 et
1025 4715 1176 4772 Novo
1213 4717 1412 4772 Codice
1454 4717 1767 4787 frequenter
1793 4731 2122 4774 occurreret.
2161 4739 2180 4771 (
2218 4720 2371 4774 Nun-

799 4808 953 4875 quid,
991 4809 1185 4876 inquit,
1206 4809 1360 4863 vobis
1387 4807 1561 4863 deluit
1581 4811 1664 4863 "?
1695 4829 1713 4860 ι
1751 4811 1812 4865 Et
1840 4829 1853 4866 :
1887 4830 1904 4861 ι
1934 4810 2042 4866 Nec
2071 4812 2371 4881 quidquam

800 4895 985 4949 delicit
1029 4895 1344 4950 timentibus
1377 4896 1528 4950 illum
1556 4897 1653 4948 οδ.»
1696 4895 1798 4949 Et:
1839 4915 1857 4947 ‹
1881 4895 1999 4951 Νοιι
2040 4910 2172 4968 puto
2210 4901 2369 4969 quid-

2477 3991 2592 4055 καὶ,
2617 4009 2634 4039 ι
2648 3992 2839 4042 Διώκω
2855 3993 2904 4042 εί
2922 3992 3016 4043 καὶ
3033 3991 3348 4044 καταλάϐω.
3361 4010 3380 4044 ι
3405 3994 3535 4057 Καὶ,
3556 4011 3575 4042 ι
3592 3995 3655 4045 'U
3671 3993 3768 4060 τὴν
3784 3993 4061 4062 νέκρωσιν

2476 4080 2573 4132 τοῦ
2620 4080 2793 4149 Ἰησοῦ
2825 4084 2880 4132 ὲν
2919 4082 2996 4152 τῷ
3026 4082 3241 4151 σώματι
3269 4084 3606 4152 περιφέρων,
3641 4084 3726 4136 ἵνα
3761 4085 3853 4135 καὶ
3882 4085 3917 4152 ὴ
3947 4086 4060 4151 ζωη

2476 4171 2570 4226 τοῦ
2613 4173 2790 4242 Ἰησοῦ
2833 4175 2891 4225 ὲν
2921 4175 2999 4244 τῷ
3046 4177 3258 4244 σώματι
3305 4175 3471 4228 αὑτοῦ
3517 4174 3824 4245 φανερωθῇ.
3874 4196 3895 4228 ο
3936 4177 4060 4238 Πῶς

2476 4264 2572 4316 τοῦ
2623 4263 2733 4333 (62)
2785 4265 2960 4317 πάντα
2996 4269 3199 4334 προῖκα
3232 4267 3325 4320 καὶ
3355 4268 3566 4336 δωρεὰν
3612 4266 3924 4334 πράξαντος
3970 4270 4061 4319 καὶ

2479 4353 2744 4416 παθόντος
2774 4356 3067 4424 ὑπέστημα
3114 4356 3227 4426 (65)
3272 4356 3474 4424 λέγοιτ’
3520 4358 3586 4409 ἂν
3637 4356 4060 4425 ἀναπληρῶσαι,

2478 4443 2574 4498 καὶ
2625 4445 2796 4498 πολλά
2841 4447 3106 4511 τοιαῦτα;
3142 4448 3252 4500 Καὶ
3292 4448 3414 4501 λίαν
3446 4450 3544 4521 μὲν
3573 4446 3640 4520 ἦν
3675 4450 4063 4518 ἁρμοζόμενον

2477 4536 2537 4588 τὸ
2568 4539 2667 4606 τῆς
2695 4539 2957 4608 δευτέρας
2989 4540 3226 4602 διανοίας
3252 4537 3420 4605 εἶδος,
3479 4543 3528 4594 εί
3571 4543 3645 4612 μὴ
3678 4541 3961 4611 πολλαχοῦ
4006 4545 4065 4594 τὸ

2479 4630 2764 4699 ὑστέρημα
2795 4632 2852 4681 ἐν
2883 4648 2940 4683 τε
2989 4635 3052 4702 τῇ
3086 4633 3295 4703 Παλαιᾷ
3338 4634 3433 4686 καὶ
3471 4637 3538 4704 τῇ
3587 4635 3700 4702 Νέᾳ.
3751 4634 4066 4702 φερόμενον

2481 4720 2693 4791 Γραφῇ.
2727 4739 2744 4770 t
2777 4722 2865 4791 Μή
2909 4740 3050 4784 τινος
3065 4725 3204 4793 γὰρ,
3236 4727 3434 4794 φησὶν,
3471 4727 3844 4795 ὑστερήσατε;
3881 4744 3904 4776 ι
3947 4727 4062 4784 καὶ,

2489 4829 2506 4861 t
2537 4812 2650 4864 Οὐκ
2681 4811 2827 4865 ἔστιν
2854 4815 3260 4883 ὑστέρηματοῖς
3276 4816 3626 4885 φοϐουμένοις
3649 4816 3828 4870 αὐτόν.
3867 4835 3888 4866 ι
3931 4818 4064 4877 Καὶ,

2491 4924 2511 4958 ι
2551 4906 2853 4974 Λογίζομαι
2879 4909 2988 4976 γὰρ
3023 4908 3190 4978 μηδὲν
3220 4910 3600 4980 ὑστερηκέναι.
3626 4930 3645 4962 ι
3678 4911 3807 4971 Καὶ,
3832 4928 3853 4959 ι
3877 4909 4069 4963 ’Υστε-

879 5007 1159 5091 ³⁹’Μριιιι.
1189 5024 1319 5074 xvn,
1349 5009 1440 5063 27.
1515 5010 1561 5042 ⁹⁰
1597 5009 1617 5065 1
1649 5010 1774 5068 Cor.
1810 5027 1898 5078 xv,
1936 5013 1988 5068 9.
2063 5015 2102 5044 ⁸³
2145 5013 2356 5084 Philipp

2466 5035 2489 5083 η,
2532 5019 2620 5075 12.
2697 5022 2742 5053 ⁹²
2768 5021 2807 5075 ll
2829 5021 2958 5077 Cor.
3003 5036 3075 5091 tv,
3105 5024 3193 5079 lo.
3269 5024 3318 5058 ”
3347 5023 3653 5091 ιυομιιιι,
3690 5024 3779 5078 35.
3819 5022 3868 5055 “
3911 5023 4062 5079 Psai.

804 5091 990 5144 xxxiv,
1022 5080 1103 5134 l0.

2312 5209 2544 5268 ΝΟΤᾸΕ.

878 5314 991 5382 (54)
1023 5312 1177 5385 Colb.
1198 5329 1297 5385 pro
1327 5315 1386 5379 ἐξ
1415 5333 1510 5369 ων.
1546 5316 1704 5371 Conl'.
1739 5328 1850 5374 not.
1899 5319 1987 5375 50.

875 5385 990 5455 (5ο)
1018 5383 1177 5455 Colb.
1199 5383 1312 5455 pro
1341 5386 1549 5439 λαϐεῖν.

807 5453 1131 5577 ἰ“(ἓ3)ὺ11οο
1158 5453 1303 5511 malo
1330 5472 1395 5509 ex
1421 5456 1592 5510 Coisl.
1625 5471 1724 5524 pro
1758 5459 2101 5529 συζητοῦσιν,
2126 5462 2269 5531 quod
2292 5477 2379 5522 est

807 5541 863 5580 In
891 5541 1046 5577 ιιυιυ.

880 5594 991 5664 (57)
1021 5593 1538 5669 -νει-ιιαμίιιαηὲνλτῇ
1569 5595 1733 5669 σαρκί
1779 5614 1880 5666 μου
1916 5629 1981 5637 —-
2015 5600 2244 5669 θλίψεων
2282 5599 2377 5653 τοῦ

808 5661 1080 5736 Χριστοῦ,
1104 5663 1415 5736 festinantis
1436 5661 1653 5717 librarii
1675 5661 1850 5736 lapsu,
1885 5683 1948 5721 ex
1970 5661 2199 5727 Coisl'in.
2226 5675 2378 5731 exci-

815 5736 1038 5802 derant,
1071 5734 1123 5784 in
1152 5733 1310 5786 Colb.
1339 5743 1483 5786 recte
1510 5733 1776 5802 suppleta.

880 5801 993 5866 (58)
1016 5801 1438 5868 ἀνταναπληρῶ,
1465 5801 1630 5860 Colb.
1657 5805 1764 5858 vid.
1803 5815 1916 5862 not.
1948 5808 2015 5861 47
2036 5819 2087 5864 et
2115 5811 2203 5865 48.

2548 5329 2661 5402 (39)
2687 5332 2785 5402 τήν
2812 5330 2965 5387 Colb.
2998 5343 3143 5389 recte
3169 5350 3266 5401 pro
3293 5337 3383 5390 τά.

2549 5401 2762 5476 (βρῦν
2796 5404 2979 5476 εει-φο
3001 5420 3098 5473 pro
3127 5406 3322 5476 τολμᾷ.

2540 5470 2651 5544 (61)
2675 5470 2773 5544 Sic
2790 5473 2975 5544 scribo
2999 5470 3098 5542 pro
3129 5470 3327 5544 πράξει
3347 5476 3444 5529 καὶ
3475 5474 3660 5529 πάθει.

2544 5543 2657 5607 (6‘2)
2681 5543 2836 5612 Colb.
2866 5544 2959 5595 τοῦ
2986 5555 3085 5612 pro
3100 5543 3184 5597 οὺ.

2548 5612 2661 5682 (65)
2706 5610 2795 5686 Sic
2823 5610 3000 5686 Coisli
3048 5612 3294 5686 Legerim
3328 5630 3428 5684 ego
3458 5615 3760 5686 ὑστέρημα,
3799 5629 3888 5668 vet
3926 5616 4062 5669 ὑπό-

2477 5696 2684 5748 στημα,
2722 5681 2989 5750 siquidem
3023 5685 3290 5750 posterior
3323 5681 3435 5741 haec
3478 5681 3677 5740 vox'ad
3702 5699 3940 5740 sensum
3973 5702 4060 5742 εει

2480 5759 2563 5804 set
2587 5752 3026 5807 accommodata.
