4200 6444
231 405 339 471 709

1154 411 1253 471 AD
1290 406 1883 472 AMPHILOCHIUM
1943 406 2289 483 QUIESTIO
2342 412 2547 475 CXXI.

3360 413 3469 483 710

230 529 419 599 μηθεὶς
450 528 513 583 οὑ
540 528 932 599 κατενάρκησα
972 526 1216 592 οὐδενός·
1248 529 1313 583 τὸ
1356 529 1469 601 γὰρ
1512 530 1799 601 ὑστέρημά
1828 534 1871 589 Δ

1828 534 1871 589 Α
1902 543 2065 599 quam
2091 529 2455 598 mihideesse;
2483 550 2503 584 ε
2531 529 2692 586 item:
2719 548 2741 583 ε
2766 527 3016 602 indigens
3037 528 3184 587 enim
3216 543 3326 587 non
3351 546 3470 602 gra-

231 636 339 690 μου
383 619 929 690 προσανεπλήρωσαν
971 622 1021 672 oi
1053 618 1292 688 ἀδελφοί.
1327 638 1347 671 ι
1382 622 1495 674 Καὶ
1528 623 1589 674 ιν
1618 621 1801 675 πλείο-

227 726 316 762 σιν
344 709 527 774 ἀλλοις
553 712 657 780 τῆς
701 710 888 780 φωνῆς
916 710 1318 781 εὑρισκομίνης
1361 711 1464 765 οὑκ
1506 711 1624 765 εστι
1670 714 1801 783 ῥᾷον

227 800 415 854 λαϐεῖν
440 800 541 875 1ζὴν
572 801 832 871 τοιαύτην
857 800 1121 866 διάνοιαν,
1151 802 1217 855 δι’
1252 802 1427 872 αὑτῆς
1455 804 1798 857 ἀναπτυσσο-

230 892 423 963 μένην,
473 892 590 945 ἀλλ’
619 892 811 963 ὥσπερ
840 893 1224 964 προείληπται.
1270 894 1429 948 οὕτω
1476 894 1801 965 καθορῶμεν

223 982 305 1052 τῷ
336 982 449 1035 ιθει
476 984 577 1052 τῆς
613 984 840 1055 Γραφῆς
865 985 928 1038 τὸ
957 985 1247 1056 ὑστέρημα
1292 985 1392 1054 τὴν
1433 985 1624 1057 χρείαν
1660 1004 1800 1055 παρ-

226 1074 495 1144 εχόμενον
524 1074 617 1129 τοῦ
647 1076 1070 1146 σημαινομένου.
1117 1077 1540 1148 Ἐκατέραςρῦν
1565 1077 1675 1131 τῶν
1720 1080 1798 1131 εί-

229 1165 484 1234 ρημένων
502 1165 991 1236 ἑπιδισταζομενης
1006 1167 1237 1231 ἑννοίας,
1250 1171 1331 1230 είς
1355 1167 1416 1221 es
1436 1169 1799 1223 ἀστασίαστον

225 1255 295 1307 ἄν
323 1255 423 1307 καὶ
454 1256 613 1325 τρίτη
642 1255 707 1308 δι’
735 1256 915 1310 αὑτῶν
940 1257 1270 1327 προκύψασα
1294 1296 1311 1322 ,
1353 1261 1445 1312 καὶ
1467 1260 1568 1323 τὰς
1601 1261 1791 1314 ἑκατὲ-
1842 1250 1845 1253 ’

227 1348 399 1413 ρωθεν
438 1346 611 1410 λασάς
660 1347 882 1418 μέθοδον
923 1349 1134 1402 ἐκεῖθεν
1181 1352 1637 1422 συνευπορήσασα
1686 1352 1799 1406 δια-

223 1440 439 1505 φυγεῖν,
469 1438 697 1507 τοιαύτη
723 1456 808 1503 τις
861 1439 928 1493 ἂν
968 1438 1078 1509 εῐη.
1128 1442 1221 1494 Δεῖ
1244 1442 1303 1495 δὲ
1330 1442 1409 1512 τῷ
1442 1443 1543 1511 μὶν
1568 1442 1800 1513 ὑστερήο

226 1547 379 1598 ματι,
410 1530 485 1594 ὼς
502 1531 645 1595 ἔθος,
678 1532 913 1602 χρῆσθαι
935 1532 997 1586 τὸ
1030 1532 1269 1603 Γράμμα
1295 1532 1358 1587 τὸ
1381 1534 1658 1603 ίερδν,καὶ
1690 1552 1797 1605 μη⁴

220 1620 313 1673 δὲν
362 1621 494 1689 περὶ
545 1621 645 1691 τὴν
712 1621 859 1686 λέξιν
929 1626 1296 1695 καινοτομεῖν.
1350 1625 1799 1696 ’Δνταναπληρώ-

223 1726 307 1762 σει
340 1710 450 1780 (64)
503 1712 559 1765 δὲ
601 1710 721 1775 πῶς
750 1714 779 1765 ό
815 1712 1029 1777 Παῦλος
1077 1716 1137 1768 ιν
1168 1714 1247 1785 τῷ
1276 1713 1489 1785 σώματι
1519 1717 1687 1771 αὑτοῦ
1726 1718 1794 1771 τά

223 1802 580 1871 ὑστερήματα
621 1802 729 1855 τῶν
763 1796 998 1873 θλίψεων
1043 1805 1138 1859 τοῦ
1181 1806 1453 1875 Χριστοῦ;
1503 1806 1663 1862 τοῦτό
1705 1824 1794 1877 μοι

1915 619 1997 674 vis
2028 618 2104 673 fui
2130 622 2388 688 cuiquam
2413 639 2430 688 ;
2455 622 2696 692 inopiam
2725 623 2871 678 enim
2900 637 3073 679 meam
3104 621 3301 678 fratres
3333 625 3467 677 sub—

1907 709 2156 764 levarunt
2176 710 2276 765 ⁹⁸.›
2305 710 2474 767 Porro
2504 714 2555 767 in
2586 712 2834 782 pluribus
2856 713 2977 768 aliis
3004 712 3162 777 locis,
3191 713 3247 767 in
3269 714 3471 783 quibus

1903 814 2007 854 vox
2041 801 2156 855 haec
2182 802 2472 867 invenitur,
2507 816 2617 857 non
2656 802 2817 858 facile
2845 818 2990 866 eam,
3026 819 3149 873 qua
3183 805 3346 883 modo
3384 807 3467 861 al-

1902 888 2007 945 lata
2054 898 2174 954 est,
2206 894 2515 956 notionem,
2548 893 2641 948 sed
2676 892 2857 957 illam,
2890 907 3013 962 qua
3043 902 3203 948 antea
3234 902 3317 949 est
3344 910 3475 965 pro-

1901 982 2101 1050 posita,
2124 982 2565 1053 deprehenderis.
2592 985 2850 1042 Videmus
2870 986 3078 1056 itaque,
3102 1001 3293 1042 vocem
3318 989 3473 1042 ὑστέη

1900 1087 2054 1145 ρημα
2081 1091 2149 1131 ex
2179 1093 2281 1132 usu
2309 1076 2601 1147 Scriptura:
2622 1079 2893 1137 defectum
2916 1082 3018 1144 rei,
3051 1082 3118 1135 de
3149 1097 3257 1151 qua
3287 1096 3472 1137 sermo

1898 1174 2001 1230 est,
2035 1166 2239 1221 inferre
2258 1170 2326 1220 ".
2374 1167 2527 1234 Quod
2568 1170 2613 1224 si
2648 1181 2828 1226 tamen
2869 1173 2935 1226 de
2976 1173 3238 1226 alterutra
3275 1172 3468 1227 harum

1900 1257 2303 1324 expositionum
2327 1258 2684 1314 dubitandum
2712 1261 2891 1315 adhuc
2916 1262 3188 1326 videatur,
3222 1262 3291 1315 ad
3314 1277 3468 1315 com-

1901 1349 2209 1415 ponendam
2226 1362 2443 1402 omnein
2466 1350 2893 1404 controversiam
2925 1350 3083 1404 tertia
3111 1350 3274 1404 etiam
3296 1391 3311 1415 ,
3345 1365 3469 1420 quae

1899 1452 1961 1490 ex
1995 1448 2224 1505 utraque
2252 1438 2521 1506 promicat
2540 1478 2557 1505 ,
2583 1448 2639 1493 et
2662 1437 3008 1493 difﬁcultates
3039 1439 3326 1506 utriusque
3356 1438 3470 1491 evi-

1902 1529 2051 1581 tandi
2090 1528 2230 1582 viam
2260 1528 2525 1593 ostendit,
2565 1529 2745 1585 aﬂerri
2779 1530 2950 1599 possit
2986 1530 3041 1585 in
3072 1530 3215 1584 hanc
3246 1538 3467 1584 senten-

1900 1617 2052 1670 tiam.
2098 1616 2299 1672 Vocem
2343 1618 2625 1690 ὑστέρημα
2664 1633 2730 1675 εο
2776 1633 2941 1674 sensu
2967 1658 2983 1685 ,
3035 1620 3131 1688 qui
3172 1619 3469 1688 Scriptura:

1899 1723 2070 1764 sacra:
2097 1720 2180 1764 est
2213 1710 2517 1776 familiaris,
2549 1710 2825 1781 accipere,
2856 1726 2956 1768 nec
2989 1726 3129 1767 nova
3160 1713 3465 1768 consectari

1900 1808 2132 1870 oportet.
2167 1799 2454 1866 Quomodo
2484 1818 2613 1858 vero
2646 1802 2850 1860 Paulus
2894 1804 3153 1874 reliquias
3178 1804 3463 1859 calamita-

222 1892 614 1966 συκιδιασκόπει
644 1892 850 1949 λοιπόν.
885 1895 1001 1965 Οὐχ
1028 1896 1129 1949 ὅσα
1156 1896 1391 1965 Χριστὸς
1414 1896 1648 1966 ὀφείλων
1684 1916 1794 1951 πα-
1825 1890 1867 1945 Β

1825 1890 1867 1945 Β
1896 1902 2015 1947 tum
2045 1892 2249 1948 Christi
2274 1894 2328 1947 in
2352 1908 2576 1963 corpore
2611 1910 2713 1950 suo
2734 1898 2988 1966 supplere
3012 1896 3231 1966 potuit?
3264 1896 3337 1951 De
3361 1898 3466 1951 hoc

210 1982 335 2035 θεῖν
379 1982 480 2052 οὑχ
526 1983 858 2054 ὑπήνεγκεν,
903 1984 1199 2054 οὐμενοῦν⁹
1244 1984 1367 2039 οὐδὲ
1404 1987 1513 2056 γάρ
1559 2005 1613 2040 τι
1658 1984 1793 2051 ὅλως

216 2073 520 2143 ὑστέρησεν
545 2090 560 2105 ·
616 2074 753 2127 ἀλλά
791 2077 887 2127 καὶ
936 2076 1407 2147 ὑπερεπλεόνασεν
1433 2078 1467 2148 ή
1499 2078 1659 2150 χάρις
1695 2079 1793 2132 αὑ-

214 2164 427 2227 τοῦ·είς
455 2168 623 2236 ἡμᾶς.
656 2168 790 2221 Ποῖα
819 2168 911 2221 οὖν
941 2168 1299 2239 ὑστερήματα
1346 2163 1787 2240 ἀνταναπληροίς

216 2256 385 2320 Ὅσα,
418 2256 518 2308 εἰτ’
547 2258 628 2310 ἔτι
657 2258 768 2327 (65)
800 2258 879 2329 τῷ
908 2258 1199 2330 ἀνθρώπου
1238 2258 1353 2331 (66)
1393 2260 1496 2332 βίῳ
1523 2261 1789 2333 ἐπεδήμει

208 2349 243 2398 ὁ
288 2347 480 2418 Σωτὴρ
528 2349 648 2402 καθ’
678 2350 736 2403 δν
771 2350 961 2421 καιρὸν
997 2352 1027 2403 ό
1074 2348 1286 2415 Παῦλος
1311 2353 1616 2423 ἐκήρυσσεν
1649 2354 1785 2425 (67),

211 2439 417 2492 ἔπαθεν
447 2440 514 2493 ἂν
542 2442 829 2507 διδάσκων,
856 2445 947 2498 καὶ
974 2443 1063 2497 διά
1099 2444 1200 2514 τῆς
1229 2446 1539 2515 παρουσίας
1564 2447 1647 2502 ἔτι
1674 2448 1787 2517 (68)

209 2532 309 2583 τοῦ
342 2532 661 2603 πλάσματος
707 2536 1121 2605 προνοούμενος,
1152 2538 1341 2591 ἐκεῖνα
1371 2538 1468 2592 νῦν
1497 2539 1722 2610 πάσχων
1756 2543 1786 2595 ό

214 2622 429 2685 Παῦλος
475 2626 883 2697 ἀνταναπληροῐ
923 2628 994 2680 τά
1022 2627 1378 2698 ὑστερήματα
1405 2630 1517 2683 τῶν
1550 2631 1786 2700 θλίψεων

219 2714 321 2767 τοῦ
370 2715 627 2785 Χριστοῦ.
674 2716 847 2771 Τοῦτο
885 2720 994 2787 γὰρ
1025 2719 1227 2788 μᾶλλον
1255 2720 1553 2790 ἐγγύτερον
1594 2723 1688 2775 καὶ
1714 2725 1782 2793 τῇ

209 2806 307 2859 τοῦ
331 2810 571 2877 ῥήματος
589 2809 845 2877 ιμφάσει.
874 2811 947 2863 οὑ
973 2811 1079 2880 γὰρ
1098 2811 1287 2874 ἁπλῶς
1318 2829 1504 2881 φησιν,
1521 2813 1784 2886 Ἀναπλη·

208 2898 319 2966 ρῶ,
344 2900 481 2964 ἀλλ’,
518 2901 997 2969 Ἀνταναπληρῶ.
1025 2904 1322 2967 τουτέστιν,
1339 2905 1484 2958 Ἀντὶ
1512 2907 1782 2959 Δεσπότου

208 2991 314 3041 καὶ
342 2991 666 3046 διδασκάλου
709 2995 737 3046 ὁ
769 2993 958 3057 δοῦλος
984 2995 1095 3062 ἐγὼ
1124 2998 1217 3049 καὶ
1250 2996 1497 3068 μαθητὴς
1522 3000 1622 3068 τὴν
1646 2998 1782 3052 εκεί-

206 3097 306 3133 νου
334 3081 609 3136 διακονίαν
634 3085 904 3149 ὑπελθὼν,
936 3088 1028 3139 καὶ
1049 3087 1116 3140 τά
1149 3089 1501 3157 ὑστερήματα
1528 3090 1636 3143 τῶν
1664 3092 1779 3144 θλί-

203 3170 363 3235 ψεων
408 3173 577 3225 αὑτοῦ
616 3175 1042 3247 ἀνταναπληρῶ.
1078 3180 1144 3231 ’Δ
1192 3178 1298 3250 γὰρ
1329 3180 1396 3233 ἂν
1433 3181 1639 3245 ἐκεῖνος
1677 3182 1779 3236 ὑπ-

203 3265 371 3335 έστη,
402 3267 480 3337 μή
510 3268 888 3339 ωραθέμενός
914 3242 1004 3339 μοι
1037 3270 1135 3341 τὴν
1160 3242 1457 3336 δίακονίαν,
1488 3242 1783 3345 ἑπεὶνπαρ-
1810 3242 1852 3301 c

210 3357 412 3411 έλαὸον
454 3360 682 3430 ταύτην,
732 3362 961 3425 είκότως
1002 3365 1096 3417 καὶ
1154 3363 1224 3417 τά
1276 3365 1630 3435 ὑστερήματα
1676 3368 1786 3420 τῶν

211 3448 451 3516 θλίψεων
477 3452 640 3503 αὑτοῦ
660 3454 721 3505 ὲν
744 3452 824 3519 τῷ
854 3454 1068 3523 σώματί
1101 3472 1203 3524 μου
1234 3456 1783 3529 ἀνταναπληρῶ.”οτι

202 3540 271 3591 δὲ
301 3540 535 3609 διάδοχοι
568 3543 667 3611 τῆς
694 3545 1031 3614 Δεσποτικῆς
1058 3546 1335 3610 διακονίας
1364 3547 1711 3618 κατέστηραν
1733 3550 1783 3602 oi

211 3632 481 3700 μαθηταὶ,
536 3636 629 3687 καὶ
660 3635 952 3705 ἀλλαχόθεν
994 3640 1091 3703 μὲν
1121 3638 1271 3691 εστιν
1295 3639 1357 3692 οὐ
1386 3640 1624 3709 χαλεπὸν
1657 3658 1784 3695 συν-

206 3724 368 3788 εδεῐν,
394 3726 618 3794 ἀρκέσει
647 3726 704 3781 δι
746 3727 1025 3781 κάνταῦθα
1051 3729 1262 3792 Παῦλος
1291 3730 1487 3800 ἑαυτῷ.
1523 3750 1547 3782 ε
1569 3732 1650 3786 Τά
1675 3733 1784 3804 γὰρ

209 3816 417 3877 πάντα,
472 3823 658 3886 φησιν,
718 3821 783 3873 ὲκ
830 3820 925 3873 τοῦ
979 3821 1155 3887 Θεοῦ,
1198 3822 1292 3876 τοῦ
1350 3824 1784 3888 καταλλάξαντος

207 3906 361 3974 ἡμᾶς
390 3907 568 3976 ἑαυτῷ
593 3908 683 3961 διά
718 3909 895 3979 Ἰησοῦ
919 3912 1177 3982 Χριστοῦ,
1204 3914 1298 3966 καὶ
1315 3912 1496 3974 δόντος
1525 3916 1658 3985 ήμῖν
1684 3915 1783 3986 τὴν

204 3995 491 4051 διακονίαν
520 3998 618 4068 τῆς
654 3999 1025 4071 καταλλαγῆς.
1060 4021 1079 4054 ε
1114 4003 1244 4067 Καὶ,
1284 4021 1304 4053 ε
1345 4004 1519 4075 ’Υπὲρ
1543 4005 1779 4077 Χριστοῦ

204 4087 609 4157 πρεσϐεύομεν.
640 4089 715 4152 ὡς
748 4091 843 4144 τοῦ
872 4090 1008 4144 Θεοῦ
1031 4092 1476 4163 παρακαλοῦντος
1500 4094 1571 4148 δι’
1603 4095 1779 4165 ἡμῶν,

202 4178 456 4247 δεόμενοι
511 4181 653 4251 ὑπὲρ
700 4184 978 4253 Χριστοῦ,
1025 4186 1401 4256 καταλλάγητε
1448 4187 1527 4257 τῷ
1577 4188 1718 4257 Θεῷ.
1755 4207 1775 4241 ε

204 4270 425 4340 Ὥσπερ
453 4267 545 4324 οὖν
576 4275 670 4326 τὸν
710 4277 808 4342 τῆς
836 4277 1179 4346 καταλλαγῆς
1212 4278 1370 4347 λόγον
1398 4278 1782 4350 ίχληρώσαντο

200 4364 255 4414 οἱ
291 4362 569 4433 μαθηταὶ,
618 4368 709 4419 καὶ
759 4368 1150 4437 πρεσϐεύουσιν
1175 4369 1317 4441 ὑπὲρ
1350 4370 1609 4437 Χριστοῦ.
1637 4370 1781 4425 οὕτω

201 4458 327 4518 καὶ,
360 4457 503 4526 ἀπερ
534 4458 763 4526 ἔμελλεν
789 4462 1041 4529 πάσχειν,
1074 4462 1156 4514 ἔτι
1183 4461 1593 4533 τὴνδιακονίαν
1617 4461 1779 4526 αὑτὸς

1900 1996 2152 2055 superest
2173 2025 2188 2049 ,
2234 1995 2295 2039 ut
2326 2000 2535 2040 mecum
2569 1987 2862 2057 disquiras.
2893 1986 3056 2055 Cave,
3087 1987 3160 2043 ita
3197 1990 3301 2044 hoc
3320 1990 3466 2045 acci-

1898 2078 2037 2147 pias,
2058 2092 2123 2132 ac
2150 2078 2195 2133 si
2223 2077 2473 2135 Christus
2498 2094 2604 2134 non
2628 2081 2808 2134 omnia
2835 2096 2956 2150 quae
2982 2080 3189 2150 perpeti
3211 2082 3462 2145 debebat,

1895 2184 2187 2241 perpessus
2208 2172 2279 2227 sit
2309 2188 2322 2225 :
2358 2187 2533 2242 neque
2561 2173 2708 2229 enim
2744 2175 3041 2244 quidquam
3070 2174 3178 2229 ulla
3205 2175 3258 2229 in
3287 2189 3346 2229 re
3372 2192 3462 2230 re-

1896 2260 2101 2329 liquum
2134 2260 2261 2317 fecit
2288 2279 2303 2328 ;
2332 2265 2426 2319 sed
2457 2264 2627 2333 gratia
2650 2265 2770 2334 ejus
2795 2265 3281 2334 superabundavit.
3314 2262 3463 2331 Quas

1895 2352 2060 2421 igitur
2092 2353 2355 2424 reliquias
2382 2352 2586 2411 Paulus
2617 2356 2834 2426 supplet
2860 2357 2883 2409 ?
2924 2356 3027 2411 Eas
3059 2357 3293 2419 scilicet,
3322 2372 3462 2426 quas

1894 2444 2184 2510 Salvator,
2226 2447 2493 2516 siquidem
2534 2448 2714 2502 adhuc
2754 2447 2894 2503 inter
2936 2447 3190 2501 homines
3242 2446 3459 2510 fuisset,

1891 2553 2016 2594 cum
2049 2537 2251 2593 Paulus
2283 2538 2553 2608 przecouio
2586 2539 2857 2609 Evangelii
2890 2538 3229 2608 fungeretur,
3258 2538 3460 2595 docens

1891 2627 2027 2697 ipse,
2077 2638 2132 2683 et
2184 2644 2420 2698 praesens
2462 2638 2834 2700 creaturseque
2873 2645 2987 2685 suat
3040 2644 3230 2684 curam
3270 2645 3457 2699 agens,

1891 2730 2253 2785 perpessurus
2275 2728 2413 2782 erat,
2448 2718 2565 2783 has,
2597 2719 2841 2788 inquam,
2865 2721 3277 2789 perpessionuin
3298 2719 3459 2775 Chri-

1892 2810 1960 2863 sti
1991 2810 2254 2877 reliquias
2280 2808 2482 2865 Paulus
2513 2810 2631 2879 ipse
2658 2810 2868 2880 patiens
2888 2847 2903 2873 ,
2949 2825 3048 2879 pro
3080 2810 3200 2880 ipso
3237 2811 3460 2880 supple-

1890 2899 1995 2953 bat.
2076 2899 2193 2955 Hoc
2222 2900 2431 2956 scilicet
2461 2902 2622 2956 etiam
2662 2902 2730 2956 ad
2761 2902 2907 2957 verbi
2934 2943 2949 2968 ,
2994 2916 3107 2972 quo
3137 2904 3345 2969 utitur,
3373 2902 3457 2957 ef-

1888 2989 2138 3045 ficaciam
2199 2990 2424 3060 propius
2466 2990 2695 3045 accedit.
2736 2988 2924 3058 Neque
2954 2990 3102 3044 enim
3135 2990 3459 3059 simpliciter

1887 3082 1965 3135 ait
1986 3081 2309 3152 dvanlqu’t,
2346 3083 2439 3137 sed
2460 3080 2881 3151 ἀνταναπληρῶ,
2921 3081 2977 3134 h.
3014 3096 3070 3135 e.
3095 3079 3201 3134 Pro
3224 3081 3458 3136 Domino

1885 3180 1939 3226 et
1983 3170 2242 3241 magistro
2284 3186 2475 3228 servus
2513 3187 2615 3243 ego
2650 3182 2706 3228 et
2740 3173 3045 3244 discipulus
3088 3172 3456 3229 ministerium

1884 3262 2005 3331 ejus
2027 3264 2335 3333 suscipiens
2380 3264 2638 3332 reliquias
2671 3278 2841 3335 prope
2875 3264 3195 3333 passionum
3224 3265 3345 3334 ejus
3373 3265 3458 3319 vi.

1887 3356 2075 3411 cissim
2106 3356 2355 3426 suppleo.
2385 3355 2518 3423 Quae
2545 3357 2691 3411 enim
2724 3357 2813 3412 ille
2839 3372 3131 3427 perpessus
3163 3367 3283 3422 est,
3325 3372 3453 3413 cum

1888 3447 2130 3502 nondum
2148 3448 2290 3502 mihi
2326 3448 2465 3502 hanc
2486 3448 2821 3517 provinciam
2850 3449 3208 3515 credidisset,
3232 3463 3450 3511 eorum,

1886 3548 2172 3610 postquam
2204 3541 2348 3594 illam
2391 3541 2638 3610 suscepi,
2685 3541 2941 3611 reliquias
2978 3542 3032 3595 in
3076 3556 3306 3612 corpore
3330 3558 3454 3597 meo

1885 3630 2139 3699 supplere
2172 3630 2442 3685 convenit.
2473 3628 2627 3695 Quod
2654 3645 2787 3683 vero
2826 3631 3078 3700 discipuli
3103 3646 3454 3691 successores

1887 3723 2101 3779 Domini
2150 3723 2205 3777 in
2252 3723 2555 3778 ministerio
2601 3738 2701 3777 suo
2740 3724 3023 3779 constituti
3083 3727 3229 3790 sint,
3284 3728 3449 3782 etiam

1886 3814 2103 3870 aliunde
2126 3830 2234 3870 non
2268 3814 2553 3872 dimculter
2580 3816 2931 3887 intelligitur;
2965 3819 3054 3873 hic
3080 3835 3212 3873 veru
3247 3819 3449 3878 Paulus

1885 3903 2000 3974 ipse
2032 3904 2138 3959 sibi
2178 3903 2471 3961 suﬂ‘ecerit.
2509 3922 2529 3957 ι
2552 3903 2749 3959 Omnia
2776 3908 2920 3961 enim
2941 3948 2955 3973 ,
2993 3908 3211 3977 inquit,
3239 3924 3307 3964 ex
3340 3910 3450 3965 Deo

1884 4005 2033 4060 sunt,
2055 3996 2148 4064 qui
2173 4009 2275 4050 nos
2296 3996 2399 4051 sibi
2423 3996 2796 4051 reconciliavit
2817 4012 2913 4065 per
2932 3996 3119 4053 Jesunt
3142 3998 3448 4065 Christum,

1885 4086 2153 4155 nobisque
2212 4086 2611 4141 conciliationis
2666 4087 3031 4143 ministerium
3078 4090 3297 4145 tradidit
3318 4094 3385 4146 θ’.
3422 4108 3444 4144 ε

1884 4179 2015 4233 item
2047 4197 2061 4233 :
2093 4197 2115 4231 ι
2148 4176 2251 4234 Pro
2278 4179 2497 4235 Christo
2532 4179 2805 4249 legatione
2842 4180 3121 4251 fungimur
3145 4228 3157 4249 ,
3188 4194 3449 4253 tanquam

1884 4270 1996 4325 Deo
2037 4271 2348 4327 obtestante
2393 4286 2488 4341 per
2538 4285 2639 4326 nos
2688 4287 2786 4340 pro
2827 4270 3045 4328 Christo
3080 4277 3449 4329 :recoucilie-

1884 4362 2021 4417 mini
2054 4360 2164 4417 Deo
2186 4362 2289 4415 “.s
2325 4362 2479 4418 Sicut
2512 4363 2675 4431 igitur
2705 4364 2930 4417 verbum
2985 4366 3445 4420 reconciliationis

1884 4456 2027 4509 nacti
2059 4461 2187 4508 sunt
2216 4453 2469 4523 discipuli
2496 4492 2511 4517 ,
2544 4462 2709 4521 atque
2741 4454 2876 4508 adeo
2905 4470 3003 4524 pro
3032 4454 3253 4510 Christo
3298 4458 3444 4525 lega-

198 4548 517 4619 ἐκπληρῶν,
534 4552 686 4604 αὐτοὶ
707 4552 881 4605 ταῦτα
915 4555 975 4605 ἐν
1003 4554 1082 4623 τῷ
1105 4552 1321 4621 σώματι
1340 4552 1521 4605 αὑτῶν
1551 4553 1777 4617 είκότως
1807 4578 1855 4639 D

1807 4578 1855 4639 υ
1881 4549 2029 4603 tione
2068 4547 2406 4619 funguntur;
2439 4548 2510 4600 ita
2532 4548 2692 4600 etiam
2723 4562 2806 4607 ea,
2834 4562 2953 4615 quae
2981 4547 3232 4602 Christus
3267 4550 3441 4603 adhuc

200 4642 735 4713 ἀνταναπληροῦσιν.
768 4647 876 4698 Καὶ
902 4645 1014 4718 [ἐκ]
1043 4647 1248 4699 τούτων
1276 4647 1507 4714 μάλιστα
1539 4645 1769 4709 Παῦλος,

196 4733 259 4793 ὃς
288 4732 509 4803 θαρρῶν
534 4739 645 4799 τοῖς
667 4737 848 4807 ἔργοις
876 4738 1019 4805 λέγει
1055 4739 1186 4809 (69),
1210 4756 1229 4788 ι
1256 4736 1478 4801 Οὐδενὸς
1501 4736 1609 4790 τῶν
1631 4736 1771 4805 ὑπὲρ

197 4825 331 4877 λίαν
360 4826 671 4880 ἀποστόλων
724 4828 1020 4899 ὑστέρησα.
1062 4847 1079 4879 ι
1128 4829 1237 4882 Καὶ
1286 4828 1513 4891 σκόπει,
1561 4830 1768 4899 ὅπωςή

197 4920 306 4983 τῆς
363 4915 596 4986 θεωρίας
649 4920 852 4989 ταύτης
920 4919 1144 4987 ἐπιϐολὴ
1202 4918 1354 4973 οὐδὲν
1397 4920 1772 4989 προϋπέσχετο

198 5006 441 5076 κομψόν.
466 5008 561 5062 οΤό
583 5026 640 5061 τε
673 5012 781 5079 γὰρ
826 5010 1111 5079 ὑστέρημα
1158 5008 1257 5061 οὑκ
1300 5008 1633 5075 ἐκϐιάζεται,
1664 5009 1775 5062 ἀλλ’

251 5216 301 5245 ’⁸
334 5209 374 5265 II
404 5211 529 5267 Cor.
555 5227 629 5273 ιι,
671 5211 723 5265 5.
821 5210 866 5243 ’⁸
908 5209 1040 5267 ibid.
1067 5212 1120 5264 9.
1196 5214 1238 5244 ’⁷
1271 5211 1311 5264 II
1341 5211 1467 5267 Cor.
1498 5228 1550 5276 ν,
1582 5212 1667 5267 l8.

268 5508 386 5575 (64)
417 5506 492 5561 Ita
520 5506 677 5562 Colb.
708 5522 808 5577 pro
830 5508 1048 5561 ἅπαντα
1078 5504 1376 5577 πληρώσει.

266 5574 391 5645 (65)
446 5577 537 5632 Sic
583 5574 763 5633 scribo
814 5592 911 5647 pro
944 5578 1054 5630 εἴτε
1106 5574 1358 5645 τι,’‹ιυο‹1
1392 5577 1560 5630 estin
1599 5574 1767 5631 Coisl.

184 5648 591 5716 Coniecturam
622 5648 808 5704 firmat
834 5658 947 5702 tum
978 5663 1196 5714 sensus,
1236 5657 1348 5701 tum
1386 5662 1509 5701 mox
1536 5662 1770 5715 sequens

186 5717 389 5861 “2.66)
413 5786 470 5843 In
494 5786 656 5844 Coisl.
684 5796 767 5843 est
792 5787 1081 5858 ἀνθρώπῳ.
1118 5786 1245 5855 Legi
1276 5788 1438 5842 etiam
1465 5796 1647 5857 posse;
1674 5788 1769 5840 ἀν-

1882 4656 2239 4713 perpessurus
2283 4651 2434 4705 erat,
2482 4641 2526 4693 si
2563 4640 2864 4693 ministerio
2892 4641 2983 4693 ilio
3024 4641 3257 4708 amplius
3298 4649 3443 4695 esset

1879 4734 2219 4805 perfunctus,
2251 4735 2352 4803 ipsi
2383 4747 2598 4802 quoque
2643 4733 2696 4784 in
2732 4747 2959 4801 corpore
2986 4746 3087 4786 suo
3113 4733 3444 4787 convenien-

1878 4836 1962 4881 ter
1994 4843 2091 4896 pro
2139 4828 2257 4896 ipso
2301 4827 2570 4881 sustinent
2600 4833 2653 4877 et
2682 4823 2946 4892 implent;
3000 4824 3141 4877 inter
3186 4839 3283 4879 eos
3313 4839 3440 4878 vero

1880 4918 1965 4972 vel
1998 4918 2237 4971 maxime
2270 4916 2487 4978 Paulus,
2522 4915 2615 4985 qui
2649 4913 2804 4969 factis
2835 4916 2949 4969 suis
2979 4914 3245 4977 conlisus,
3275 4915 3436 4969 dicit:

1883 5027 1901 5058 ε
1934 5006 2089 5063 Nullo
2120 5022 2308 5064 eorum
2334 5048 2350 5075 ,
2398 5006 2489 5076 qui
2534 5004 2688 5059 valde
2718 5014 2844 5061 sunt
2890 5005 3161 5074 apostoli,
3213 5003 3437 5060 inferior

1744 5214 1787 5243 ³⁸
1818 5213 1947 5270 ibid.
1978 5214 2063 5269 20.

1777 5380 2008 5447 NOT/E.

1877 5508 2149 5577 ορωπίνῳ.

1950 5579 2062 5646 (6⁸2)
2088 5581 2255 5637 Coisl.
2286 5582 2425 5636 male
2446 5586 2498 5634 et
2516 5578 2666 5632 nullo
2686 5591 2868 5639 sensit,
2902 5574 3202 5645 ἐκείρυσεν.

1968 5648 2056 5717 68)
2079 5651 2160 5703 ἔτι
2191 5667 2257 5706 ex
2278 5651 2429 5706 Colb.
2464 5664 2559 5718 pro
2585 5665 2644 5700 τε
2674 5650 2761 5709 τά,
2786 5646 3126 5702 Coisliuiani.

1971 5719 2058 5787 69)
2088 5720 2253 5780 Coial.
2289 5724 2427 5777 male
2463 5717 2478 5773 ἑ
2506 5721 2534 5772 ὁ
2556 5718 2773 5789 θαρρῶν
2800 5722 2909 5781 τοῖς
2938 5718 3119 5783 ἔργοις
3155 5717 3353 5770 λέγειν
