4200 6444
718 405 818 472 711

1869 406 2127 467 PIIOTII
2170 405 2672 467 PATRIABCIIIE
2695 406 2804 466 (ΖΡ.

3873 402 3992 465 712

719 536 840 576 sum
866 522 930 574 “.
966 539 984 570 ›
1021 517 1154 572 Vide
1214 533 1342 571 vero
1387 526 1644 585 przeterea
1698 518 2097 586 expositionem
2154 519 2294 571 lianc

2416 519 2476 582 είς
2523 520 2584 570 τὺ
2630 518 2751 580 ἔθος
2797 516 2964 584 ἀνῆκε
3009 515 3271 586 φέρεσθαι
3315 516 3413 584 τῆς
3471 515 3714 584 Γραφῆς,
3767 519 3864 568 καὶ
3917 517 3991 567 τὰ

722 615 795 666 ita
825 619 1194 679 comparatam
1223 623 1379 670 esse,
1425 619 1483 661 ut
1523 608 1659 662 nihil
1710 607 1942 662 uﬂ‘ectati
1976 624 2161 662 secum
2206 607 2285 662 fe-

721 711 825 756 rat.
860 701 974 755 Vox
1015 702 1161 754 enim
1187 699 1472 768 ὑστέρημα
1514 699 1719 752 nullam
1768 699 1877 751 vim
1912 699 2156 766 patitur,
2195 697 2290 752 sed

720 805 788 842 ex
827 796 1091 842 consueto
1120 787 1416 854 Scriptura:
1447 801 1545 838 usu
1573 785 1899 854 explicatur.
1932 783 2136 838 Paulus
2165 799 2290 838 vero

721 882 812 933 illa
850 879 1208 948 ὑστερήματα
1243 878 1497 946 supplet,
1545 893 1652 931 non
1703 891 1826 947 quae
1864 876 2186 946 simpliciter
2208 891 2293 931 re-

722 971 870 1039 liqua
899 969 1043 1024 facta
1077 970 1205 1034 sint,
1234 977 1347 1032 aut,
1378 968 1521 1038 quod
1561 966 1828 1022 Salvatori
1867 967 2164 1037 quidquam
2194 966 2292 1022 de-

723 1059 910 1119 fuerit,
944 1059 1087 1126 quod
1128 1059 1426 1113 absurdum
1455 1059 1603 1113 dictu
1639 1057 1782 1113 foret
1811 1075 1828 1124 ;
1864 1059 1956 1114 sed
2005 1059 2118 1122 illa,
2145 1074 2290 1128 quae,

723 1150 772 1204 si
815 1149 1178 1205 ministerium
1207 1150 1312 1204 hoc
1371 1147 1543 1203 Paulo
1590 1150 1820 1218 aliisque
1858 1150 2140 1218 discipulis
2175 1150 2291 1205 suis

724 1256 831 1295 non
862 1241 1247 1307 commisisset,
1272 1255 1632 1311 perpessurus
1659 1251 1796 1307 erat,
1819 1250 1874 1296 et
1895 1241 2292 1307 exantlaturus,

727 1331 1188 1399 quemadmodum
1235 1341 1396 1386 antea
1439 1331 1712 1401 prteconio
1773 1334 1892 1401 ipse
1936 1329 2194 1400 fungens,
2244 1340 2299 1386 et

2396 611 2748 678 ὑστερήματα
2789 611 2817 661 6
2853 606 3063 669 Παῦλος
3114 608 3458 676 ἀναπληροῖ,
3495 610 3592 677 οὐχ
3640 612 3743 661 ὅσα
3787 607 3990 666 ἁπλῶς

2396 699 2716 768 ὑστέρησεν,
2745 699 2854 750 οὐδ’
2886 700 2970 751 ὅτι
3001 699 3306 766 ὑστέρησεν
3330 715 3382 749 τι
3423 699 3452 750 6
3491 698 3703 768 Σωτὴρ,
3730 700 3874 766 ὅπερ
3919 692 3993 767 ἧι

2396 790 2653 859 φορτικόν
2677 807 2691 821 ο
2714 789 2829 844 ἀλλ’
2860 791 2960 842 ὅσα
2994 791 3069 859 μὴ
3113 790 3494 858 παραθέμενος
3540 791 3640 857 τὴν
3699 791 3994 843 διακονίαν

2397 881 2596 950 Παύλῳ
2643 882 2737 934 καὶ
2793 884 2904 944 τοῖς
2951 881 3130 942 ἄλλοις
3162 880 3472 949 ὁμιληταῖς,
3529 879 3730 933 ἔπαθεν
3780 881 3852 932 ἂν
3894 883 3997 932 καὶ

2399 973 2632 1041 ὑπέστη,
2660 972 2783 1025 καθ’
2831 972 2889 1025 ὃν
2917 972 3119 1043 τρόπον
3143 972 3240 1025 καὶ
3290 971 3422 1040 πρὶν
3450 972 3746 1040 κηρύσσων
3771 972 3871 1024 καὶ
3901 972 3998 1022 εὐε-

2397 1061 2824 1131 αγγελιζόμενος
2874 1061 2979 1132 τὴν
3033 1061 3316 1130 βασιλείαν
3359 1060 3473 1113 τῶν
3524 1062 3793 1129 οὐρανῶν.
3848 1059 3998 1112 Ἀλλ’

2397 1153 2523 1222 ἐμοὶ
2572 1151 2672 1222 μέν
2704 1151 2828 1204 ὅσον
2877 1149 3292 1219 ἀφοσιώσασθαι
3341 1167 3434 1203 σου
3481 1151 3580 1218 τὴν
3615 1151 3787 1219 καλὴν
3829 1151 3998 1217 φιλο-

2403 1242 2598 1297 πονίαν
2649 1242 2891 1313 εἰρήσθω
2941 1243 3136 1296 ταῦτα.
3187 1243 3252 1295 Ei
3297 1241 3356 1295 δέ
3393 1259 3495 1305 -τις
3561 1243 3657 1295 καὶ
3714 1239 4000 1310 ὀψιγόνων

2409 1332 2634 1403 ἄμεινόν
2659 1349 2714 1384 τι
2742 1332 3010 1402 θεωροίη,
3036 1334 3163 1402 ἐμοὶ
3189 1333 3246 1386 δὲ
3277 1333 3389 1402 ἄρα
3413 1334 3509 1387 καὶ
3540 1332 3702 1387 τοῦτο
3733 1333 3922 1400 φίλον.

727 1441 954 1496 regnum
1015 1426 1277 1479 caelorum
1357 1427 1731 1490 annuntians,
1805 1426 2232 1496 perpetiebatur.
2299 1425 2406 1481 Sed
2480 1429 2597 1483 hac
2642 1427 2862 1499 quidem
2928 1409 3113 1483 studio
3177 1438 3272 1482 tuo
3317 1428 3583 1498 praeclaro
3626 1427 4004 1482 velim-antem

726 1515 935 1570 dixisse
959 1557 976 1582 ,
1004 1513 1296 1569 suﬂecerit.
1325 1512 1384 1569 Si
1422 1515 1547 1584 quis
1578 1525 1920 1583 posterorum
1963 1515 2194 1570 rectiora
2222 1516 2581 1585 perspexerit,
2622 1530 2726 1572 nec
2763 1516 2856 1570 illa
2886 1515 3019 1570 mihi
3053 1517 3441 1587 displicebunt.

727 1651 1054 1718 QUIESTIO
1087 1649 1272 1706 CXXII
1323 1649 1512 1722 [CoisL
1552 1647 1783 1716 CXLIV,
1829 1649 1993 1704 Taur.
2039 1646 2299 1718 CXLIII].

733 1743 892 1796 «Non
921 1751 997 1797 cst
1023 1743 1172 1798 nobis
1207 1743 1354 1795 lucta
1382 1742 1629 1796 adversus
1651 1757 1863 1795 carnem
1895 1748 1945 1793 et
1971 1741 2303 1808 sanguinem,

799 1813 891 1866 sed
938 1813 1187 1864 adversus
1227 1813 1559 1881 principatus
1607 1821 1656 1865 et
1691 1810 2304 1881 potestates,__adversus

799 1883 985 1936 mundi
1012 1881 1169 1948 hujus
1200 1878 1462 1947 rectores,
1507 1878 1757 1934 adversus
1784 1878 2093 1947 spiritantia
2126 1881 2310 1948 nequi-

804 1952 894 2005 tia:
923 1953 980 2005 in
1015 1951 1302 2011 calestibus
1327 1953 1367 2004 ⁸.
1398 1969 1418 2002 ι

2925 1652 3264 1706 ΕΡΩΤΗΣΙΣ
3298 1652 3473 1707 PKB'.

2414 1759 2433 1792 ι
2617 1743 2802 1815 ’ἐστιν
2833 1741 2980 1815 ἡμῖν
3029 1743 3194 1815 ,πάλη
3243 1746 3394 1813 πρὸς
3440 1740 3584 1815 αἷμα
3609 1744 3732 1815 καί,
3767 1743 4006 1810 σάρκα,

2477 1811 2641 1865 ἀλλὰ
2696 1812 2846 1878 πρὸς
2887 1812 2993 1875 τὰς
3042 1813 3251 1880 ἀρχὰς,
3286 1811 3458 1880 ἡπρὸς
3498 1811 3621 1879 ’τὰς
3677 1813 4008 1877 ἐξουσίας,

2479 1881 2631 1952 πρὸς
2659 1883 2801 1946 τοὺς
2828 1882 3320 1949 κοσμοκράτορας·
3344 1885 3452 1938 τοῦ
3487 1887 3720 1952 κόσμου
3747 1885 4008 1952 τοῦτον.

2479 1949 2630 2023 πρὸς
2675 1954 2764 2023 τὰ,
2799 1955 3174 2018 πνευματικὰ
3235 1953 3345 2020 τῆς
3402 1949 3694 2023 πονηρίας
3745 1953 3815 2007 ἐν’
3871 1950 4011 2015 τοῖς

2334 2035 2378 2090 Β
2475 2020 2874 2089 ἐπουρανίοις.
2920 2038 2939 2071 ι

1321 2150 1571 2203 Editarum
1615 2164 1644 2200 a
1684 2151 1860 2201 Wolﬁo
1883 2150 2088 2214 septima
2123 2151 2180 2213 (1.
2207 2164 2272 2212 c.,
2299 2165 2349 2215 p.
2388 2151 2620 2206 796-752.
2653 2155 2876 2208 Galland.
2909 2172 2957 2221 p.
2984 2158 3213 2218 ττι-729,
3237 2171 3288 2206 n.
3322 2159 3423 2217 23).

808 2258 1155 2328 Principatus
1188 2271 1243 2313 et
1292 2268 1594 2327 potestates
1622 2268 1783 2314 vocat
1828 2259 2052 2327 spiritus
2100 2258 2154 2311 in
2185 2272 2311 2312 aere

733 2361 1020 2406 versantes
1063 2361 1118 2404 et
1163 2351 1360 2413 malos,
1398 2367 1510 2404 non
1550 2351 1711 2419 quasi
1759 2351 1836 2404 illi
1886 2358 2207 2418 potestatem
2255 2348 2309 2402 in

737 2457 838 2496 nos
865 2442 945 2495 vel
975 2456 1077 2494 suo
1103 2442 1346 2510 quodam
1382 2443 1506 2509 jure
1536 2480 1551 2505 ,
1584 2442 1668 2496 vel
1714 2441 1975 2496 divinitus
2024 2441 2308 2506 haberent,

735 2533 834 2587 sed
866 2534 1013 2598 quod
1045 2546 1145 2587 nos
1177 2533 1275 2600 ipsi
1303 2534 1540 2601 peccatis
1577 2546 1680 2585 nos
1709 2533 1989 2588 reddimus
2018 2532 2308 2594 obnoxios,

735 2633 976 2692 quorum
1035 2628 1248 2672 satorcs
1299 2625 1354 2670 et
1396 2626 1632 2671 statores
1664 2626 1793 2672 sunt
1838 2617 2163 2680 dannones;
2213 2617 2307 2683 qui

737 2708 966 2777 proinde
998 2707 1300 2761 dominium
1350 2717 1406 2761 et
1453 2715 1777 2776 potestatem
1819 2723 1914 2776 per
1959 2722 2058 2768 ea,
2112 2706 2313 2774 quibus

738 2800 881 2868 ipsis
929 2800 1364 2869 morigeramur,
1407 2799 1460 2852 in
1509 2813 1612 2852 nos
1646 2808 1920 2853 exercent.
1975 2797 2123 2851 Idem
2165 2797 2312 2852 cnim

735 2893 822 2946 vir
860 2902 1084 2947 sanctus
1123 2892 1198 2945 ait
1228 2909 1241 2944 :
1279 2909 1296 2940 ι
1318 2893 1365 2943 Α
1395 2904 1504 2958 quo
1535 2890 1679 2943 enim
1717 2889 1952 2943 vincitur
1983 2887 2180 2956 aliquis
2200 2926 2216 2951 ,
2252 2887 2316 2939 il-

738 2984 845 3038 lius
876 2998 1098 3052 quoque
1127 2996 1318 3035 servus
1352 2980 1530 3035 factus
1556 2990 1641 3034 est
1663 2983 1705 3034 ’.
1729 3000 1746 3032 ι
1780 2979 2015 3045 Quando
2051 2979 2218 3046 igitur
2246 2978 2315 3032 ali

740 3073 954 3126 illorum
990 3072 1356 3125 incitamentis
1385 3079 1442 3124 et
1487 3071 1735 3124 consiliis
1765 3084 2126 3138 superamur,
2163 3078 2218 3122 ct
2259 3069 2313 3120 iu

738 3173 985 3231 peccata,
1013 3177 1135 3230 quze
1161 3161 1373 3224 volunt,
1399 3160 1760 3229 perpetranda
1791 3159 2031 3222 ruimus,
2064 3156 2179 3212 ﬁeri
2206 3174 2315 3210 non

740 3262 950 3321 potest,
992 3254 1125 3320 quin
1173 3253 1390 3306 eosdem
1418 3251 1673 3305 dominos
1714 3259 1768 3303 et
1813 3259 2071 3318 tyrannos
2103 3262 2313 3310 eorum,

739 3348 831 3414 qui
869 3346 992 3398 inde
1025 3347 1078 3397 in
1112 3346 1268 3398 nobis
1303 3345 1636 3403 excitantur,
1688 3342 1980 3396 alfectuum
2011 3342 2316 3394 constitua-

744 3451 889 3490 mus.
931 3435 1278 3489 Sanctissimi
1300 3435 1445 3488 enim
1475 3434 1712 3501 Spiritus
1745 3433 1994 3486 libertate
2022 3431 2126 3484 hoc
2154 3431 2316 3484 modo

741 3530 971 3599 privati,
1037 3539 1356 3597 nostroque,
1407 3544 1515 3596 quo
1571 3526 1725 3580 liberi
1783 3525 2137 3589 fruebantur,
2198 3509 2389 3594 jureC

738 3623 986 3689 spoliati,
1041 3636 1144 3675 nos
1200 3621 1349 3690 ipsos
1391 3620 1446 3672 in
1507 3633 1790 3674 servorum
1832 3617 2175 3687 peccatisque
2223 3617 2322 3672 ob-

742 3715 1030 3768 uoxiorum
1081 3713 1330 3767 ordinem
1372 3711 1808 3767 transcribimus.
1853 3708 2148 3778 Propterea
2199 3708 2323 3763 illos

745 3805 1000 3874 nequitia:
1048 3806 1276 3873 spiritus
1323 3819 1432 3857 non
1492 3804 1814 3873 simpliciter
1876 3801 2220 3871 principatus
2270 3809 2325 3854 et

743 3905 1068 3964 potestates,
1110 3896 1205 3949 sed
1247 3895 1433 3948 mundi
1497 3904 1736 3949 rectores
1782 3903 1838 3949 et
1884 3893 2101 3963 quidem
2133 3893 2320 3946 mundi

747 3985 909 4052 hujus
926 3987 1178 4054 appellat.
1198 3984 1452 4038 Mundum
1471 3999 1600 4039 vero
1615 3984 1704 4038 hic
1721 3981 2014 4052 non,,quod
2028 3982 2165 4037 alias
2179 3983 2324 4036 Scri-

745 4085 918 4144 pturae
935 4087 1209 4144 receptum
1228 4085 1668 4138 est,structuram
1687 4089 1752 4129 ex
1768 4074 1930 4138 caelo,
1950 4081 2114 4139 terra,
2127 4072 2322 4142 iisque,

745 4180 868 4232 qua:
885 4167 1060 4220 media
1094 4166 1459 4230 intercedunt,
1476 4174 1844 4228 constantem,
1866 4165 2098 4234 appellat
2121 4181 2135 4218 :
2156 4164 2320 4229 absit,

747 4262 809 4308 ut
866 4255 938 4308 ita
990 4267 1339 4319 statuamus;
1373 4254 1465 4309 sed
1523 4256 1790 4309 mundum
1841 4263 2000 4310 vocat
2050 4253 2321 4317 homines,

747 4345 1051 4400 mundanas
1106 4356 1162 4399 et
1226 4347 1476 4399 carnales
1535 4345 1861 4413 cupiditates
1922 4353 2322 4408 consectautes,

744 4444 909 4504 atque
945 4451 1009 4488 ea
1035 4475 1051 4500 ,
1091 4451 1211 4504 quas
1254 4437 1509 4490 sensibus
1549 4436 1905 4490 blandiuntur
1930 4473 1947 4498 ,
1981 4445 2327 4505 mentemque

745 4525 1110 4579 clIemiuatam
1161 4527 1418 4588 reddunt,
1444 4527 1831 4593 depereuntes.
1868 4524 1985 4580 Hoc
2013 4541 2176 4580 sensu
2207 4525 2325 4579 Sal-

745 4625 901 4668 vator
927 4616 993 4668 de
1019 4617 1301 4684 discipulis
1343 4616 1462 4671 suis
1490 4617 1739 4681 dicebat,
1799 4635 1819 4668 ι
1871 4615 2015 4685 quod
2056 4629 2166 4670 non
2216 4615 2327 4669 sint

744 4708 814 4761 de
844 4707 1101 4760 tnuudo’.
1122 4727 1141 4756 ι
1175 4707 1519 4762 Manifestum
1550 4708 1694 4762 enim
1724 4718 1846 4774 est,
1885 4707 2032 4778 quod
2069 4717 2124 4761 et
2153 4707 2230 4761 illi
2257 4707 2325 4760 ad

2498 2263 2699 2332 Ἀρχὰς
2726 2266 2820 2318 καὶ
2843 2265 3093 2331 ἐξουσίας
3127 2264 3391 2318 ἐκάλεσεν
3430 2263 3498 2318 ’.τὰ
3519 2265 3740 2334 ἐναέρια
3769 2267 3876 2318 καὶ
3903 2283 4015 2318 πο-

2411 2354 2551 2422 νηρὰ
2581 2356 2887 2425 πνεύματα,
2914 2357 3011 2426 οὐχ
3030 2356 3105 2419 ὡς
3137 2357 3312 2425 ἀρχὴν
3338 2356 3492 2426 ἡμῶν
3525 2356 3558 2424 ἢ
3592 2357 3836 2421 ἐξουσίαν
3874 2360 4015 2410 τινὰ

2409 2443 2672 2514 οἷκοθενῆ
2702 2445 2909 2498 ἄνωθεν
2939 2447 3276 2515 ἐσχηκότων,
3305 2446 3420 2499 ἀλλ’
3442 2446 3518 2509 ὼς
3542 2449 3660 2509 ταῖς
3689 2446 4016 2514 ἁμαρτίαις

2413 2535 2642 2597 ἑαυτοὺς
2695 2535 2852 2604 ἡμῶν
2897 2536 3295 2598 ἐκδεδωκότων,
3333 2530 3408 2589 ὧν
3458 2538 3595 2589 εἰσιν
3649 2538 3698 2588 οἱ
3738 2537 4018 2604 δαίμονες

2412 2626 2743 2695 ὑποσπορεῖς
2768 2643 2827 2678 τε
2864 2626 2977 2694 (70)
3007 2627 3100 2679 καὶ
3149 2627 3450 2695 ὐποςςῆται,
3484 2630 3709 2680 ἐκείνων
3739 2628 3855 2697 (7|)
3906 2629 4022 2694 τὴν

2413 2716 2588 2786 ἀρχὴν
2620 2719 2717 2771 καὶ
2753 2717 2853 2786 τὴν
2879 2718 3153 2783 ἐξουσίαν,
3182 2719 3250 2769 δι’
3285 2711 3361 2770 ὧν
3389 2718 3700 2787 πράττομεν
3715 2721 3781 2770 τὰ
3806 2720 4019 2772 αὐτῶν

2414 2807 2713 2876 θελήματα,
2739 2809 3192 2878 παρεσχημένων.
3243 2809 3354 2860 Καὶ
3394 2809 3503 2878 γάρ
3540 2825 3702 2878 φησιν
3748 2811 3774 2862 ό
3821 2811 4018 2872 αὐτὸς

2414 2897 2558 2968 ἱερὸς
2594 2897 2901 2965 ἄνθρωπος·
2960 2919 2978 2949 ι
3014 2893 3084 2969 ᾯ
3133 2900 3244 2970 γάρ
3279 2916 3364 2962 τις
3399 2901 3650 2970 ἥττηται,
3695 2901 3875 2968 τούτῳ
3913 2907 4019 2954 καὶ

2412 2989 2750 3043 δεδούλωται.
2791 3010 2809 3043 ι
2861 2992 3192 3061 Ὶίττώμενοι
3239 2990 3372 3059 γοῦν
3405 2995 3518 3055 τοῖς
3561 2992 3781 3044 ἐκείνων
3809 2993 4019 3060 ἐρεθι-

2417 3085 2574 3151 σμοῖς
2613 3084 2708 3134 καὶ
2735 3083 3062 3154 ὑποθήκαις,
3109 3085 3226 3148 καὶ,
3269 3085 3407 3153 πρὸς
3457 3083 3494 3136 ἃ
3555 3083 3830 3152 βούλονται
3906 3086 4020 3152 τῆς

2414 3172 2690 3242 ἁμαρτίας
2735 3173 2895 3241 ἔργα,
2933 3174 3247 3244 φερόμενοι,
3293 3175 3520 3237 εἰκότως
3540 3175 3606 3226 ἂν
3635 3175 3756 3235 τοὺς
3793 3175 4019 3241 ἄρχον-

2414 3278 2512 3324 τας
2540 3263 2634 3316 καὶ
2665 3263 3018 3328 ἐξουσιαστὰς
3047 3265 3158 3316 τῶν
3187 3266 3247 3316 ἐν
3275 3267 3411 3334 ἡμῖν
3452 3265 3662 3318 ἐκεῖθεν
3702 3268 4017 3332 φυομένων

2416 3354 2604 3405 παθῶν
2634 3355 3001 3422 καθιστῶμεν,
3031 3356 3127 3407 ᾶτε
3169 3354 3233 3423 δὴ
3263 3357 3360 3424 τῆς
3401 3356 3501 3424 μὲν
3549 3353 3860 3422 ἐλευθερίας
3913 3356 4022 3407 τοῦ

2421 3443 2688 3507 παναγίου
2740 3444 3078 3511 Πνεῦματος,
3109 3447 3204 3496 καὶ
3256 3445 3320 3495 τὸ
3375 3445 3474 3511 τῆς
3514 3445 4022 3514 αὐτεξουσιότητος

2423 3530 2767 3602 ἀφῃρημένοι
2784 3531 2990 3604 κύριον,
3023 3535 3102 3596 εἰς
3128 3532 3346 3595 δούλους
3365 3533 3422 3586 δὲ
3451 3535 3675 3595 ἑαυτοὺς
3703 3535 3796 3586 καὶ
3830 3535 4025 3588 (iniu.

2425 3621 2616 3686 θύνους
2646 3622 2747 3691 τῆς
2806 3623 3080 3694 ἁμαρτίας
3130 3623 3496 3694 γραψάμενοι.
3539 3624 3641 3676 Διὰ
3696 3622 3855 3675 τοῦτο
3911 3627 4024 3693 οὐκ

2423 3711 2612 3774 ἅπλῶς
2636 3713 2704 3764 τὰ
2757 3712 2858 3781 τῆς
2892 3714 3160 3784 πονηρίας
3197 3713 3487 3782 πνεύματα
3535 3715 3636 3776 τὰς
3691 3715 3870 3783 ἀρχὰς
3916 3720 4026 3768 καὶ

2424 3802 2674 3866 ἐξουσίας
2710 3803 2890 3868 καλεῖ,
2931 3803 3067 3857 ἀλλὰ
3116 3805 3241 3865 τοὺς
3295 3804 3747 3874 κοσμοκράτορας
3777 3804 3872 3856 καὶ
3916 3805 4026 3856 τοῦ

2425 3893 2632 3960 κόσμου
2664 3894 2798 3962 (72).
2835 3895 3054 3963 Κόσμον
3099 3892 3357 3957 ἐνταῦθα,
3400 3893 3476 3955 ὡς
3507 3893 3628 3955 ἔθος
3659 3896 3725 3962 τῆ
3777 3894 3987 3962 Γραφῇ
4010 3935 4024 3956 ,

2423 3984 2487 4036 οὐ
2504 3987 2563 4038 τὸ
2584 3985 2978 4054 δημιούργημα
2997 3987 3059 4037 τὸ
3077 3985 3135 4048 ἐξ
3153 3983 3405 4054 οὐρανοῦ,
3431 3985 3524 4036 καὶ
3546 3984 3672 4054 γῆς,
3696 3983 3924 4050 καὶτῶν
3963 3988 4028 4039 ἐν

2428 4075 2580 4144 μέσῳ
2622 4074 2917 4144 προαχθὲν,
2965 4076 3149 4142 ἄπαγε
3181 4090 3198 4107 ⁶
3238 4075 3383 4128 ἀλλὰ
3415 4077 3618 4144 κόσμον
3651 4078 3774 4138 τοὺς
3811 4075 3882 4127 τὰ
3920 4093 4030 4128 κο-

2428 4165 2604 4236 σμικὰ
2631 4167 2959 4236 φρονήματα
2988 4167 3082 4220 καὶ
3126 4167 3364 4237 σαρκικὰ
3403 4169 3878 4239 ἐπανῃρημένους,
3919 4170 4029 4222 καὶ

2425 4257 2562 4327 πρὸς
2617 4256 2688 4308 τὰ
2714 4258 2809 4318 τὰς
2865 4256 3148 4325 αἰσθήσεις
3197 4256 3462 4323 θέλγοντά
3519 4274 3580 4309 τε
3635 4259 3730 4311 καὶ
3767 4257 4027 4327 ἐκθηλύ-

2426 4365 2585 4401 νοντα
2613 4349 2722 4418 (73)
2747 4347 3139 4417 ἐπτοημένους,
3186 4348 3308 4401 καθ’
3347 4348 3378 4399 ὃ
3415 4349 3815 4418 σημαινόμενον
3849 4351 3965 4400 καὶ
3997 4352 4031 4402 6

2427 4437 2618 4506 Σωτὴρ
2641 4435 2850 4503 ἔλεγεν,
2884 4435 3015 4506 περὶ
3068 4438 3178 4488 τῶν
3212 4435 3492 4505 μαθητῶν,
3550 4454 3569 4487 ι
3619 4437 3700 4490 ὅτι
3733 4437 3829 4488 οὐκ
3859 4439 4030 4491 εἰσὶν

2427 4529 2493 4580 ἐκ
2525 4527 2617 4580 τοῦ
2645 4529 2873 4596 κόσμου.
2903 4547 2922 4578 ι
2954 4526 3188 4596 Εῠδηλον
3214 4527 3314 4595 μὲν
3332 4528 3461 4597 γὰρ,
3489 4527 3686 4580 ὅτιοκαὶ
3713 4519 3856 4578 οὗτοι
3891 4527 4028 4597 (η)

2428 4621 2493 4671 ἐκ
2520 4619 2612 4671 τοῦ
2647 4618 3132 4688 δημιουργήματος
3165 4613 3329 4688 ἦσαν,
3363 4616 3554 4687 ὥσπερ
3587 4617 3699 4688 (75)
3731 4617 3824 4670 καὶ
3862 4620 4033 4686 σύμ-

2429 4725 2537 4760 παν
2567 4708 2628 4759 τὸ
2651 4705 2989 4776 ἀνθρώπινον
3033 4707 3210 4775 γένος.
3249 4725 3267 4758 ι
3318 4705 3459 4760 Ἀλλ’
3485 4709 3585 4759 οὐκ
3621 4701 3782 4776 ἦσαν,
3813 4709 4026 4773 φησὶν.

747 4798 1043 4862 mundum,
1079 4808 1333 4864 tauquam
1369 4799 1646 4868 opiﬁcium
1679 4799 1776 4856 Dci
1803 4838 1818 4862 ,
1845 4801 1988 4855 sicut
2021 4811 2195 4856 totum
2227 4802 2323 4854 lio-

2427 4801 2493 4852 ἐκ
2523 4799 2617 4851 τοῦ
2647 4799 2906 4867 κόσμου,›
2939 4800 3236 4862 τουτέστιν,
3267 4798 3368 4851 οὐκ
3401 4795 3541 4868 ἦσαν
3569 4799 3636 4851 ἐκ
3664 4797 3770 4849 τῶν
3800 4799 4032 4868 ἐπτοηο

745 4891 954 4942 minum
991 4905 1183 4957 genus,
1210 4890 1572 4957 pertinebant.
1609 4889 1874 4946 «Eosdem
1914 4905 2044 4945 vero
2068 4905 2133 4944 ex
2161 4905 2320 4944 mun-

747 4983 819 5035 do
858 4997 966 5034 non
994 4998 1115 5035 esse
1151 5001 1171 5032 ι
1201 4984 1294 5044 ait,
1339 4983 1441 5036 hoc
1469 4991 1574 5046 est,
1611 4999 1716 5036 non
1758 4993 1915 5036 erant
1939 4999 2005 5036 ex
2047 4982 2153 5036 illis
2179 5019 2194 5042 .
2228 4980 2322 5049 qui

749 5075 914 5128 ﬂuxis
938 5084 994 5128 ct
1023 5077 1274 5129 inanibus
1305 5077 1594 5128 mundana:
1617 5075 1870 5129 vanitatis
1900 5083 1953 5127 ct
1987 5073 2198 5127 fraudis
2226 5073 2323 5126 de-

748 5165 1044 5218 linimentis
1085 5175 1429 5233 caperentur.
1481 5163 1653 5218 Voces
1696 5179 1860 5233 porro
1900 5164 2054 5225 illas,
2109 5165 2167 5215 ὲν
2212 5162 2327 5222 τοῖς

2432 4888 2606 4955 μένων
2629 4888 2764 4955 πρὸς
2784 4887 2852 4939 τὰ
2867 4886 3080 4957 φθαρτὰ
3120 4887 3212 4940 καὶ
3237 4887 3477 4956 ἐπίκηρα
3500 4887 3598 4954 τῆς
3616 4885 3883 4954 κοσμικῆς
3920 4904 4035 4956 μα-

2430 4980 2716 5048 ταιότητος
2739 4981 2835 5032 καὶ
2865 4981 3104 5048 ἀπάτης.
3141 4979 3216 5032 Τὸ
3238 4979 3318 5044 δὲ,
3345 4997 3363 5029 ι
3393 4982 3450 5031 ἐν
3468 4980 3580 5041 τοῖς
3602 4978 3987 5047 ἐπουρανίοις,
4003 4998 4025 5028 ι

2432 5070 2574 5130 τινὲς
2609 5069 2709 5138 μὲν
2746 5069 2806 5120 τὸ
2853 5070 3146 5139 πρόχειρον
3188 5069 3283 5122 τοῦ
3335 5067 3716 5138 φιλανθρώπου
3743 5071 4035 5139 προτιμή-

2438 5175 2652 5222 σαντες,
2687 5160 3153 5230 μεταπλὰττοντες
3178 5161 3278 5230 τὴν
3307 5161 3404 5230 τῆς
3440 5159 3640 5225 λέξεως
3666 5157 3858 5230 ἀρχὴν,
3885 5159 4030 5223 οὐκ,

836 5346 884 5377 ⁹⁹
918 5345 956 5398 Il
983 5345 1106 5398 Cor.
1147 5361 1244 5408 xu,
1271 5346 1354 5398 Il.
1433 5345 1448 5374 ¹
1481 5343 1681 5412 Eplics.
1711 5357 1789 5403 vi,
1830 5340 1918 5393 12.
1982 5341 2002 5370 ⁸
2036 5337 2078 5393 ll
2109 5336 2256 5394 Pctr.
2289 5355 2323 5392 ιι

2419 5339 2472 5392 9.
2536 5337 2556 5368 ³
2580 5334 2738 5390 Joan.
2767 5353 2858 5401 ιν,
2893 5338 2977 5392 19.

2229 5454 2458 5510 ΝΟΤᾹΞ.

819 5552 933 5623 (70)
964 5550 1116 5623 Colb.
1143 5566 1239 5621 pro
1273 5549 1720 5623 ὑποσπορείσθαι.

821 5620 933 5691 (Ἠ)
959 5620 1182 5691 ἐκείνων
1209 5620 1406 5689 scripsi
1432 5636 1528 5689 pro
1551 5621 1756 5691 ἐκεῖνα.

750 5686 937 5817 ιε(ἸΞ)
972 5690 1254 5749 Excidisse
1280 5686 1409 5762 puto
1432 5686 1645 5744 τούτου.
1678 5686 1769 5744 Sic
1797 5688 1945 5744 enim
1993 5687 2158 5744 liabet
2187 5703 2324 5746 con-

809 5773 955 5818 xtus.

2498 5546 2609 5616 (73)
2638 5544 2814 5616 Corisl;
2854 5544 3234 5614 ἐνθη).ύνοντα.

2507 5610 2617 5683 (74⁷)
2642 5615 2735 5665 καὶ
2759 5610 2928 5678 οὗτοι,
2960 5610 3141 5669 manu
3182 5633 3247 5671 cx
3284 5614 3441 5671 Colb.

2499 5686 2609 5755 (75)
2643 5687 2782 5738 idem
2813 5700 2910 5753 pro
2933 5685 3029 5749 ὡς.
