4200 6444
170 408 278 468 713

1085 418 1185 472 AD
1227 416 1813 475 AMPHILOCHIUM
1849 417 2191 486 QUIESTIO
2217 420 2482 484 CXXIII:

3309 418 3415 490 τιι

181 510 524 603 ἐπουρανίοις
544 510 680 580 (76),
704 512 841 579 ἀλλ’,
859 513 1230 587 ὐπουρανίοις,
1251 520 1620 589 ἐξακούουσιν,
1644 526 1743 595 οὐχ

1787 531 1815 582 λ
1845 524 2183 598 ἐπουρανίοις
2218 532 2485 595 nonnulli,
2515 532 2590 597 id,
2612 532 2756 602 quod
2789 533 3023 603 primum
3053 536 3271 593 obvium
3303 548 3409 599 est.

173 602 347 663 οὕτως
376 602 474 669 τῆς
507 603 658 674 ἱερᾶς
680 606 839 674 ἡμῶν
862 607 1082 677 Γραφῆς
1106 612 1359 682 ἑχούσης,
1399 618 1491 669 καί
1520 635 1650 686 φασι
1679 622 1747 673 τὰ

172 694 426 762 δαιμόνια
452 697 733 752 καλεῖσθαι
769 702 1094 772 ὐπουράνια,
1132 706 1377 759 τουτέστι
1403 706 1473 759 τὰ
1498 724 1746 779 πνευμα-

174 786 304 837 τικά
328 788 423 855 τῆς
448 791 735 857 πονηρίας.
761 790 870 843 Καὶ
894 794 1004 859 γὰρ
1028 794 1130 848 κᾶν
1147 812 1205 847 τε
1228 798 1357 867 περὶ
1377 799 1538 868 ἀέρα,
1570 802 1671 854 κᾶν
1688 820 1747 857 τε

176 876 306 942 περὶ
337 876 444 945 γῆν
473 880 650 931 αὐτῶν
683 882 715 950 η
752 880 1027 953 διατριϐὴ,
1051 884 1203 937 οὐδὲν
1223 882 1385 956 ἦττον
1416 890 1484 942 ἂν
1511 892 1749 964 ὑπουρά-

174 981 265 1015 νια
294 966 507 1038 ῥηθείη.
548 968 711 1022 Ἀλλὰ
759 971 966 1024 τούτων
1028 973 1125 1041 μιν
1154 975 1258 1028 κᾶν
1306 978 1338 1046 ή
1392 977 1601 1033 διάνοια
1648 983 1749 1035 οὐκ

175 1055 404 1124 ἀσεὸὴς,
458 1059 607 1126 ὅμως
636 1062 667 1113 ό
714 1064 1107 1133 μεταπλασμος
1146 1068 1247 1119 οὐκ
1280 1069 1529 1140 εὐσεϐής.
1563 1075 1637 1125 υύ
1670 1075 1751 1127 δεῖ

175 1146 285 1216 γὰρ
314 1148 426 1200 οὐδ’
455 1150 612 1215 ὅλως,
640 1153 749 1205 οὐδ’
783 1156 869 1221 ἐφ’
904 1157 984 1208 ἑνὶ
1027 1158 1337 1228 γράμματι,
1392 1146 1752 1236 παραχαράτ-

176 1251 293 1285 τειν
328 1238 429 1298 τὰς
459 1238 629 1304 λέξεις
657 1240 757 1303 τὰς
790 1243 963 1311 ίερὰς,
1019 1245 1255 1311 μάλιστά
1280 1264 1342 1315 γε
1370 1251 1481 1319 (77)
1533 1253 1615 1307 ὅτι
1656 1254 1751 1307 καὶ

176 1325 277 1393 τῆς
304 1328 771 1398 ἀπαραχαράκτου
798 1334 997 1400 λέξεως
1020 1337 1273 1406 ἐχούσης,
1294 1339 1369 1403 ὡς
1395 1340 1555 1412 ἔφην.
1585 1345 1753 1414 ἀνεμ-

177 1415 449 1479 ποδίστως
500 1421 665 1491 ήτοῦ
724 1423 889 1493 ῥητοῦ
941 1426 1156 1495 πρόεισι
1203 1430 1430 1482 διάνοια.
1494 1434 1601 1486 Καὶ
1644 1437 1753 1506 γὰρ

176 1509 478 1578 ἐπουράνια
508 1513 601 1563 καὶ
635 1514 703 1566 τὰ
733 1515 883 1577 ἐντὸς
918 1516 1014 1569 τοῦ
1065 1518 1295 1586 οὐρανοῦ
1343 1521 1533 1576 είωθεν
1568 1528 1754 1579 καλεί-

178 1599 327 1663 σθαι,
363 1595 473 1653 οἷον
496 1605 523 1653 ὁ
552 1602 661 1673 ἀήρ
682 1621 697 1635 ’
735 1606 830 1658 καὶ
861 1608 1013 1661 οὐδὲν
1036 1610 1257 1677 κωλύει,
1288 1612 1356 1665 τὰ
1379 1617 1437 1666 ἐν
1459 1616 1609 1687 αὐτῷ
1639 1618 1755 1671 δια-

173 1688 432 1755 τρίϐοντα
466 1691 597 1761 (78),
624 1696 872 1749 τουτέστι
908 1698 975 1751 τὰ
997 1703 1344 1768 πνευματικὰ
1363 1704 1462 1774 τῆς
1486 1708 1755 1778 πονηρίας

174 1781 459 1869 δαιμόνια,
492 1783 603 1838 ἀπὸ
630 1787 728 1857 τῆς
756 1790 815 1841 ιν
861 1789 1010 1859 αὐτῷ
1029 1791 1311 1863 διατριϐῆς
1337 1793 1510 1861 οὕτως
1555 1799 1755 1869 ὀνομά-

174 1871 389 1934 ζεσθαι.

250 2169 607 2238 Πνευματικὰ
636 2171 693 2224 δὲ
724 2172 961 2245 εἴρηται,
1007 2175 1087 2229 ὅτι
1131 2177 1337 2247 σαρκὸς
1384 2179 1479 2231 καὶ
1523 2182 1753 2249 αἵματος

168 2261 232 2313 οὐ
267 2262 506 2330 μετέχει,
534 2262 671 2316 ἀλλὰ
700 2265 864 2318 άῦλόν
894 2284 1014 2320 τινα
1038 2268 1130 2321 καὶ
1160 2268 1407 2340 ἄσαρκον
1444 2269 1542 2341 τὴν
1563 2273 1753 2325 οὐσίαν

170 2354 268 2405 ἀπ’
298 2352 473 2422 ἀρχῆς
516 2354 918 2425 ἐκληρώσαντο.
958 2358 1404 2431 ’Λκολουθότερον
1440 2364 1485 2415 δ’
1540 2364 1607 2416 ἄν
1666 2381 1753 2428 τις

170 2442 391 2495 καὶτοῦ
443 2444 811 2514 προκειμένου
850 2448 1007 2519 φαίη,
1043 2450 1121 2512 ὠς
1172 2452 1474 2523 ἐπουράνια
1520 2455 1753 2508 ἐνταῦθα

168 2535 271 2613 τὴν
320 2535 600 2587 εὐσέϐειάν
642 2552 702 2588 τε
733 2538 830 2590 καὶ
882 2539 983 2602 τὰς
1012 2543 1215 2610 ἀρετὰς
1248 2545 1597 2614 ἐπωνόμασε.
1644 2549 1754 2602 Καὶ

170 2626 282 2695 γὰρ
311 2626 399 2679 διὰ
426 2627 597 2680 ταῦτα
631 2630 729 2698 τὴν
752 2630 862 2682 τῶν
881 2632 1128 2699 οὐρανῶν
1154 2635 1629 2707 κληροδοτούμεθα
1656 2640 1747 2710 βαι

170 2717 285 2769 σιλε
298 2719 404 2782 ίαν,
433 2722 525 2771 καὶ
551 2720 665 2773 ἐστι
702 2723 835 2791 ημῖν
861 2724 894 2791 ἡ
920 2724 1064 2792 πάλη
1094 2742 1113 2775 ι
1153 2724 1290 2794 πρὸς
1308 2727 1376 2781 τὰ
1406 2731 1754 2798 πνευματικὰ

166 2809 272 2875 τῆς
302 2812 565 2880 πονηρίας
595 2832 612 2862 ι
647 2812 704 2863 ὲν
726 2815 845 2874 ταῖς
861 2814 1082 2882 ἀρεταῖς
1105 2832 1165 2867 τε
1191 2818 1284 2869 καὶ
1308 2819 1365 2870 ἑν
1387 2821 1454 2889 τῇ
1477 2821 1750 2891 εὐσεϐείᾳ,

167 2900 335 2969 ἡμῶν
366 2901 464 2969 μὲν
494 2902 790 2969 κατορθοῦν
813 2904 987 2957 ταῦτα
1036 2906 1467 2974 σπουδαζόντων,
1524 2914 1751 2966 ἐκείνων

165 2995 228 3047 δὲ
279 2994 372 3046 τὸν
423 2995 647 3047 δυνατὸν
693 2996 880 3060 αὐτοῖς
936 2999 1137 3067 τρόπον
1195 3002 1601 3071 άντιτιθέντων,
1655 3009 1751 3061 καὶ

168 3084 352 3136 πάντα
392 3086 626 3153 πόλεμον
658 3088 770 3156 (79)
798 3089 1223 3159 ἀναδεχομένων.
1257 3095 1349 3147 Διὸ
1374 3096 1552 3164 σοφῶς
1580 3098 1694 3168 (80)
1723 3103 1751 3152 ὁ

1856 617 1970 680 illi,
2005 622 2147 687 quod
2177 622 2467 678 humanius
2508 633 2622 689 est,
2661 622 3006 694 przeferentes
3030 666 3043 688 ,
3079 636 3285 683 mutato
3316 644 3413 684 vo-

1855 710 1934 763 cis
1960 710 2111 765 initio
2140 729 2245 767 non
2278 716 2622 784 ἐπουρανίοις
2643 757 2657 779 ,
2688 719 2781 771 sed
2819 719 3167 789 ὐπουρανίοις
3230 721 3416 789 legunt

1856 802 2126 867 (quamvis
2153 804 2225 857 ita
2246 806 2461 873 quidem
2482 806 2696 861 codices
2722 808 2863 862 sacri
2883 823 2992 861 non
3020 808 3300 877 habeant),
3329 811 3413 862 (li-

1854 903 2094 963 cuutque
2134 896 2399 951 daemonia
2446 899 2782 968 ὐπουράνια,
2850 900 2951 953 hoc
2982 910 3065 953 est
3112 902 3415 965 apirilualia

1856 986 2120 1054 nequitia.
2154 987 2431 1055 appellari.
2449 988 2708 1051 Quamvis
2730 1004 2871 1043 enim
2900 990 3013 1044 sive
3037 990 3186 1043 circa
3210 1004 3414 1050 aerem,

1856 1078 1971 1130 sive
2019 1077 2164 1130 circa
2212 1087 2408 1131 terram
2459 1078 2545 1130 illa
2593 1088 2914 1143 versentur,
2953 1080 3207 1147 utrinque
3246 1079 3418 1131 ὐπου-

1861 1169 2018 1238 ρανία
2050 1168 2233 1222 vocari
2275 1183 2451 1237 posse.
2485 1167 2588 1222 Sed
2622 1185 2929 1238 quanquam
2963 1170 3075 1223 haec
3104 1185 3294 1223 eorum
3327 1185 3423 1223 co-

1859 1263 2025 1333 gitata
2068 1277 2176 1314 non
2222 1260 2383 1330 impia
2425 1264 2555 1323 sint,
2589 1264 2816 1315 mutatio
2852 1272 3030 1315 tamen
3065 1261 3154 1315 illa
3201 1276 3306 1315 non
3339 1272 3423 1315 est

1860 1356 1970 1424 pia.
2033 1353 2195 1406 Nullo
2244 1354 2386 1406 enim
2448 1352 2651 1417 modo,
2706 1367 2776 1406 ne
2834 1353 2902 1406 ad
2979 1368 3141 1405 unam
3202 1354 3421 1421 quidem

1860 1449 2095 1503 litteram
2142 1445 2408 1500 dictiones
2438 1459 2623 1498 sacras
2657 1452 2867 1497 mutare
2897 1444 2977 1499 fas
3004 1454 3109 1507 est,
3146 1446 3419 1513 inprimis,

1859 1556 1983 1595 cum
2010 1555 2074 1594 ει
2105 1538 2333 1591 lectione
2360 1575 2375 1600 ,
2414 1551 2577 1603 quam
2617 1534 2728 1588 disi
2754 1577 2769 1600 ,
2801 1537 2949 1590 salva
2999 1545 3055 1591 et
3096 1536 3419 1591 intemerata

1861 1627 2183 1683 commodus
2235 1626 2337 1680 loci
2377 1640 2570 1679 sensus
2620 1626 2860 1693 prodeat.
2904 1626 3238 1696 Ἐπουράνια
3275 1628 3421 1680 enim

1860 1720 2022 1775 etiam
2074 1720 2164 1771 illa
2217 1716 2394 1771 vocari
2433 1717 2639 1779 solent,
2690 1733 2812 1785 quae
2856 1718 2997 1770 coelo
3046 1718 3419 1779 continentur,

1861 1812 2009 1866 verbi
2043 1825 2209 1865 causa
2243 1824 2335 1863 aer
2367 1826 2379 1861 :
2418 1808 2658 1877 nihilque
2681 1811 2861 1862 obstat
2952 1809 3271 1879 quominus,
3304 1825 3422 1878 qua:

1787 1867 1830 1921 Β
1858 1900 1912 1955 in
1952 1898 2092 1953 caelo
2139 1906 2424 1952 versantur
2452 1936 2465 1961 ,
2526 1899 2631 1974 hoc
2673 1907 2756 1951 est
2796 1897 3101 1965 spiritualia
3162 1898 3422 1968 nequitia:

1854 1992 2142 2056 daemonia,
2195 2006 2226 2046 ι
2258 2006 2353 2046 sua
2405 1990 2456 2044 in
2507 1992 2600 2043 illo
2642 1992 3068 2046 commoratione
3113 1991 3185 2044 ita
3240 1992 3424 2059 appel-

1856 2085 2053 2138 lentur.

1929 2173 2240 2244 Spiritualia
2271 2188 2398 2227 vero
2440 2174 2904 2241 vocantur,-quod
2951 2190 3170 2228 carnem
3212 2184 3265 2229 et
3295 2189 3424 2229 sau—

1856 2267 2073 2335 guinem
2120 2281 2226 2320 non
2264 2265 2480 2327 habent,
2528 2265 2619 2318 sed
2659 2265 2727 2317 ab
2770 2264 2924 2319 initio
2964 2268 3259 2320 essentiam
3305 2283 3421 2320 nia-

1856 2358 2000 2412 teriw
2020 2366 2071 2410 ct
2102 2358 2287 2412 carnis
2321 2367 2594 2425 expertem
2624 2367 2781 2411 nacta
2824 2367 2967 2411 sunt.
3004 2357 3073 2411 At
3103 2368 3425 2427 argumento

1853 2450 2263 2505 convenientius
2292 2450 2512 2511 dixeris,
2546 2450 2848 2518 ἐπουράνια
2876 2450 2977 2503 hoc
3014 2451 3135 2503 loco
3170 2451 3420 2519 pietatem

1853 2552 1906 2595 et
1929 2542 2154 2597 virtutes
2203 2541 2481 2612 appellari.
2538 2539 2766 2609 Propter
2835 2540 2925 2594 illa
2991 2542 3135 2595 enim
3197 2557 3422 2611 regnum

1855 2635 2116 2691 ctelorum
2169 2635 2563 2704 adipiscimur,
2628 2635 2881 2704 luctaque
2936 2637 3071 2691 adeo
3132 2636 3291 2691 nobis
3343 2647 3426 2690 cst

1859 2746 1877 2778 ι
1908 2727 2170 2782 adversus
2218 2727 2518 2795 spiritualia
2559 2727 2813 2796 nequitia:
2846 2747 2863 2780 ι
2916 2728 2968 2782 in
3000 2729 3264 2781 virtutum
3311 2729 3426 2797 pie-

1854 2820 2093 2887 tatisque
2140 2818 2340 2881 studio,
2375 2818 2593 2887 quando
2640 2833 2741 2873 nos
2787 2819 3003 2887 quidem
3058 2818 3166 2874 illis
3203 2834 3423 2889 operam

1853 2912 2067 2974 damus,
2130 2910 2220 2963 illa
2280 2924 2433 2971 vero,
2481 2909 2661 2977 quoad
2703 2918 2953 2977 possunt,
3003 2923 3063 2963 se
3121 2920 3423 2978 Opponunt,

1852 3013 1905 3057 et
1934 3002 2132 3056 bellum
2185 3000 2543 3068 undequaque
2577 3008 2812 3053 movent.
2846 2998 3139 3067 Propterea
3178 3014 3423 3053 commu-

1854 3094 1939 3147 nis
1980 3093 2128 3146 orbis
2172 3092 2365 3145 doctor
2408 3090 2680 3159 sapienter
2725 3098 2780 3144 et
2822 3092 3210 3144 convenienter
3243 3090 3421 3143 dixit:

165 3173 275 3241 τῆς
324 3176 649 3244 οἰκουμένης
709 3178 1031 3241 διδάσκαλος
1088 3182 1182 3233 καὶ
1209 3183 1483 3253 ἁρμοδίως
1517 3187 1642 3258 ἔφη,
1681 3192 1753 3256 ὼς

1787 3205 1826 3263 ο
1868 3204 1886 3235 ι
1917 3184 2035 3237 Non
2079 3192 2164 3238 est
2197 3182 2356 3237 nobis
2386 3181 2527 3236 lucta
2570 3181 2832 3235 adversus
2867 3181 3187 3249 sanguinem
3225 3188 3279 3234 et
3304 3196 3425 3233 car-

173 3282 193 3313 ι
234 3265 348 3317 υύκ
369 3265 660 3335 ἓστινὴμίν
694 3268 727 3337 ὴ
756 3269 901 3338 πάλη
935 3269 1069 3340 πρὸς
1097 3266 1235 3341 αἷμα
1266 3275 1359 3327 καὶ
1380 3276 1577 3347 σάρκα,
1616 3281 1754 3336 ἀλλά

166 3357 312 3422 πρὸς
348 3361 413 3407 τὰ
458 3360 803 3425 πνευματικά
836 3362 935 3431 τῆς
966 3363 1252 3433 πονηρίας,
1292 3384 1311 3416 ι
1366 3370 1632 3436 τουτέστι,
1688 3377 1755 3426 τὰ

172 3448 316 3512 μήτε
344 3450 506 3515 σαρκὶ
538 3450 678 3517 μήτε
716 3450 911 3519 αἵματι
944 3452 1302 3522 συνδεδεμένα
1341 3456 1611 3528 δαιμόνια.
1647 3465 1753 3518 Καὶ

167 3536 294 3587 τότε
326 3538 383 3588 ὲν
411 3542 520 3591 τίσι
552 3541 646 3592 καὶ
686 3543 816 3611 περὶ
840 3544 1004 3597 τίνων
1050 3547 1078 3598 ό
1120 3546 1395 3617 πόλεμος;
1449 3568 1466 3600 ι
1518 3552 1607 3605 ‘Ev
1641 3559 1751 3618 τοῖς

168 3628 540 3697 ἐπουρανίοις,
590 3652 607 3682 ι
668 3634 855 3701 φησιν,
905 3636 1187 3690 τουτέστιν
1215 3641 1274 3692 ὲν
1314 3644 1425 3704 τοῖς
1466 3646 1755 3713 προξένοις

169 3719 268 3771 τοῦ
298 3723 549 3788 οὐρανίου
586 3723 965 3794 σκηνώματος,
1022 3729 1158 3799 ὅπερ
1217 3731 1386 3797 ἐστὶν,
1417 3736 1493 3799 ῶς
1516 3736 1753 3808 εἴρηται,

169 3814 207 3879 ἡ
238 3812 513 3877 εὐσέϐεια,
536 3816 628 3865 καὶ
654 3815 761 3869 τῶν
791 3818 1001 3888 ἀρετῶν
1030 3822 1058 3873 ό
1088 3823 1269 3891 χορός.
1298 3825 1360 3877 Εί
1385 3825 1442 3879 δέ
1475 3845 1560 3892 τις
1611 3830 1749 3902 (81),

178 3922 198 3953 ι
245 3905 304 3956 ἐν
336 3907 446 3966 τοῖς
481 3908 825 3976 ἐπουρανίοις
864 3926 882 3960 ι
920 3916 1341 3983 προχειρότερον
1376 3919 1629 3974 ἐκλαϐεῖν
1662 3923 1750 3976 θέο

170 4002 258 4049 λοι
291 3998 460 4067 αὐτὴν
486 4002 585 4070 τὴν
616 4002 938 4071 ἐπουράνιον
966 4009 1270 4071 κατοικίαν,
1299 4012 1393 4064 καὶ
1420 4012 1562 4067 οὕτω
1592 4014 1704 4085 (82)
1727 4017 1756 4069 ὁ

166 4086 274 4153 τῆς
310 4088 586 4152 εὐσεϐείας
634 4092 759 4156 νοῦς
801 4094 1095 4151 εὐοδοῦται.
1132 4100 1239 4152 Καὶ
1276 4100 1381 4170 γὰρ
1411 4104 1444 4172 ἡ
1485 4105 1622 4171 πρὸς
1651 4108 1754 4159 αὐ-

170 4177 302 4237 τούς
334 4180 449 4230 ἐστι
485 4181 651 4250 πάλη,
680 4184 840 4253 ἡμῶν
870 4186 969 4255 μὲν
995 4189 1414 4259 ἀγωνιζομένων
1442 4197 1625 4264 τυχεῖν
1655 4197 1755 4266 τῆς

166 4266 426 4336 οὐρανίου
456 4270 826 4340 κληροδοσίας,
856 4277 1079 4331 ἐκείνων
1100 4280 1155 4332 δὲ
1189 4283 1285 4333 τοῦ
1328 4284 1595 4354 στερῆσαι
1622 4286 1757 4340 ταύο

164 4371 274 4425 της
302 4359 395 4409 καὶ
426 4359 591 4427 ἡμᾶς,
621 4360 681 4426 ιξ
706 4356 771 4432 ἧς
800 4364 953 4416 αὐτοὶ
983 4365 1504 4423 καταπεπτώκασιν.

724 4452 1054 4509 ΕΡΩΤΗΣΙΣ
1096 4455 1222 4509 ΚΓ.

168 4539 659 4615 Διὰ-τίηρὰξεις-
701 4541 821 4595 τῶν
864 4545 1223 4615 ἀποστόλων·
1272 4546 1657 4615 ἐπιγράφεται
1690 4550 1758 4605 τὸ

237 4610 511 4682 ,ϐιῷῖιίονἶ
560 4612 821 4678 καίτοιγε
861 4616 934 4666 οὐ
962 4613 1079 4666 τῶν
1107 4614 1335 4668 δώδεκα
1362 4610 1609 4682 πράξεις
1642 4636 1749 4671 πε-

235 4680 449 4754 ριέχει,
482 4680 645 4754 ἀνι-ις’(
664 4682 791 4733 κατ’
813 4683 1016 4754 ἀρχὰς.
1027 4684 1143 4751 μὲν
1171 4680 1440 4754 θαύματα
1462 4680 1562 4740 καί
1587 4680 1750 4741 διδα-

240 4750 515 4825 ιξτεαῖλίαγς
548 4750 764 4825 (ξι-[την
792 4752 905 4825 (821)
947 4750 1094 4825 τῶν-
1113 4750 1493 4821 ἀποστόλων,
1525 4756 1749 4825 ἐφεξῆς

241 4816 314 4868 δὲ
336 4821 423 4881 εις
462 4816 707 4872 Παῦλον
728 4816 975 4874 κινεῖται
1012 4822 1182 4878 πᾶσα
1206 4825 1245 4893 ἠ
1276 4816 1678 4894 πραγματείας

1860 3292 2005 3341 nem,
2050 3274 2144 3330 sed
2180 3274 2445 3328 adversus
2491 3272 2797 3341 spiritualia
2830 3272 3109 3340 nequitiae,
3146 3290 3163 3317 ι
3198 3271 3301 3324 hoc
3344 3281 3429 3325 est

1856 3368 2119 3421 adversus
2147 3366 2434 3427 daemonia,
2468 3379 2567 3417 nec
2603 3363 2753 3417 carni
2799 3378 2897 3418 nec
2934 3361 3185 3432 sanguini
3214 3363 3424 3433 juncta.

1856 3458 2063 3513 Bellum
2105 3472 2234 3511 vero
2273 3457 2402 3510 illud
2445 3456 2497 3508 in
2532 3455 2730 3523 quibus
2771 3464 2823 3507 et
2865 3454 2933 3509 de
2971 3454 3171 3522 quibus
3212 3454 3377 3523 agitur
3404 3452 3430 3503 ?

1862 3569 1880 3601 ι
1918 3551 1968 3604 In
1999 3549 2333 3613 coalestibus,
2361 3567 2378 3599 ι
2411 3548 2609 3616 inquit,
2639 3547 2739 3600 hoc
2769 3555 2849 3601 est
2874 3545 2927 3598 in
2960 3546 3067 3599 illis
3098 3545 3283 3605 rebus.
3304 3562 3426 3613 qua:

1858 3642 2080 3696 cwleste
2125 3638 2492 3693 habitaculum
2540 3637 2699 3690 nobis
2734 3635 3047 3691 conciliant.
3096 3634 3257 3691 Tales
3296 3650 3427 3689 vero

1858 3740 2004 3795 sunt,
2047 3740 2103 3785 ut
2139 3730 2406 3784 monitum
2454 3736 2557 3793 est,
2607 3729 2778 3799 pietas
2818 3738 2872 3782 et
2908 3727 3169 3781 virtutum
3201 3730 3422 3782 chorus.

1858 3821 1914 3873 Si
1958 3823 2081 3889 quis
2126 3833 2253 3874 vero
2298 3818 2541 3888 phrasin,
2596 3835 2614 3869 ι
2646 3819 2698 3871 in
2752 3817 3089 3883 cmlestibus,
3126 3834 3145 3869 ι
3198 3818 3427 3887 propius

1856 3910 2107 3979 accipere
2156 3907 2311 3961 malit
2339 3906 2407 3962 de
2453 3906 2660 3962 cmlesti
2701 3906 3054 3973 habitatione,
3097 3916 3151 3961 et
3183 3908 3260 3962 sic
3286 3921 3426 3977 quo-

1855 4014 1961 4069 que
1991 4007 2179 4054 sancta
2199 3997 2353 4052 Pauli
2385 4012 2535 4051 mens
2565 3997 2937 4066 perspicietur.
2966 3997 3135 4051 Lucta
3165 3999 3310 4051 enim
3332 3997 3429 4049 ad-

1856 4104 2051 4144 versus
2071 4088 2351 4143 daemonas
2380 4086 2697 4156 suscipitur,
2729 4088 2885 4142 nobis
2912 4088 3134 4156 quidem
3165 4087 3229 4141 ad
3264 4089 3427 4142 cmle-

1858 4189 1995 4235 stem
2025 4178 2394 4234 hereditatem
2419 4175 2892 4241 contendentibus,
2922 4176 3029 4231 illis
3056 4191 3186 4230 vero
3212 4177 3425 4243 eadem,

1858 4287 1964 4342 qua
2000 4271 2102 4342 ipsi
2131 4271 2475 4332 exciderunt,
2505 4270 2668 4323 etiam
2704 4282 2805 4323 nos
2834 4270 3051 4338 privare
3082 4269 3427 4324 conantibus.

1858 4447 2185 4518 QUASSTIO
2222 4446 2429 4503 CXXIII
2467 4446 2652 4518 [CoirL
2701 4444 2908 4510 CXLV,
2957 4446 3121 4499 Taur.
3172 4446 3425 4519 CXLIV}.

1864 4544 2039 4609 Quare
2084 4542 2214 4594 liber
2242 4540 2470 4592 Actuum
2516 4538 2927 4604 apostolicorum
2976 4538 3056 4589 ita
3099 4538 3428 4598 inscribitur,

1928 4630 2047 4666 cum
2090 4622 2263 4663 tamen
2293 4609 2563 4661 duodecim
2600 4609 2958 4673 apostolorum
3012 4618 3133 4660 acta
3176 4624 3279 4660 non
3308 4625 3432 4659 conv

1928 4686 2112 4741 tiueat.
2164 4680 2253 4733 scd
2306 4679 2456 4732 imtt'o
2494 4679 2706 4745 quidem
2754 4678 3013 4729 miracula
3058 4688 3107 4730 et
3161 4680 3430 4730 doctrinas

1927 4766 2123 4819 paucas
2159 4748 2760 4819 apostolorumapostea
2791 4763 2909 4801 vero
2945 4756 3057 4801 tota
3089 4750 3339 4800 tractatio
3377 4747 3432 4799 in

1931 4820 2161 4876 Paulum
2200 4825 2533 4872 convertatur
2550 4818 2575 4868 ?

314 4929 569 4977 Iiditarum
596 4947 623 4977 α
661 4928 835 4978 Wolﬁo
855 4938 1021 4979 octava
1046 4932 1101 4993 (Ι.
1129 4946 1192 4993 c.,
1216 4946 1264 4994 p.
1287 4933 1513 4982 730-752.
1537 4935 1753 4984 Galland.

1787 4949 1833 4997 p.
1872 4933 1983 4990 722,
2004 4930 2114 4988 725,
2135 4941 2186 4977 ιι.
2210 4927 2311 4987 Ξί).
2334 4952 2395 4963 -
2416 4926 2490 4976 De
2513 4923 2660 4975 titulo
2680 4928 2895 4975 Actuum
2922 4927 3277 4987 apostolorum.

241 5011 372 5063 ’Ὁτι
396 5010 651 5081 Πράξεις,
684 5013 848 5081 φησὶν
875 5013 1008 5082 (84),
1034 5014 1142 5067 τῶν
1179 5016 1494 5070 ἀποστόλων
1520 5018 1746 5086 ἐπιγρά-

162 5121 333 5173 φεται
356 5102 417 5153 τὸ
448 5102 674 5171 βιϐλίον,
706 5103 950 5172 καίτοιγε
994 5105 1055 5157 οὐ
1098 5106 1205 5159 τῶν
1257 5106 1468 5159 δώδεκα
1517 5107 1749 5178 πράξεις

1928 5015 2163 5068 Actuum
2217 5010 2668 5080 apostolieorum,
2724 5009 2919 5077 inquit,
2975 5010 3110 5063 liber
3172 5019 3419 5069 vocatur.

1855 5107 2107 5177 quamvis
2148 5103 2433 5158 duodecim
2465 5102 2834 5171 apostolorum
2868 5110 2986 5157 acta
3033 5117 3143 5156 non
3184 5118 3424 5172 comp..-

1684 5198 1918 5255 NOTE.

231 5290 349 5353 (7(3)
372 5289 425 5340 Id
456 5287 679 5354 quidem
708 5290 759 5341 in
780 5290 931 5342 nullo
956 5289 1145 5345 codice
1166 5292 1637 5346 adhncinventum
1657 5305 1758 5348 est.

161 5358 536 5433 Gundlingius
585 5368 766 5433 tamen
805 5361 885 5433 ita
936 5359 1320 5433 legi__volebat,
1364 5372 1555 5416 contra
1598 5379 1761 5433 quem

163 5429 750 5501 VttIEtQIla‘LilICllrlS
787 5429 920 5482 meis
942 5433 1007 5501 ad
1052 5429 1251 5497 Ephes.
1295 5431 1331 5483 l.
1370 5446 1418 5485 ε.
1458 5429 1758 5501 disputavi.

242 5499 357 5563 (77)
382 5497 536 5549 Colb.
566 5511 711 5551 recte
761 5515 857 5566 pro
892 5500 1155 5551 κάλλιστά
1177 5517 1261 5565 γε.

245 5568 360 5634 (Ἶὸ)
400 5567 748 5635 διατρίϐοντα
779 5570 836 5619 ὲν
858 5569 1028 5636 αὐτῷ,
1065 5584 1130 5623 ex
1165 5569 1320 5623 Coll).
1343 5570 1545 5625 addidi.

247 5638 363 5701 (79)
400 5638 539 5688 Idem
568 5654 664 5705 pro
692 5638 971 5706 πολέμιον.

250 5707 364 5781 (80)
421 5707 509 5759 Sic
560 5708 909 5761 scribendum
974 5724 1072 5776 pro
1133 5710 1314 5779 σοφός,
1376 5711 1522 5781 quod
1576 5713 1755 5768 estin

172 5780 408 5832 I'.ni.-.lm.

249 5850 362 5916 (Si)
402 5865 475 5908 τι,
502 5847 654 5901 Colb.
682 5858 825 5902 recte
866 5862 965 5915 pio
993 5849 1121 5909 τοῖς.

1932 5294 2041 5361 (82)
2067 5291 2210 5344 οὕτω
2240 5292 2442 5353 scribo.
2478 5306 2576 5360 pro
2604 5284 2780 5354 οὗτος.

1931 5363 2042 5442 (8ζξ)
2082 5364 2272 5442 ὀλίγην
2305 5362 2467 5442 habet
2498 5363 2869 5442 apograph'um
2924 5374 3126 5442 meum,
3182 5360 3325 5442 quod
3365 5376 3427 5411 ex

1857 5429 2083 5487 Coislin.
2112 5434 2296 5487 codice
2322 5432 2544 5499 petitum
2583 5439 2733 5499 puto.
2762 5429 2836 5482 Ex
2868 5445 2933 5483 co
2962 5440 3138 5483 tamen
3161 5439 3429 5496 praestan-

1860 5504 2103 5556 tissimus
2153 5501 2626 5563 Montelalcouius,
2671 5516 2723 5569 p.
2783 5500 2882 5553 557
2934 5500 3131 5566 ὀλίγων
3187 5500 3427 5551 exhibet.

1859 5572 2035 5625 Malim
2069 5574 2296 5625 alterum
2337 5572 2487 5624 illud.
2533 5570 2653 5624 Mox
2684 5570 2827 5623 enim
2868 5571 2917 5622 in
2942 5570 3125 5621 limine
3155 5570 3429 5620 tractatio-

1868 5648 1979 5693 nis-
2011 5641 2193 5694 itidem
2224 5640 2421 5709 legitur
2452 5640 2660 5709 ὀλίγην,
2718 5648 2769 5693 ει
2796 5642 2955 5707 paulo
3010 5650 3129 5706 post
3178 5638 3429 5705 διήγηοίς

1866 5712 1961 5776 τῆς
1994 5708 2337 5772 διδασκαλίας
2365 5711 2451 5760 ἐπ’
2477 5708 2653 5776 ὀλίγον
2694 5711 3109 5778 παρατείνεσθαι
3136 5710 3351 5778 (Ilt‘lllll'.

1939 5781 2050 5847 (δι)
2084 5782 2156 5832 Ex
2195 5781 2296 5833 hoc
2319 5783 2480 5833 verbo
2507 5778 2739 5835 fortasse
2777 5777 2995 5850 colligas
3038 5777 3290 5833 I’liutium
3315 5777 3429 5830 lucc

1869 5849 2084 5904 aliunde
2107 5859 2293 5905 mutua
2330 5850 2648 5919 sumpsisse.
