4200 6444
214 421 321 485 717

1190 426 1291 485 AD
1324 422 1913 485 AMPHILOCHIUM
1948 421 2302 495 QUBSTIO
2315 420 2535 481 CXXV-

3359 414 3465 482 'il8

212 528 433 597 γείλατε
467 530 598 597 ήμῖν
628 528 817 600 (85⁸).»
855 529 1086 585 Ἔπειτα
1109 530 1265 601 ὤφθη
1290 532 1505 602 Πετριρ,
1530 527 1648 585 εἶτα
1672 534 1782 594 τοῖς

1903 535 2249 591 revertentes,
2275 526 2478 589 venite,
2518 521 2836 578 annuntiate
2870 521 3046 578 nobis.
3079 539 3098 573 ι
3137 521 3329 579 Postea
3368 538 3465 592 ap-

215 619 348 686 περὶ
386 618 659 680 Κλεόπαν,
687 620 767 682 είς
794 636 854 673 τε
881 619 982 691 τήν
1033 620 1151 674 ὁδὸν
1192 621 1444 675 ἐπιοῦσιν
1490 622 1674 685 αὐτοῖς
1705 625 1786 685 εἰς

1903 618 2073 690 paruit
2119 616 2337 681 Petro’,
2391 614 2586 669 deinde
2636 613 2956 681 Cieoplne"
2996 613 3225 684 ejusque
3271 614 3465 678 sociis,

228 704 541 775 Ἐμμαοῦμ,
567 707 672 760 κᾶν
721 706 876 761 οῦπω
904 709 1173 778 συνῄεσαν
1220 712 1441 778 ἐκεῖνοι,
1499 713 1595 765 καὶ
1627 713 1687 763 εν
1718 714 1787 782 τῇ

216 795 409 848 κλάσει
448 795 542 848 τοῦ
585 796 772 867 ἇρτου,
804 798 896 852 δτε
942 799 1290 869 ἐφανέρωσεν
1340 801 1526 865 αὐτοις
1574 800 1787 854 ἑαυτόν.

220 882 356 939 Εἶτα
384 889 498 949 τοῖς
514 886 670 951 δέκα,
711 886 788 958 μή
816 887 1083 958 παρόντος
1108 886 1301 958 Θωμὰ,
1332 888 1500 960 οῦσης
1536 890 1697 959 ὀψίας
1722 892 1791 961 τῇ

216 979 405 1048 ἡμέρᾳ
434 978 637 1051 εκείνη.
672 974 809 1034 Εἶτα
839 978 976 1050 ὁμοῦ
1007 979 1195 1033 ιπάνω
1219 981 1602 1045 πεντακοσίοις
1635 981 1794 1036 ἁδελ-

220 1068 366 1131 φύῖς.
405 1068 644 1135 Nini,
817 1067 1243 1139 επισημαίνεται
1272 1069 1517 1135 Παῦλος,
1571 1072 1655 1125 ὅτι
1700 1074 1795 1126 καὶ

220 1157 405 1210 αὐτῶν
418 1159 469 1210 oi
488 1157 709 1222 πλείους
735 1157 989 1229 μένουσιν
1006 1159 1112 1223 ἕως
1126 1160 1275 1230 ἄρτι.
1299 1161 1420 1215 Ἔτι
1438 1153 1497 1215 δδ
1530 1162 1792 1233 Ἰακώὸῳ·

223 1250 319 1302 καὶ
350 1248 509 1304 τοῦτο
554 1251 770 1314 Παῦλος
798 1250 1041 1305 διδάσκει
1080 1252 1203 1321 οὐχὶ
1232 1252 1395 1321 μόνον
1422 1256 1532 1318 τοῖς
1561 1252 1793 1313 δώδεκα.

205 1340 338 1394 ’Καὶ
367 1341 477 1412 γὰρ
508 1341 795 1410 προλαϐὼν
815 1337 970 1395 εῐπεν
988 1358 1004 1374 ο
1046 1360 1066 1394 ι
1103 1342 1282 1413 ὀφθη
1308 1345 1479 1415 Κηφᾷ
1498 1360 1510 1374 ο
1544 1340 1664 1398 εἶτα
1685 1348 1797 1409 τοῖς

222 1430 416 1483 ἕνδεκα
441 1430 585 1501 (86);
628 1450 648 1483 ι
676 1432 773 1486 καὶ
802 1431 977 1495 οῦτως
1004 1431 1289 1500 ἐπήγαγεν
1312 1436 1427 1495 τοῖς
1454 1435 1795 1498 ἀποστόλοις.

225 1517 363 1575 Εῑτα
392 1524 505 1585 τοῖς
534 1524 677 1577 ἑπτὰ
700 1522 797 1576 ἰπὶ
848 1523 948 1594 τῆς
983 1523 1262 1594 θαλάσσης
1312 1524 1414 1595 τῆς
1456 1522 1795 1595 Τιϐεριάδος,

220 1612 501 1663 τουτέστιν
537 1611 728 1683 Πέτρῳ
752 1612 845 1667 καὶ
877 1612 1050 1685 Θωμᾷ
1076 1615 1173 1668 καὶ
1198 1613 1515 1685 Ναθαναήλ,
1560 1614 1801 1685 Ἰακώϐῳ

223 1703 321 1755 καὶ
365 1702 602 1775 Ἰωάννῃ,
654 1703 752 1758 καὶ
793 1704 976 1767 ἄλλοις
1006 1704 1102 1759 δύο
1144 1704 1259 1758 τῶν
1297 1705 1558 1776 μαθητῶν
1605 1704 1799 1761 αὐτοῦ.

225 1791 363 1848 Εἶτα
390 1797 500 1859 τοῖς
521 1796 843 1859 ἀποστόλοις
903 1796 1097 1859 πᾶσιν,
1127 1798 1379 1851 τουτέστι
1410 1799 1526 1860 τοῖς
1563 1796 1799 1869 ἑϐδομή-

1895 725 2018 763 rum
2056 708 2161 764 iter
2198 706 2521 761 Emauntem
2555 704 2817 768 facerent,
2860 720 2973 760 rem
2999 704 3172 776 ipsam
3221 706 3464 761 nondum

1895 800 2096 863 cdocti,
2148 808 2201 855 et
2256 813 2380 853 cum
2432 798 2485 851 in
2559 796 2824 853 fractione
2864 797 3023 867 panis
3063 798 3304 867 seipsum
3355 797 3467 854 illis

1900 889 2298 947 manifestaret.
2333 888 2505 944 Porro
2531 889 2717 945 decem
2750 889 3035 960 discipulis
3058 890 3124 955 ",
3160 904 3287 945 cum
3326 889 3468 943 Tho-

1899 1000 2012 1037 mas
2045 998 2152 1038 non
2188 983 2403 1039 adesset
2421 982 2488 1045 ι’,
2532 989 2591 1036 et
2634 981 2855 1051 quidem
2903 981 3008 1036 sub
3031 996 3315 1051 vesperam
3344 980 3469 1051 ipso

1900 1073 2321 1130 resurrectionis
2351 1073 2460 1129 die.
2499 1072 2635 1128 Inde
2678 1073 2965 1142 discipulis
3006 1072 3285 1138 undecim,
3326 1087 3472 1141 prae-

1900 1171 2057 1221 sente
2091 1164 2255 1219 etiam
2279 1171 2334 1219 et
2366 1172 2726 1219 annumerato
2750 1163 2857 1220 illis
2880 1163 3110 1220 Thoma.
3136 1164 3330 1221 Postea
3354 1164 3469 1219 fra-

1873 1254 2079 1309 tribus
2115 1255 2430 1325 quingentis
2470 1263 2526 1309 οι
2578 1255 2809 1323 amplius
2855 1256 3039 1322 simul,
3081 1271 3317 1327 quorum
3357 1256 3472 1325 ple-

1902 1360 2103 1415 rosque
2122 1346 2301 1399 adhuc
2326 1360 2611 1415 superesse
2637 1346 2838 1402 Paulus
2861 1357 3091 1403 testatur
3114 1349 3178 1404 ".
3200 1345 3473 1402 Preterea

1902 1434 2108 1493 Jacobo
2125 1435 2188 1503 ’δε
2218 1435 2363 1507 quod
2380 1436 2522 1491 idem
2545 1434 2745 1494 Paulus
2759 1439 2936 1503 docet,
2963 1452 3071 1493 non
3098 1439 3318 1508 quidem
3351 1447 3475 1492 tan-

1906 1532 2021 1580 tum
2090 1526 2233 1581 inter
2279 1526 2566 1581 duodecim
2626 1526 2768 1581 illos.
2819 1527 2962 1583 Ante
3007 1527 3152 1582 enim
3208 1527 3474 1582 dixerat:

1910 1635 1930 1670 ι
1953 1616 2218 1687 Apparuit
2238 1616 2433 1686 Cepliae
2458 1636 2472 1672 :
2498 1627 2685 1687 postea
2708 1618 2998 1673 duodecim
3025 1618 3135 1673 illis
3159 1618 3241 1687 ¹⁸;
3269 1636 3287 1669 ι
3312 1619 3481 1673 adeo-

1906 1725 2015 1781 que
2054 1711 2321 1781 apostolis
2372 1711 2526 1766 ilium
2580 1712 2974 1779 supcraddidit.
3013 1710 3219 1767 Deinde
3268 1720 3479 1779 septem

1908 1801 2037 1867 illis,
2081 1800 2160 1856 ad.
2178 1816 2329 1857 mare
2358 1799 2664 1859 Tiberiadis
2704 1802 3072 1873 congregatis,
3114 1800 3219 1856 hoc
3254 1810 3340 1855 est
3372 1800 3478 1855 Pe—

222 1903 414 1939 κοντα.
450 1881 582 1939 Εἶτα
637 1888 718 1951 είς
747 1887 807 1941 τὺ
838 1887 967 1957 δρος
1018 1887 1119 1957 τῆς
1150 1886 1442 1953 Γαλιλαίας
1474 1881 1537 1952 οῦ
1576 1889 1799 1954 ετάξατο

1905 1902 2012 1955 Iro,
2054 1891 2299 1956 Thomas,
2348 1892 2696 1955 Natbanaeli,
2723 1890 2951 1959 Iacobo,
2988 1890 3207 1956 Joanni,
3256 1900 3313 1945 et
3356 1891 3481 1946 aliis

220 1976 452 2039 αὒτοτςό
476 1976 703 2048 Ἰησοῦς,
736 1978 829 2032 καὶ
849 1979 931 2041 είς
944 1978 1005 2033 τὸ
1019 1979 1146 2050 δρος
1167 1979 1277 2037 τῶν
1309 1978 1556 2045 Ἐλαιῶν,
1582 1980 1799 2054 saw)

223 2069 320 2119 καὶ
347 2071 379 2138 ή
410 2068 693 2139 ἀνάληψις.

1904 1984 2121 2042 duobus
2172 1986 2453 2058 discipulis
2506 1988 2624 2041 suis
2653 1988 2717 2042 “.
2766 1986 2939 2042 Porro
2988 1985 3251 2057 apostolis
3291 1985 3478 2039 omni-

1907 2079 2011 2135 bus
2036 2080 2101 2145 ",
2152 2078 2254 2133 hoc
2298 2090 2383 2135 est
2436 2079 2780 2151 septuaginta
2831 2079 3135 2149 discipulis.
3176 2077 3380 2133 Deinde
3425 2078 3481 2133 in

223 2168 414 2215 monte
441 2159 675 2217 Dalilae
696 2162 759 2228 “,
783 2178 893 2234 quo
912 2163 1205 2221 convenire
1226 2179 1323 2221 eos
1335 2162 1781 2248 Jesusjusserat,
1812 2181 1866 2227 et
1894 2171 1947 2226 in
1979 2183 2163 2230 monte
2188 2171 2407 2240 ()liveti,
2441 2173 2583 2227 unde
2620 2182 2675 2227 et
2700 2171 2960 2226 Aseensio
2990 2168 3131 2226 facta
3160 2177 3245 2225 est
3265 2169 3332 2223 “.

722 2277 1058 2333 ΕΡΟΤΗΣῙΣ
1113 2280 1290 2337 PKE'.

221 2367 331 2439 Διᾲ
364 2369 420 2439 τί
446 2370 842 2439 ,παρήγγειλεν
871 2372 904 2423 ό
946 2371 1199 2439 Χριστὸς
1257 2371 1383 2438 wh;
1429 2372 1798 2439 ἀποστόλοις

294 2436 414 2508 ἀςτύ
455 2436 900 2508 ΔἸεροσολύμων⁹
936 2436 1021 2506 μὴ
1082 2436 1456 2508 χωρίζεσθαι,
1504 2443 1604 2498 καὶ
1654 2436 1798 2498 πότέ

297 2505 413 2574 τὴν
439 2505 803 2577 essay-reﬂui-
827 2505 944 2563 toﬁ
963 2505 1195 2577 Πατρός
1222 2505 1502 2579 ἥκουσαν
1515 2529 1539 2579 ;

1899 2286 2229 2354 QUESTIO
2269 2284 2459 2344 CXXV
2498 2284 2682 2359 [CoisL
2724 2283 2979 2351 CXLVII,
3019 2284 3183 2339 Taur.
3218 2280 3477 2356 CXLVI].

1899 2376 2079 2444 Quare
2122 2376 2366 2431 Christus
2397 2376 2644 2446 praecepit
2689 2376 2971 2445 apostolis,
3017 2395 3036 2427 ι
3068 2391 3129 2427 ηε
3169 2373 3475 2446 Hierosoly-

1972 2448 2071 2500 mis
2103 2442 2452 2511 discederent,
2492 2442 2804 2517 et,'quaitdo
2841 2446 3246 2517 promissionem
3290 2442 3477 2498 Patris

1970 2516 2286 2571 audiverunt
2307 2517 2388 2570 ὀἳ
2422 2536 2441 2571 ι

487 2622 741 2675 Editarum
765 2638 795 2674 a
826 2624 1004 2675 Wolﬁo
1025 2624 1215 2676 decima
1237 2627 1293 2691 (l.
1329 2640 1398 2689 c.,
1420 2641 1472 2692 p.
1498 2628 1609 2689 ⁸134,
1631 2628 1740 2678 735.
1765 2629 1802 2682 (ἶ

1903 2633 1985 2683 nd.
2008 2646 2057 2696 p.
2085 2633 2195 2694 723,
2228 2633 2338 2696 ται,
2356 2647 2406 2683 n.
2431 2633 2537 2697 ΞΒ).
2562 2630 2699 2683 -ῐιι
2729 2631 2853 2682 Acta
2874 2636 3034 2695 apost.
3069 2642 3105 2691 ι,
3134 2630 3179 2681 ι.

296 2732 674 2803 Παρήγγειλεν
703 2734 889 2797 αὐτοῖς
927 2734 1035 2789 ἀπὸ
1085 2733 1475 2808 Ἰεροσολύμων
1520 2737 1597 2809 μή
1630 2740 1801 2812 χωρί-

221 2823 442 2891 ζεσθαι,
473 2825 606 2877 ἀλλὰ
631 2826 946 2896 περιμένειν
963 2825 1061 2897 τὴν
1081 2827 1414 2895 επαγγελίαν
1435 2827 1529 2882 τοῦ
1561 2829 1796 2901 Πατρὸς,

222 2916 294 2985 ἣν
311 2916 584 2985 ἠκούσατέ
612 2932 735 2987 μου.
778 2917 918 2970 Ἀλλ’
946 2918 1029 2970 ὅτι
1067 2917 1167 2987 μὲν
1187 2920 1216 2971 ὁ
1254 2919 1443 2990 Σωτήρ
1484 2920 1612 2991 εφη,
1642 2922 1802 2976 τοῦτο

218 3007 403 3077 δῆλον.
454 3004 615 3061 Εἶπεν
651 3009 782 3080 γάρ,
816 3009 898 3066 att
938 3027 985 3060 -ι
1029 3008 1332 3063 ’Δναδαίνω
1360 3011 1497 3083 πρὸς
1542 3011 1634 3065 τὸν
1682 3013 1796 3065 Ila.-

219 3097 360 3168 τερα
389 3115 514 3167 μου,
554 3100 647 3152 καὶ
684 3098 987 3169 παρακαλῶ
1032 3100 1217 3165 αὐτὸν,
1267 3101 1365 3155 καὶ
1409 3101 1618 3172 πέμπει
1670 3104 1801 3174 ὑμῖν

219 3189 317 3241 τὸν
347 3188 722 3260 Παράκλητον.
763 3210 781 3242 ι
820 3191 879 3245 '0
913 3191 971 3245 δὲ
1012 3191 1206 3261 Πατὴρ
1235 3191 1341 3246 ποῦ
1390 3194 1797 3265 ἑπηγγείλατο;

222 3281 293 3332 ὲκ
317 3281 417 3349 μὲν
439 3282 547 3350 γὰρ
575 3282 669 3335 τοῦ
704 3283 1040 3353 Εὑαγγελίου
1082 3286 1117 3356 ή
1145 3283 1245 3339 τοῦ
1296 3286 1514 3357 Πατρδς
1561 3291 1804 3356 ἐπαγγε-

1976 2741 2241 2815 Pracepit
2300 2743 2409 2799 illis
2452 2758 2519 2798 ne
2564 2740 2953 2813 Hierosolymis
2982 2740 3348 2806 discederent,
3380 2739 3479 2795 sed

1906 2843 2289 2904 exspectarent
2316 2834 2737 2904 promissionem
2767 2832 2963 2896 Patris,
2991 2847 3158 2901 quam
3194 2847 3257 2885 ex
3290 2847 3349 2885 se
3379 2844 3480 2883 an-

1906 2925 2161 2982 diverint.
2218 2925 2373 2993 Quod
2424 2924 2683 2980 Servator
2736 2923 2787 2979 id
2839 2923 3077 2987 dixerit,
3129 2920 3481 2976 manifestum

1908 3017 2099 3087 utique
2149 3027 2252 3073 est.
2297 3016 2515 3071 Dixerat
2564 3014 2707 3071 enim
2741 3034 2755 3071 :
2790 3034 2810 3067 ι
2841 3015 3094 3071 Ascendo
3150 3016 3219 3066 ad
3263 3014 3483 3067 Patrem

1903 3126 2112 3176 meum,
2139 3120 2195 3167 et
2234 3110 2497 3179 precabor
2526 3108 2699 3171 illum,
2745 3116 2801 3163 et
2837 3106 3019 3161 mittet
3053 3106 3209 3160 vobis
3244 3103 3484 3157 Paracli-

1904 3206 2022 3254 tum
2044 3200 2115 3252 “.
2146 3217 2164 3249 ι
2213 3198 2314 3254 Ubi
2343 3212 2472 3252 vero
2502 3195 2663 3252 Pater
2694 3196 2825 3251 illud
2859 3194 3145 3266 promisit?
3180 3192 3303 3249 Haec
3335 3194 3482 3248 enim

1906 3284 2085 3343 Patris
2116 3286 2412 3357 promissio
2443 3300 2508 3340 ex
2537 3283 2831 3355 Evangelia
2861 3300 2968 3338 non
3020 3290 3256 3337 constat.
3292 3279 3484 3333 Nonne

223 3371 319 3424 λία
343 3373 440 3443 οὐχ
466 3373 801 3444 εὑρίσκεται.
834 3376 905 3429 Ἦ
935 3375 1116 3445 δῆλον,
1145 3377 1221 3441 ῶς
1254 3377 1313 3430 εν
1356 3380 1471 3441 τοῖς
1501 3380 1802 3449 προφήταις

1911 3378 2075 3450 igitur
2119 3376 2496 3448 consequitur,
2534 3376 2589 3431 in
2627 3374 2911 3447 prophetis
2961 3388 3082 3429 eam
3114 3372 3391 3426 inveniri?
3428 3371 3490 3425 id

223 3463 543 3534 εὑρίσκεται
568 3480 584 3530 ;
614 3465 690 3530 ὡς
721 3469 989 3537 μαρτυρεῖ
1020 3468 1115 3520 καὶ
1139 3467 1350 3531 Παῦλος
1386 3468 1583 3537 λέγων·
1616 3490 1634 3522 ι
1660 3469 1802 3524 Παῦ-

229 3556 327 3621 λος
349 3599 363 3623 ,
418 3558 603 3623 δοῦλος
669 3560 843 3631 Ἰησοῦ
901 3562 1159 3633 Χριστοῦ,
1217 3562 1412 3634 κλητὸς
1476 3564 1797 3629 ἀπόστολος,

225 3650 616 3721 ἀφωρισμένος
646 3653 726 3715 είς
775 3652 1107 3720 Εὑαγγίλιον
1156 3653 1316 3718 Θεοῦ,
1353 3652 1382 3707 ὃ
1435 3655 1803 3725 προεπηγγεί-

224 3737 361 3791 λατο
386 3739 474 3792 διὰ
519 3739 629 3793 τῶν
678 3742 981 3814 προφητῶν
1004 3742 1168 3797 αὑτοῦ
1220 3746 1277 3799 ἐν
1337 3744 1583 3816 Γραφαῖς
1619 3745 1806 3814 ἁγίαις

228 3832 366 3901 περὶ
396 3830 490 3885 τοῦ
524 3831 656 3885 Υῑοῦ
680 3834 867 3889 αὐτοῦ.
908 3854 926 3885 ι
984 3836 1573 3909 Προεπαγγειλάμενος
1622 3838 1805 3894 τοίνυν

228 3922 589 3990 Εὖαγγέλιον,
618 3924 981 3995 ἐπηγγείλατο
1013 3928 1107 3981 καὶ
1128 3926 1355 3999 Πνεῦμα
1383 3928 1539 3996 ἅγιον
1575 3930 1801 3986 διδόναι.

227 4012 397 4081 Λέγει
432 4012 491 4066 δὲ
521 4015 615 4068 καὶ
656 4015 747 4069 διὰ
773 4014 869 4069 τοῦ
926 4018 1205 4088 προφήτου
1247 4020 1276 4072 ὁ
1304 4018 1437 4083 Θεός
1466 4035 1478 4049 ·
1504 4038 1523 4072 ι
1546 4020 1635 4073 Ἐν
1686 4022 1806 4085 ταῖς

225 4110 491 4179 δσχάταις
512 4112 773 4183 ἡμέραις,
798 4112 945 4181 λέγει
966 4113 1167 4184 Κύριος
1182 4115 1597 4186 παντοκράτωρ,
1632 4116 1807 4185 ἐκχεῶ

228 4202 344 4255 ἀπὸ
372 4201 467 4255 τοῦ
508 4202 820 4274 Πνεῦματός
853 4220 954 4273 μου
983 4204 1076 4257 ἐπὶ
1100 4206 1281 4259 πᾶσαν
1320 4205 1521 4277 σάρκα,
1552 4206 1646 4260 καὶ
1669 4221 1808 4277 προ-

227 4293 594 4363 φητεύσουσιν
620 4296 670 4348 oi
705 4296 811 4349 υἱοὶ
840 4294 995 4364 ὑμῶν
1024 4296 1120 4350 καὶ
1148 4297 1206 4349 αί
1236 4296 1537 4368 θυγατέρες
1568 4297 1743 4367 ὑμῶν.
1779 4317 1799 4351 ι

241 4383 379 4438 Ἰδοὺ
400 4385 435 4455 ή
455 4384 757 4453 ἐπαγγελία
780 4386 792 4438 l
828 4384 893 4438 Ἢ
907 4384 963 4439 δὲ
992 4382 1237 4448 εκῦασις,
1258 4386 1338 4439 ὅτι
1357 4384 1468 4456 (88)
1498 4385 1560 4439 τδ
1584 4385 1810 4456 Πνεῦμα

226 4476 294 4531 τὸ
340 4476 495 4543 ἅγιον
544 4476 601 4528 εν
651 4476 778 4531 εῖδει
832 4475 1091 4545 γλωσσῶν
1137 4475 1225 4546 ἐφ’
1284 4476 1380 4529 ἕνα
1421 4476 1652 4530 ἕκαστον
1700 4477 1808 4530 τῶν

232 4566 498 4637 μαθητῶν
539 4567 778 4632 ἐκάθισε,
832 4567 928 4621 καὶ
979 4567 1203 4621 ἐλάλουν
1258 4567 1328 4621 τὰ
1386 4568 1652 4637 μεγαλεῖα
1708 4567 1805 4622 τοῦ

227 4657 391 4711 Θεοῦ.
424 4658 546 4711 Ὅτι
600 4658 658 4711 δὲ
698 4660 726 4711 ὁ
771 4657 960 4728 Πατὴρ
1007 4656 1181 4712 ταῦτα
1220 4656 1389 4727 λέγει,
1431 4660 1531 4729 οὐχ
1580 4660 1611 4712 ὁ
1654 4659 1803 4723 Υἱὸς,

228 4752 300 4802 ἐκ
324 4748 427 4819 τῆς
452 4749 744 4819 ἐπαγωγῆς
765 4749 943 4818 δῆλον.
977 4766 995 4800 ι
1028 4750 1137 4803 Καὶ
1158 4749 1315 4802 δώσω
1339 4749 1470 4821 γάρ,
1506 4751 1660 4821 φησι,
1702 4767 1801 4821 ση-

232 4844 370 4911 μεῖα
393 4841 452 4893 εν
471 4840 549 4912 τῷ
571 4839 780 4912 οὐρανῷ
804 4841 937 4907 άνω,
974 4842 1068 4894 καὶ
1092 4843 1150 4894 ἑν
1176 4842 1243 4910 τῇ
1274 4843 1345 4912 γῇ
1372 4842 1542 4899 κάτω.
1587 4861 1605 4895 ι
1656 4837 1806 4913 Αἷμα

236 4936 340 5003 μὲν
370 4932 499 5004 γάρ,
523 4933 552 4986 δ
582 4932 881 5004 παραδόξου
936 4932 1161 5003 σημείου
1205 4932 1363 5000 λόγον
1402 4933 1611 5003 ἐπέχει,
1646 4933 1707 4985 τὺ
1743 4933 1809 4985 ὲκ

228 5027 337 5095 τῆς
375 5025 707 5095 Δεσποτικῆς
737 5024 878 5095 μετὰ
913 5024 1141 5079 θάνατον
1170 5023 1373 5095 ῥεῦσαν
1396 5024 1657 5096 «lippi?
1699 5023 1813 5094 πῦρ

232 5115 317 5178 δὲ,
347 5113 409 5167 τδ
432 5116 542 5178 τοῖς
581 5114 928 5181 ἀποστόλοις,
984 5114 1063 5178 ὡς
1114 5115 1464 5187 προείρηται,
1507 5115 1808 5187 διαιρεθὲν.

1902 3471 2048 3526 enim
2103 3468 2306 3525 Paulus
2353 3483 2572 3538 quoque
2628 3475 2890 3534 testatur,
2937 3465 3169 3521 dicens:
3203 3484 3221 3516 ι
3254 3463 3485 3526 Paulus,

1906 3574 2097 3616 servus
2128 3557 2261 3614 Jesu
2288 3557 2515 3621 Christi,
2554 3564 2781 3613 vocatus
2827 3557 3138 3627 apostolus,
3194 3562 3486 3624 separatus

1905 3652 1971 3706 ad
2002 3649 2355 3720 Evangelium
2394 3648 2513 3715 Dei,
2545 3648 2694 3719 quod
2742 3657 2901 3703 antea
2934 3648 3191 3719 promisit
3220 3662 3315 3716 per
3348 3660 3481 3714 pro-

1904 3744 2097 3813 phetas
2138 3757 2271 3799 suos
2320 3742 2373 3797 in
2405 3740 2703 3809 Scripturis
2744 3740 2920 3797 sacris
2956 3740 3026 3797 de
3056 3738 3196 3793 Filio
3236 3755 3337 3794 suo
3356 3740 3421 3792 ".
3460 3757 3480 3789 ι

1910 3839 2140 3905 Quando
2160 3838 2347 3908 itaque
2387 3835 2743 3908 Evangelium
2776 3846 2903 3894 ante
2926 3836 3205 3907 promisit,
3236 3833 3489 3904 promisit

1908 3932 2071 3987 etiam
2115 3946 2175 3987 se
2218 3930 2485 4001 Spiritum
2529 3941 2781 3987 sanctum
2827 3930 3085 3987 daturum
3151 3942 3295 3983 esse.
3343 3925 3488 3985 Deus

1905 4036 2034 4078 vero
2067 4022 2229 4077 etiam
2261 4037 2354 4093 per
2384 4023 2703 4093 prophetam
2736 4020 2810 4076 ait
2838 4039 2851 4076 :
2891 4038 2910 4073 ι
2942 4021 2999 4076 In
3037 4020 3245 4074 ultimis
3268 4018 3485 4081 diebus,

1905 4115 2038 4171 dicit
2066 4114 2209 4171 Deus
2237 4115 2604 4186 omnipotens,
2634 4114 2700 4169 de
2731 4111 2938 4183 Spiritu
2969 4127 3090 4166 meo
3115 4109 3397 4166 ell‘undam
3430 4109 3487 4163 in

1905 4219 2123 4261 omnem
2144 4220 2386 4273 carnem,
2417 4214 2472 4261 et
2498 4206 2902 4277 propbetabunt
2932 4204 3029 4259 lilii
3064 4204 3257 4269 vestri,
3287 4213 3341 4256 et
3362 4200 3489 4255 ﬁlize

1906 4297 2183 4352 vestrm“.
2212 4316 2232 4350 ι
2282 4294 2362 4351 En
2409 4297 2864 4366 promissionem!
2930 4295 3157 4366 impleta
3214 4308 3345 4349 vero
3390 4293 3483 4347 illa

1905 4395 2010 4451 est,
2034 4388 2253 4458 quando
2291 4387 2526 4457 Spiritus
2555 4396 2780 4444 sanctus
2806 4388 2909 4444 sub
2934 4388 3119 4457 specie
3160 4387 3495 4456 linguarum.

1907 4479 1962 4532 in
2016 4494 2348 4548 unoquoque
2388 4479 2781 4549 discipulorum
2844 4478 3098 4534 consedit
3121 4480 3206 4542 “,
3262 4478 3484 4546 ipsique

1907 4586 2102 4641 magna
2148 4569 2243 4625 Dei
2290 4586 2453 4640 opera
2493 4572 2860 4641 exponebant.
2904 4572 3121 4626 Patrem
3176 4584 3305 4623 vero
3348 4571 3485 4631 haec,

1908 4677 2015 4717 non
2043 4660 2263 4725 Filium,
2298 4661 2467 4730 loqui,
2490 4678 2557 4716 ex
2581 4662 2935 4732 sequentibus
2967 4670 3195 4731 apparet
3223 4677 3235 4713 :
3276 4678 3295 4710 ι
3330 4660 3479 4713 Dabo

1907 4753 2073 4817 enim,
2112 4754 2307 4824 inquit,
2343 4752 2500 4823 signa
2539 4753 2594 4807 in
2634 4753 2773 4808 caelo
2822 4765 3008 4831 supra,
3042 4760 3097 4806 et
3130 4751 3184 4803 in
3218 4749 3481 4805 terrain.-

1905 4846 2007 4900 lra.
2044 4865 2061 4896 ι
2096 4846 2330 4916 Sanguis
2359 4846 2525 4908 enim,
2571 4846 2667 4916 qui
2705 4844 2847 4917 signi
2900 4843 3167 4899 mirabilis
3202 4843 3474 4896 rationem

1907 4938 2087 5003 liabet,
2127 4938 2217 4994 ille
2259 4947 2363 5005 est,
2406 4939 2500 5009 qui
2538 4953 2605 4993 ex
2639 4938 2851 4992 Domini
2896 4938 3066 4991 latere
3110 4944 3233 5005 post
3263 4934 3477 4989 obitum

1920 5028 2103 5096 ﬂuxit;
2140 5029 2280 5101 ignis
2302 5044 2430 5084 vero
2466 5029 2577 5096 ille,
2600 5028 2714 5099 qui,
2747 5037 2805 5082 ut
2835 5028 3043 5083 dictum
3067 5034 3174 5091 est,
3204 5024 3479 5092 aposmlis

1917 5128 2000 5177 est
2036 5119 2383 5177 distributus.
2412 5139 2433 5173 ι
2468 5120 2575 5176 Sed
2628 5128 2683 5176 et
2719 5119 2823 5186 soi,
2872 5119 3070 5191 inquit,
3115 5119 3174 5173 in
3222 5117 3485 5174 tenebras

307 5273 331 5304 ⁸
358 5269 372 5322 i
404 5269 529 5325 Cor.
564 5272 719 5335 xv,5.
761 5270 804 5303 "
829 5270 964 5326 Luc.
995 5287 1145 5334 xxiv,
1182 5270 1265 5325 l6.
1307 5270 1345 5304 ¹¹
1372 5270 1529 5326 Joan.
1561 5272 1757 5335 xx,l9.
1799 5273 1842 5303 "
1868 5272 2112 5330 ibid.26.
2156 5273 2382 5329 "lCor.
2420 5289 2507 5338 xv,
2539 5274 2592 5329 6.
2636 5273 2829 5328 “ibid.
2856 5273 2907 5327 7.
2949 5272 3139 5325 "ibid.
3172 5271 3225 5325 5.
3268 5271 3310 5301 ¹⁶
3329 5267 3489 5321 Joan.

232 5357 358 5405 xxi,
381 5340 435 5395 Ξ.
511 5341 551 5371 "
576 5340 595 5393 ι
616 5342 743 5411 Cor.
778 5357 867 5411 xv,
896 5342 950 5399 7.
1028 5342 1071 5372 "
1093 5340 1279 5395 Matth.
1312 5357 1505 5411 xxtjm,
1534 5341 1584 5393 7.

1661 5343 1703 5374 ¹⁹
1729 5345 1846 5395 Act.
1881 5356 1923 5407 ι,
1954 5344 2042 5397 12.
2113 5344 2309 5397 "ibid.
2354 5359 2391 5403 l,
2425 5343 2476 5396 4.

2578 5345 2618 5375 ⁸⁸
2641 5341 2800 5398 Joan.
2838 5358 2952 5407 xlv,
2984 5341 3077 5405 16,
3113 5341 3271 5411 cujus
3300 5349 3487 5397 tamen

234 5428 352 5465 non
380 5422 487 5464 tam
513 5410 697 5476 verba,
733 5427 896 5482 quam
930 5427 1154 5468 sensum
1182 5413 1375 5467 recitat
1398 5410 1645 5467 Pliotius.
1716 5412 1760 5444 “
1785 5413 1944 5467 Rom.
1982 5429 2019 5477 ι,
2054 5412 2109 5466 2.
2149 5412 2323 5468 "Joel
2374 5428 2455 5480 ιιι,
2492 5414 2516 5467 1
2556 5429 2679 5483 sqq.
2714 5414 2761 5444 “
2790 5414 2913 5470 Act.
2944 5428 3008 5477 ll,
3034 5412 3091 5467 5.

1753 5553 1978 5611 ΝΟΤΕ.

308 5684 561 5807 $85M».
588 5703 757 5753 xxvu,
784 5688 869 5749 ll,
895 5689 983 5743 ubi
1009 5700 1187 5771 tamen
1210 5689 1400 5744 ultima
1431 5689 1611 5745 verba:
1644 5688 1810 5757 ἀναγ-

339 5756 463 5807 λατε
490 5760 641 5807 ἡμῖν-
672 5757 874 5807 frustra
905 5776 1241 5807 «inmaturis.

235 5756 463 5842 γείλατε
490 5760 641 5842 ημῖν,
672 5757 887 5842 frustra
905 5761 1241 5842 quaesiveris:

315 5826 465 5897 (86H
496 5828 620 5884 Cor.
654 5844 742 5897 xv,
779 5828 833 5897 5,
872 5826 1004 5899 legis
1033 5833 1145 5895 τοῖς
1174 5828 1406 5886 δώδεκα.

1993 5688 2105 5757 (87)
2142 5688 2340 5757 Legere
2365 5690 2545 5742 malim
2573 5689 2716 5744 ὅθεν.

1988 5759 2099 5830 (88)
2126 5757 2327 5829 Legere
2353 5762 2557 5826 malim,
2594 5760 2704 5813 ὅτε.
