4200 6444
748 413 856 478 719
1902 413 2162 473 ΡΗΟΤΠ
2194 415 2357 472 ΡΑΊΊ

2452 413 2698 473 ιΒΟΙ-ΙεΕ
2730 413 2836 472 CP.
3897 407 4006 470 τεο

753 531 1125 589 eonvertetur,
1165 531 1218 576 et
1256 522 1382 576 luna
1422 522 1476 576 in
1522 523 1868 591 sanguinem,
1901 532 2190 590 antequam
2223 538 2316 577 ve-
2349 561 2357 584 ε

2503 523 2662 577 Ἀλλά
2710 523 2802 575 καὶ
2841 522 2870 573 ὁ
2915 519 3087 591 ἥλιος,
3135 521 3325 589 φησιν,
3366 520 3888 591 μεταστραφήσεται
3927 524 4006 582 εἰς

754 617 865 670 niat
919 614 1036 669 dies
1075 613 1288 667 Domini
1340 629 1534 682 magna
1588 623 1643 668 et
1700 613 1949 675 illustris,
1983 632 2001 664 ι
2060 614 2164 667 hoc
2211 624 2317 676 est,

2452 614 2637 679 rxé'ro;,
2695 614 2789 667 καὶ
2841 614 2874 683 ἡ
2926 612 3124 681 σελήνη
3166 613 3247 674 είς
3303 606 3636 680 αἷμα,’πρὶν
3688 609 3867 664 ἐλθεῖν
3909 611 4010 679 τὴν

757 704 903 760 Filii.
952 703 1075 759 Haec
1113 713 1295 758 autcm
1351 718 1377 755 a
1427 703 1608 768 Patre,
1651 719 1759 757 non
1797 719 1824 755 a
1877 704 2161 773 preplicta,
2193 702 2321 766 dici,

2452 705 2639 774 ιμέρσν
2671 702 2878 773 Κυρίου
2898 701 2996 772 τὴν
3025 700 3270 771 μεγάλην
3310 702 3407 753 καὶ
3435 701 3701 770 ἐπιφανῆ,
3733 703 4008 764 τουτέστι,

757 799 971 852 initium
1005 797 1211 851 oraculi
1243 796 1406 865 hujus
1442 806 1692 852 testatur.
1722 795 1778 850 ld
1823 797 1967 850 enim
2005 797 2077 850 ita
2120 796 2319 851 habet:

2452 789 2524 844 τοῦ
2555 789 2704 843 Υίοῦ.
2739 807 2760 840 a
2795 789 2920 842 Ὅτι
2947 788 3003 841 δὲ
3029 789 3140 841 ἀπὸ
3181 787 3278 842 τοῦ
3310 788 3527 858 Πατρός
3565 788 3785 858 εῐρηται
3809 789 4011 854 ταῦτα,

761 909 778 937 ο
811 889 867 941 1η
909 888 1118 944 ultimis
1153 888 1368 951 diebus,
1409 888 1588 958 inquit
1619 887 1903 951 Dominus,
1946 887 2218 943 cll'undam
2258 889 2328 942 de

2452 881 2526 935 ιαὶ
2547 881 2647 933 οὐκ
2675 880 2783 933 ἀπὸ
2807 880 2902 933 τοῦ
2934 881 3237 951 προφήτου,
3287 882 3321 950 ἡ
3351 878 3498 951 ἀρχὴ
3534 879 3632 932 τοῦ
3665 878 3832 950 ῥητοῦ
3874 897 4015 949 μαρ-

759 979 963 1050 Spiritn
991 997 1110 1034 meo
1155 996 1319 1051 super
1347 995 1566 1034 omnem
1599 994 1843 1048 carnem,
1873 999 1894 1032 ι
1946 989 2053 1035 etc.
2093 977 2323 1034 Manile-

2452 974 2599 1042 :upsi'.
2637 973 2791 1044 Ἔχει
2823 972 2950 1042 γάρ’
2983 990 3002 1023 ι
3025 971 3116 1025 Ἐν
3143 973 3265 1035 ταῖς
3289 971 3548 1042 ἐσχάταις
3573 973 3830 1043 ἡμέραις,
3861 972 4016 1038 λέγει

760 1084 903 1126 stum
951 1074 1075 1129 hinc
1116 1083 1201 1129 est
1234 1089 1328 1144 per
1356 1072 1673 1135 Dominum,
1719 1087 1828 1127 non
1857 1073 2197 1144 prophetam,
2229 1071 2322 1142 qui

2452 1064 2654 1135 (ύριος,
2711 1064 2886 1136 ἐκχεῶ
2927 1065 3036 1119 ἀπὸ
3063 1065 3157 1118 τοῦ
3191 1064 3507 1135 [lutitant-6:;
3556 1082 3659 1134 μου
3691 1067 3786 1118 ἐπὶ
3833 1067 4020 1118 πᾶσαν

758 1179 1063 1219 conservus
1112 1174 1298 1220 noster
1332 1175 1438 1230 est,
1479 1163 1575 1220 sed
1626 1163 1795 1220 Deum
1845 1174 1899 1220 et
1937 1165 2173 1228 Patrem,
2232 1163 2327 1235 qui

2452 1158 2633 1228 τάρκα,
2668 1175 2688 1209 a
2719 1162 2818 1210 καὶ
2850 1153 2999 1226 ἑξῆς.
3030 1157 3235 1227 Κύριος
3263 1156 3324 1211 δὲ
3342 1156 3525 1224 δῆλον,
3556 1157 3640 1210 ὅτι
3674 1157 3774 1226 οὐχ
3811 1156 3842 1207 ό
3885 1171 4024 1224 προ-

759 1268 886 1307 emn
915 1253 1146 1317 miserit,
1176 1253 1429 1308 indicari.

2452 1249 2634 1317 ρὴτης.
2661 1248 2949 1319 ὁμόδουλος
2969 1248 3048 1304 ὢν
3067 1250 3223 1319 ἠμῖν,
3244 1248 3360 1302 ἀλλ’
3388 1249 3416 1302 ό
3439 1247 3629 1301 τοῦτον
3653 1245 4022 1307 ἀπεσταλκὼς

2435 1340 2568 1404 Θεὸς
2603 1341 2698 1394 καὶ
2723 1341 2936 1411 Πατήρ.

762 1446 1090 1513 ρυλεετιο
1118 1446 1332 1503 CXXVI
1371 1447 1850 1522 [Cois!.CXLVlll,
1872 1449 2335 1522 Taur.C.\'LV|l].

2955 1451 3292 1503 ΕΡοτΗΣιΣ
3318 1449 3518 1516 Ρκςν.

906 1539 1131 1605 Quando
1163 1541 1420 1608 baptismi
1441 1553 1560 1596 sunt
1595 1543 1843 1610 apostoli,
1880 1553 1931 1596 et
1969 1560 2001 1596 (ι
2048 1544 2196 1612 quo?

2452 1539 2597 1593 Πότε
2664 1539 3119 1609 ἐϐαπτίσθησαν
3167 1540 3242 1660 ίοι
3293 1538 3626 1592 adcredat
3697 1535 3796 1590 καί
3861 1534 4028 1603 παρὰ

3131 1624 3165 1661 τ
3189 1623 3333 1674 voc,-

935 1719 1190 1771 Editarum
1213 1736 1243 1771 a
1278 1721 1458 1771 Wolﬁo
1479 1723 1739 1774 undecim
1760 1723 1832 1787 (p.
1864 1722 2090 1773 755-757.
2125 1723 2344 1775 Gallaud.
2365 1737 2417 1786 p.
2441 1723 2552 1786 721,
2577 1737 2627 1774 n.
2649 1725 2755 1788 27).
2775 1746 2843 1761 —
2872 1723 2950 1776 De
2970 1723 3216 1786 baptismo
3245 1721 3488 1785 apostolis
3505 1719 3687 1773 Christi
3711 1719 3845 1771 dato.

841 1833 1096 1890 Videmus
1125 1834 1404 1904 apostolos
1431 1844 1561 1888 ante
1584 1835 1893 1904 passionem
1924 1835 2132 1890 Christi
2163 1834 2343 1905 bapti-

2517 1835 2859 1909 Εὐρίσκομεν
2883 1836 3016 1900 τοὺς
3056 1833 3387 1897 ἀποστόλους
3430 1831 3697 1895 λαϐόντας
3737 1830 4025 1901 βάπτισμα

767 1940 942 1980 sinum
972 1921 1204 1979 Joannis
1222 1924 1516 1993 accepisse.
1543 1922 1730 1994 Neque
1757 1923 1903 1978 enim
1933 1922 2184 1980 Salvator
2216 1934 2344 1981 ante

2452 1929 2555 2001 πρὸ
2571 1928 2666 1982 τοῦ
2699 1928 2904 1992 πάθους
2935 1925 3175 2000 Χριστοῦ
3219 1926 3280 1979 τὸ
3320 1924 3593 1980 Ἰωάννου.
3636 1923 3698 1977 '0
3729 1921 3788 1976 δὲ
3828 1921 4030 1991 Σωτὴρ

768 2017 1076 2086 passionem
1123 2015 1294 2072 alium
1353 2014 1685 2085 baptismum
1749 2015 1996 2082 contulit,
2032 2032 2102 2073 ne
2136 2016 2345 2073 scilicet

2452 2020 2553 2092 πρὸ
2581 2019 2678 2074 τοῦ
2725 2017 2934 2083 πάθους
2967 2018 3029 2072 οὐ
3059 2017 3244 2072 δίδωσι
3271 2016 3553 2088 βάπτισμα
3579 2014 3788 2086 ἓτερον,
3826 2015 3914 2066 ινα
3947 2014 4027 2083 μὴ

768 2106 1097 2176 pueconium
1158 2103 1389 2162 Joannis
1441 2106 1657 2162 irritum
1715 2106 1985 2173 redderet,
2017 2119 2110 2162 aut
2143 2105 2345 2163 Judais

2452 2112 2584 2184 λύσῃ
2614 2110 2675 2164 τὸ
2726 2109 2976 2164 Ἰωάννου
3015 2110 3299 2181 κήρυγμα,
3340 2108 3435 2161 καὶ
3486 2107 3562 2177 δῷ
3605 2105 3862 2176 ἀφορμὴν
3909 2107 4029 2166 τοῖς

768 2197 1181 2254 adversantibus
1210 2197 1557 2253 occasionem
1605 2197 1872 2267 prmberet
1897 2199 2135 2264 dicendi,
2196 2199 2344 2269 quod

769 2291 824 2344 in
853 2290 1206 2360 opprobrium
1245 2287 1473 2345 Joannis
1526 2289 1859 2360 baptismum
1897 2290 2188 2360 quemdam
2217 2307 2346 2361 pro-

769 2382 947 2452 prium
1009 2380 1292 2436 invexerit.
1329 2378 1488 2447 Quod
1530 2395 1662 2436 vero
1690 2379 1767 2436 illi
1795 2380 2006 2446 deerat,
2035 2383 2346 2453 supplebat,

769 2489 878 2528 non
937 2487 1076 2542 aqua
1127 2471 1437 2542 baptizans,
1489 2473 1583 2528 sed
1640 2471 1868 2542 Spiritu.
1920 2471 2012 2528 Sic
2051 2475 2199 2528 enim
2231 2474 2348 2545 ipse

768 2564 842 2617 ait
875 2580 889 2616 :
933 2583 952 2616 ι
993 2561 1102 2618 Vos
1132 2578 1261 2616 vero
1294 2562 1710 2631 baptizabimini
1751 2560 1957 2632 Spiritu
1990 2573 2204 2628 sancto,
2237 2579 2348 2619 non

772 2663 896 2722 post
930 2654 1129 2708 multos
1158 2654 1276 2709 dies
1297 2653 1344 2686 "
1370 2693 1385 2717 ,
1428 2671 1448 2705 ι
1479 2668 1672 2720 nempe
1701 2653 1909 2708 decem.
1968 2653 2162 2710 Decem
2220 2671 2351 2711 vero

771 2746 888 2801 dies
929 2745 1055 2800 huic
1114 2745 1263 2813 operi
1323 2743 1680 2809 deﬁniuntur,
1718 2753 1777 2798 ut
1804 2743 1939 2799 ﬁdes
1969 2747 2350 2816 apostolorum

772 2837 1111 2907 probaretur.
1134 2835 1319 2890 Gratia
1345 2835 1490 2890 enim
1513 2835 1846 2906 quiescente,
1866 2837 2121 2907 nulloque
2135 2854 2350 2903 eorum,

773 2943 894 2992 qute
954 2927 1222 2996 promissa
1286 2934 1465 2992 erant,
1527 2935 1899 2995 comparente,
1968 2926 2102 2982 ﬁdes
2159 2943 2351 2984 eorum

775 3020 1152 3083 exercebatur,
1187 3033 1310 3087 spes
1338 3033 1467 3073 vero
1514 3018 1860 3072 occasionem
1907 3019 2351 3085 nanciscebatnr,

778 3116 935 3169 ﬁdem
962 3128 1069 3169 non
1098 3113 1319 3168 dubiam
1356 3113 1625 3183 pariendi.
1687 3113 1895 3184 Spiritu
1944 3114 2128 3180 itaque
2162 3122 2354 3168 sancto

778 3203 1064 3274 baptizari,
1096 3204 1237 3258 idem
1288 3215 1392 3270 est,
1442 3204 1588 3274 quod
1633 3204 1897 3274 Spiritum
1933 3215 2181 3258 sanctum
2209 3202 2352 3258 acci-

780 3307 924 3360 pere.
980 3291 1187 3361 Spiritu
1247 3291 1415 3368 igitur
1467 3300 1522 3347 et
1581 3307 1720 3361 aqua
1777 3303 1902 3346 ante
1951 3292 2355 3361 perpessionem

784 3381 987 3436 Christi
1025 3382 1285 3451 baptizati
1318 3391 1476 3437 erant
1503 3383 1756 3452 apostoli,
1795 3383 2179 3452 lavacrumque
2226 3382 2356 3438 illud

782 3471 977 3530 iisdem
1042 3473 1096 3526 in
1161 3473 1542 3528 remissionem
1602 3483 1970 3543 peccatorum,
2013 3488 2119 3526 non
2172 3481 2359 3527 autem

785 3561 1018 3629 Spiritus
1044 3563 1216 3617 sancti
1248 3562 1621 3627 collationem,
1649 3563 1900 3618 cedebat.
1937 3562 2201 3617 Joannem
2234 3577 2362 3617 vero

786 3655 1060 3722 apostolos
1099 3655 1426 3726 baptizasse,
1491 3654 1756 3710 Dominus
1821 3664 2009 3709 noster
2062 3654 2240 3715 docet,
2295 3653 2364 3706 ad

788 3745 1025 3808 l‘ctrum,
1068 3759 1193 3800 cum
1228 3745 1490 3800 larandus
1516 3755 1684 3809 esset,
1740 3745 2070 3800 abnuentem
2126 3744 2316 3799 dicens
2347 3760 2361 3796 :

795 3857 812 3886 ι
850 3837 952 3903 Qui
989 3838 1131 3892 lotus
1153 3846 1254 3902 est,
1287 3853 1510 3894 necesse
1533 3853 1640 3893 non
1671 3837 1830 3892 habet
1861 3837 2052 3903 lavari,
2083 3835 2188 3891 nisi
2219 3834 2366 3904 quod

788 3930 856 3984 ad
891 3930 1052 3999 pedes
1075 3932 1140 3984 ".
1181 3951 1200 3982 ι
1241 3929 1356 3986 Hac
1377 3931 1525 3987 enim
1557 3944 1692 3986 voce
1719 3929 1981 3991 ostendit,
2006 3943 2114 3982 non
2146 3927 2388 3988 Petrum,

790 4022 988 4084 solum,
1025 4022 1119 4077 sed
1150 4023 1312 4076 etiam
1373 4032 1623 4084 ceteros,
1677 4035 1914 4093 quorum
1972 4020 2161 4075 itidem
2201 4017 2368 4088 pedes

792 4122 1001 4166 tantum
1055 4113 1289 4176 lavabat,
1347 4112 1577 4169 Joannis
1641 4112 1913 4182 baptismo
1968 4125 2088 4165 esse
2129 4109 2366 4164 ablutos.

794 4202 1042 4257 Salvator
1071 4203 1233 4273 igitur
1251 4204 1582 4273 baptismum
1602 4201 1957 4274 poenitentia,
1979 4201 2074 4269 qui
2102 4216 2133 4254 a
2158 4197 2370 4254 Joanne

796 4297 850 4348 in
880 4295 1257 4350 remissionem
1308 4306 1657 4366 peccatorum
1697 4295 2201 4358 administrabatur,
2235 4292 2371 4347 adeo

797 4401 901 4439 non
929 4387 1229 4458 abrogavit,
1267 4399 1326 4443 ut
1351 4387 1539 4444 addito
1567 4389 1808 4459 Spiritus
1856 4385 2036 4443 sancti
2065 4385 2210 4441 dono
2243 4398 2368 4439 eum

796 4475 1103 4546 perfecerit.

918 4589 1254 4657 QUESTIO
1277 4591 1514 4649 CXXVII
1555 4593 1745 4666 [σοῖσι.
1790 4590 2023 4655 CXLIX,
2063 4590 2226 4644 Taur.

1425 4684 1732 4757 cxcvnu.

799 4774 1095 4843 Quomodo,
1148 4777 1239 4847 qui
1267 4777 1325 4831 iat
1356 4775 1624 4900 Christum
1657 4777 2046 4900 ⁸Ιὲιιριειιιιιιιιν.
2105 4775 2374 4830 Christum

1451 4863 1470 4899 t
1547 4862 1652 4900 tum

1451 4862 1540 4900 ιιια
1547 4862 1652 4900 κατι

2447 2203 2816 2272 ἀντιλέγουσιν
2862 2202 3159 2266 Ἰουδαίοις,
3186 2202 3270 2254 ὅτι
3308 2199 3446 2270 πρὸς
3475 2199 3633 2270 ῦσριν
3666 2198 3760 2251 τοῦ
3813 2197 4028 2250 Βαπτι-

2450 2294 2577 2348 στοῦ
2610 2295 2738 2348 ἴδιον
2762 2294 3136 2364 ἐπεισήγαγεν
3167 2292 3472 2362 βάπτισμα.
3517 2288 3929 2362 ’Δναπληροῖδὲ
3964 2287 4031 2340 τὸ

2449 2385 2656 2451 λεϊπον,
2690 2385 2792 2440 οὐκ
2827 2387 2889 2439 ιν
2936 2382 3091 2439 ὕδατι
3139 2381 3439 2454 βαπτίζων,
3463 2380 3580 2437 ἀλλ’
3629 2383 3687 2434 ἒν
3720 2379 4027 2449 Πνεύματι.

2451 2477 2648 2541 Καθὼς
2679 2478 2774 2532 καὶ
2825 2475 2989 2540 αὑτός
3045 2492 3234 2544 φησιν,
3267 2492 3289 2528 t
3337 2474 3529 2545 Ὑμεῖς
3574 2474 3631 2527 δὲ
3664 2470 4032 2543 βαπτισθήσε-

2454 2571 2548 2626 σθε
2575 2573 2636 2624 ἑν
2677 2569 2956 2640 Πνεῦματι
2980 2567 3121 2636 ἀγίῳ
3147 2567 3210 2621 οὗ
3243 2565 3384 2638 μετά
3411 2565 3610 2628 πολλὰς
3639 2563 3848 2626 ταύτας
3887 2563 4031 2630 ἡμέ-

2458 2681 2576 2736 ρας,
2617 2684 2638 2716 ι
2681 2663 2922 2732 δηλονότι
2952 2661 3106 2716 δέκα.
3139 2660 3386 2714 Δίδονται
3423 2659 3481 2712 δὲ
3526 2655 3858 2729 προθεσμίσι
3896 2654 4032 2706 δέκα

2453 2756 2658 2827 ἡμέραι
2680 2754 2769 2808 διὰ
2801 2751 3110 2822 γυμνασίαν
3137 2752 3239 2821 τῆς
3267 2749 3378 2802 τῶν
3403 2747 3719 2802 ἀποστόλων
3756 2747 4022 2806 πίστεως.

2466 2846 2873 2918 Ἡσυχαζούσης
2900 2845 3003 2915 τῆς
3035 2844 3283 2915 χάριτος,
3315 2843 3411 2897 καὶ
3440 2841 3668 2912 μηδενὸς
3717 2840 3828 2893 τῶν
3858 2841 4033 2907 ἐπηγ-

2455 2939 2736 3009 γελμένων
2764 2935 3123 3008 φαινομένων,
3172 2933 3510 3004 ὲγυμνάζετο
3540 2931 3724 2984 αὐτῶν
3753 2932 3788 3001 ἡ
3824 2931 4032 2992 πίστις,

2458 3029 2550 3083 καὶ
2584 3031 2617 3100 ή
2648 3028 2802 3090 ἐλπὶς
2827 3027 2890 3079 τὸ
2919 3027 3246 3081 ἀδίστακτον
3279 3023 3390 3092 (89)
3424 3023 3798 3092 καρποφορεῖν
3840 3020 4033 3090 καιρὸν

2459 3120 2782 3192 ἐλάμϐανεν.
2815 3117 2907 3188 Τῷ
2931 3117 3062 3186 γοῦν
3099 3115 3463 3187 βαπτισθῆναι
3488 3115 3548 3167 tv
3577 3113 3859 3182 Πνεῦματι
3891 3111 4030 3178 ἁγίῳ

2459 3214 2574 3267 ῐσον
2604 3211 2720 3263 ἐστὶ
2749 3209 2808 3263 τὸ
2835 3208 3018 3263 λαϐεῖν
3046 3205 3271 3276 Πνεῦμα
3303 3205 3478 3274 ἅγιον.
3510 3201 3691 3258 Ἦσαν
3720 3203 3816 3256 οὖν
3860 3201 4033 3255 Πνεῦ-

2463 3320 2595 3375 ματι
2623 3302 2719 3356 καὶ
2745 3301 2898 3355 ὕδατι
2917 3299 3025 3371 πρὸ
3052 3297 3148 3352 τοῦ
3173 3296 3380 3360 πάθους
3410 3293 3798 3367 βαπτισθέντες
3828 3293 3880 3345 oi
3903 3292 4036 3344 ἀπό-

2463 3395 2660 3451 στολοι.
2710 3394 2822 3449 Καὶ
2845 3389 2914 3464 ἦν
2970 3393 3033 3446 τὸ
3077 3391 3300 3460 λουτρὸν
3352 3391 3531 3443 ἐκεῖνο
3582 3388 3663 3450 εἰς
3692 3386 3892 3455 ἄφεσιν
3937 3384 4034 3453 μὲν

2463 3484 2766 3555 ἁμαρτιῶν,
2793 3482 2892 3536 οὐκ
2921 3482 3001 3544 είς
3023 3481 3257 3551 μετοχὴν
3283 3479 3339 3532 δὲ
3361 3477 3678 3546 Πνεῦματος
3705 3475 3888 3544 ἁγίου.
3915 3473 4035 3525 ὀτι

2464 3571 2522 3624 δὲ
2552 3573 2677 3633 τοὺς
2711 3569 3043 3632 ἀποστόλους
3067 3571 3098 3622 ό
3147 3568 3401 3638 Ἰωάννης
3428 3566 3712 3627 ἑϐἀπτισε,
3739 3563 3976 3632 φανερδν
4008 3562 4036 3612 ό

2467 3664 2742 3732 Δεσπότης
2773 3664 2938 3728 ποιεί,
2974 3662 3033 3714 ὲν
3055 3659 3131 3730 τῷ
3151 3659 3332 3728 λέγειν
3355 3659 3490 3727 πρὸς
3519 3657 3610 3710 τδν
3641 3657 3870 3724 Πέτρον,
3900 3653 4036 3707 κατὰ

2465 3754 2556 3808 τὸν
2600 3753 2791 3825 καιρὸν
2819 3752 2911 3806 τοῦ
2941 3751 3198 3822 νιπτῆρος
3254 3748 3581 3804 ἀνανεύοντα
3616 3747 3764 3817 (90)·
3810 3764 3831 3797 ι
3858 3746 3919 3796 '0
3951 3745 4037 3796 λε-

2467 3845 2726 3917 λουμένος
2757 3844 2856 3898 οὐκ
2889 3843 3001 3914 ἔχει
3034 3842 3224 3914 χρείαν
3255 3839 3533 3910 νίψασθαι,
3577 3840 3628 3892 εἰ
3661 3837 3738 3908 μὴ
3773 3837 3903 3900 τοὺς
3938 3834 4035 3886 πό-

2469 3939 2583 4002 δας.
2625 3957 2644 3989 ι
2687 3935 2898 4001 Ἕδειξε
2922 3934 3032 4005 γάρ
3054 3933 3144 3988 διά
3177 3933 3278 4005 τῆς
3299 3933 3484 4002 φωνῆς
3514 3931 3576 3984 οὗ
3614 3929 3778 4000 μόνον
3813 3928 3908 3981 τὸν
3934 3926 4036 3979 Πέ-

2469 4047 2597 4102 τρον
2623 4027 2963 4097 λελουμένον,
3002 4024 3138 4081 ἀλλά
3158 4023 3255 4078 καὶ
3282 4024 3407 4087 τοὺς
3430 4021 3622 4084 ἀλλους
3649 4022 3705 4074 ἐν
3730 4018 3808 4085 τῷ
3828 4019 4037 4070 νίπτειν

2471 4121 2650 4175 αὐτῶν
2699 4119 2827 4180 τοὺς
2858 4118 3026 4180 πόδας
3073 4115 3252 4187 μόνον,
3301 4113 3382 4184 τῷ
3420 4113 3517 4168 τοῦ
3557 4113 3806 4166 Ἰωάννου
3841 4108 4038 4180 βαπτί-

2474 4228 2664 4282 σματι.
2712 4211 2773 4264 '0
2817 4208 3009 4280 Σωτὴρ
3044 4206 3138 4260 οῦν
3165 4206 3228 4260 τὸ
3262 4207 3362 4276 μὲν
3402 4204 3684 4276 βάπτισμα
3721 4203 3824 4271 τῆς
3872 4215 4039 4266 μετα-

2473 4302 2621 4363 νοίας
2649 4301 2746 4355 καὶ
2770 4301 2851 4362 είς
2871 4300 3065 4369 ἄφεσιν
3103 4296 3392 4369 ἁμαρτιῶν
3417 4294 3742 4364 τελούμενον
3768 4291 3922 4362 παρά
3943 4287 4041 4342 τοῦ

2485 4395 2734 4447 Ἰωάννου
2763 4393 2866 4445 οὐκ
2887 4389 3177 4460 ὴθέτησεν,
3201 4387 3339 4444 ἀλλά
3361 4386 3460 4442 καὶ
3475 4385 3760 4440 ἔτιλείωσε
3783 4381 4041 4454 προσθεὶς

2405 4510 2449 4564 D
2477 4487 2544 4556 τῇ
2574 4484 2666 4539 τοῦ
2695 4481 2960 4549 παναγίου
2986 4479 3304 4550 Πνεῦματος
3327 4478 3529 4549 δωρεᾷ.

3005 4592 3341 4647 ΕΡΩΤΗΣΙΣ
3367 4591 3541 4644 PKZ’.

2485 4771 2616 4837 Πῶς
2663 4772 2718 4824 οι
2762 4771 2850 4834 εις
2895 4763 3608 4897 Χρωτὸνδιξοίῗὲῗςμπω
3656 4758 3908 4830 Χμοτὸγ
3943 4756 4044 4810 ἐι·-

1482 4987 1732 5039 Editarum
1751 5000 1780 5037 a
1805 4986 1982 5036 Wolﬁo
1999 4985 2288 5035 duodecima
2310 4985 2385 5045 (p.
2407 4981 2518 5039 757,
2545 4979 2652 5029 738.
2678 4975 2899 5029 Galland.
2930 4974 3041 5035 724,
3068 4972 3177 5032 725,
3200 4986 3249 5021 ιι.
3273 4971 3379 5032 28).

874 5100 928 5156 Si
958 5101 1195 5170 Spiritus
1226 5116 1336 5157 non
1371 5113 1458 5158 est
1481 5102 1650 5164 Deus,
1685 5103 1730 5156 si
1767 5116 1876 5156 non
1918 5109 2002 5156 est
2031 5101 2230 5154 divine
2250 5113 2375 5170 gra-

803 5198 893 5249 tiae
926 5192 1071 5258 fons,
1123 5193 1402 5264 quomodo
1448 5195 1524 5249 illi
1563 5195 1659 5264 qui
1695 5193 1973 5248 Christum
2013 5194 2260 5250 divinum
2293 5193 2377 5246 in-

805 5285 1123 5338 dumentum
1152 5286 1470 5349 induerunt,
1505 5288 1727 5356 vulgare
1767 5285 1900 5340 illud
1942 5285 2176 5356 Spiritus
2202 5283 2375 5339 sancti

807 5375 1085 5431 induunt?
1115 5375 1172 5431 Si
1209 5378 1382 5440 enim,
1417 5387 1688 5447 quotquot
1719 5378 1772 5432 in
1806 5377 2086 5432 Christum
2118 5375 2376 5445 baptiaati

879 5555 926 5586 "
957 5554 1075 5608 Act.
1112 5570 1150 5618 ι,
1191 5555 1242 5608 5.
1378 5555 1422 5586 ⁸⁸
1453 5552 1610 5609 Joan.
1642 5569 1757 5619 xm,
1817 5553 1900 5606 10.

2556 5094 2618 5147 Εἰ
2657 5093 2733 5163 μὴ
2762 5089 2897 5153 Θεὸς
2931 5088 2994 5141 τδ
3017 5085 3265 5155 Πνεῦμα,
3296 5085 3347 5137 εί
3377 5084 3453 5154 μὴ
3470 5080 3660 5149 θεῖπῆς
3687 5079 3905 5148 χάριτος
3939 5092 4047 5142 :1;-

2486 5186 2580 5255 γὴ,
2613 5185 2729 5246 πῶς
2756 5184 2807 5236 ot
2838 5181 3020 5235 θεῐκδν
3049 5177 3253 5248 ἔνδυμα
3289 5176 3383 5229 τὸν
3427 5173 3662 5242 Χριστὸν
3702 5168 4048 5234 δνδυσάμενοι

2487 5278 2754 5333 ἰδιωτικὸν
2801 5274 2863 5328 τὺ
2903 5272 2996 5326 τοῦ
3043 5269 3361 5340 Πνεῦματος
3411 5265 3798 5324 ἰπενδύονταις
3830 5259 4044 5325 είγὰρ,

2484 5372 2599 5424 ὅσοι
2639 5372 2718 5433 είς
2734 5365 2970 5439 Χριστὸν
2997 5361 3428 5432 ιδαπτίσθησαν,
3451 5357 3686 5428 Χριστὸν
3706 5353 4044 5411 matiam,

2314 5639 2546 5696 NOTAE.

883 5737 993 5808 (89)
1025 5734 1114 5808 Sic
1142 5737 1323 5808 scribo
1344 5751 1440 5803 pro
1468 5736 1845 5808 ἀδιάπαχτον,
1880 5732 2070 5788 Nostra
2104 5735 2191 5788 illa
2219 5747 2348 5788 recc
2389 5731 2611 5786 Photius
2638 5730 2800 5793 infra,
2842 5742 2982 5796 ηερ.
3019 5724 3135 5790 154,
3168 5733 3219 5778 ct
3248 5721 3404 5785 alias,
3430 5721 3623 5774 utitur.

886 5806 996 5872 (90}
1030 5806 1104 5861 Ita
1140 5806 1424 5875 legendum
1459 5822 1556 5874 pro
1583 5806 1951 5864 ἀειανειέοιιτος.
