4200 6444
752 434 866 499 723

1916 425 2182 488 ΡΗΟῙἹΙ
2202 424 2719 486 ΡΑΤΗΙΑΒΟΙῙΕ
2750 424 2856 486 CP;

3917 420 4025 484 m

757 551 811 592 et
843 553 991 592 mare
1020 535 1286 592 obcdiunt
1320 535 1416 592 ei?
1454 554 1472 588 ι
1501 533 1582 590 sic
1629 532 1700 588 et'
1733 532 1958 597 caelum,
1991 533 2332 588 incarna‘tam

2452 536 2518 585 itt
2551 533 2644 584 καὶ
2673 533 2708 601 ὴ
2738 531 2981 585 θάλασσα
3002 530 3096 584 καὶ
3111 532 3160 585 oi
3190 531 3383 602 άνεμοι
3411 527 3784 583 ὑπακούουσιν
3799 529 3953 596 αύτῴ
3977 546 4022 592 ςι

757 633 947 684 videns
972 629 1333 695 divinitatem,
1359 627 1651 684 attonitum
1676 625 1809 682 dicit
1841 644 1855 681 :
1893 645 1910 678 t
1941 624 2080 691 Quis
2113 636 2198 681 est
2231 624 2332 681 iste

761 741 850 779 rex
881 722 1115 793 gloria?
1155 742 1175 775 ι

841 901 1176 970 ουιιῖετιο
1205 900 1398 957 CXXX
1439 899 1652 973 [CoisL
1693 897 1850 964 CLII,
1898 895 2065 954 Taur.
2100 895 2260 967 CLI].

794 997 973 1063 Quare
997 995 1190 1066 jejunii
1219 1004 1419 1058 tempus
1459 993 1639 1046 dictu
1667 991 2027 1062 quadraginta
2057 999 2284 1044 constet.

2437 623 2578 676 οὕτω
2608 625 2703 676 καὶ
2731 625 2760 677 6
2791 624 3018 693 οὐρανὸς
3042 625 3099 676 έν
3135 624 3302 692 σαρκὶ
3360 623 3575 689 βλέπων
3605 620 3704 690 τὴν
3774 620 4026 689 θεότητα,

2440 715 2778 783 ξενιζόμενος
2821 715 2990 784 λέγει·
3025 733 3044 766 ι
3079 715 3176 777 Τίς
3203 715 3350 767 ἐστιν
3389 707 3545 774 οὗτος
3571 713 3600 766 ὁ
3635 711 3897 781 βασιλεὺς
3932 713 4032 781 τῆς

2440 807 2598 876 δοξης
2632 823 2648 874 ;
2687 825 2706 858 ι

2949 895 3283 950 ΕΡΩΤΙΙΣΙΣ
3337 896 3464 949 PA'.

2432 983 2538 1038 Διὰ
2563 983 2622 1038 τί
2640 987 2673 1038 6
2693 985 2805 1054 τῆς
2815 985 3105 1052 νηστείας
3123 983 3338 1050 χρόνος
3351 980 3487 1051 trgi
3502 979 3755 1051 ἡμέραις
3773 981 4012 1048 ἀριθμεῖ
4021 1009 4035 1018 -

3115 1069 3257 1116 tat;

1431 1169 1577 1222 Edita
1597 1187 1625 1221 a
1659 1172 1787 1222 lato
1811 1173 1870 1235 (Ι.
1903 1185 1950 1222 c.
1983 1185 2033 1234 p.
2055 1171 2138 1229 99,
2169 1169 2296 1232 l00).
2330 1195 2394 1207 —
2425 1171 2500 1222 De
2524 1171 2718 1234 jejunio
2749 1168 3076 1232 quadraginta
3098 1168 3317 1216 dierum.

833 1275 1096 1342 Qua-runt
1142 1277 1355 1346 aliqui:
1403 1277 1587 1344 Quare
1635 1279 1830 1350 jejunii
1895 1289 2110 1349 tempus
2143 1277 2339 1332 diebus

759 1368 1117 1437 quadraginta
1203 1369 1363 1424 nobis
1441 1370 1949 1432 circumscribitur,
2015 1384 2116 1424 nec
2165 1383 2341 1438 usque

759 1456 826 1508 ad
850 1457 1245 1526 quinquaginta
1277 1459 1360 1512 vel
1395 1473 1461 1514 ac
1502 1461 1781 1530 sexaginta
1823 1461 2170 1526 extenditur,
2234 1473 2335 1514 nec

2511 1276 2740 1345 Ζητοῦσί
2769 1291 2936 1339 τινες·
2985 1273 3052 1327 Τί
3101 1273 3303 1345 δήποτε
3328 1273 3357 1324 6
3387 1274 3488 1342 τῆς
3549 1257 3802 1341 νηστείας
3839 1270 4031 1338 χρόνος

2441 1369 2500 1419 έν
2544 1366 2785 1436 ἡμέραις
2837 1367 2971 1434 ἡμῖν
3026 1370 3079 1434 μ’
3137 1362 3566 1433 περιγράφεται·
3622 1359 3716 1412 καὶ
3767 1357 3893 1411 οὔτε
3957 1361 4035 1420 εἰς

2441 1458 2533 1510 τὸν
2589 1455 2962 1525 πεντηκοστὸν
3011 1457 3045 1525 ἢ
3105 1453 3399 1523 ἑξηκοστὸν
3444 1451 3854 1522 παρατείνεται,
3911 1451 4037 1502 οὑδί

759 1545 958 1600 iterum
1007 1549 1144 1602 citra
1192 1549 1554 1620 quadraginta
1609 1549 1928 1606 clauditur?
1975 1549 2092 1605 Non
2155 1551 2331 1605 solum

2452 1549 2588 1612 two,-
2623 1549 2787 1601 πάλιν
2821 1547 2931 1600 τῶν
2965 1553 3018 1617 μ’
3050 1544 3454 1616 περικλείεταις
3485 1543 3581 1595 καὶ
3607 1543 3705 1611 οὐχ
3744 1543 3879 1610 ἡμίν
3935 1541 4039 1608 μό-

761 1636 918 1690 nobis
944 1638 1016 1690 ita
1047 1638 1304 1693 traditum
1336 1649 1442 1704 est,
1492 1641 1588 1696 sed
1620 1648 1676 1696 et
1722 1641 1839 1712 ipse
1871 1642 2119 1694 omnium
2147 1641 2332 1695 Domi-

2438 1659 2530 1695 vov
2589 1640 2731 1693 οὔτω
2774 1639 3134 1711 παραδέδοται
3168 1677 3184 1703 ,
3242 1635 3381 1692 ἀλλὰ
3432 1635 3528 1690 καὶ
3557 1634 3720 1697 αὐτὸς
3770 1635 3799 1686 6
3851 1633 4038 1695 κοινὸς

761 1743 866 1780 nus
893 1738 949 1782 et
976 1729 1226 1785 Salvator
1253 1741 1464 1798 noster,
1496 1732 1780 1802 legislator
1829 1747 2023 1787 eorum
2074 1732 2169 1802 qui
2203 1740 2334 1787 sunt

2452 1732 2714 1803 δεσπότης
2764 1731 2860 1784 καὶ
2926 1730 3119 1801 Σωτὴρ
3189 1728 3348 1799 ἡμῶν
3379 1765 3396 1791 ,
3453 1729 3484 1780 6
3555 1725 3858 1796 νομοθέτης
3918 1725 4036 1775 τῶν

761 1816 818 1870 in
848 1819 1043 1886 gratia,
1075 1819 1434 1891 quadraginta
1475 1822 1669 1876 diebus
1697 1822 1912 1876 videtur
1938 1821 2238 1892 jejunasse,
2274 1831 2333 1875 ut

2452 1841 2494 1877 ιν
2520 1825 2586 1892 τῇ
2622 1823 2825 1891 χάριτι,
2865 1826 2920 1889 μ’
2948 1819 3160 1890 ἡμέρας
3189 1817 3440 1886 φαίνεται
3489 1812 3793 1884 νηστεύσας
3820 1853 3836 1876 ,
3892 1811 4033 1864 ὀπός

761 1919 885 1960 ουιιι
901 1907 975 1959 illi
995 1907 1342 1964 insidiaretur
1361 1911 1633 1974 diabolus.
1652 1911 1718 1966 ad
1737 1925 1972 1980 pugnam
2004 1921 2226 1981 paratus
2241 1912 2332 1966 in-

2452 1929 2488 1966 ιε
2542 1911 2692 1980 αὐτῷ
2759 1909 3088 1981 προσϐαλεῖν
3136 1903 3412 1980 [ἔμελλεν]
3455 1904 3486 1956 6
3541 1902 3843 1974 πειράζων,
3897 1905 4039 1971 πρὸς

762 1997 901 2048 venit
916 2005 1059 2050 etur.
1077 1995 1142 2050 Et
1159 2007 1286 2052 ante
1304 1998 1594 2053 Dominum
1615 1999 1788 2053 Eliam
1806 1999 2130 2069 prophetam
2146 2001 2336 2055 eodem

762 2087 971 2142 dierum
1003 2104 1231 2144 numero
1263 2089 1318 2144 in
1339 2089 1564 2160 jejuniis
1592 2101 1870 2147 moratum
1909 2094 2087 2148 fuisse
2114 2093 2337 2165 legitur.

762 2189 818 2232 et
846 2180 1011 2233 etiam
1043 2190 1167 2235 ante
1199 2181 1351 2236 illum
1383 2182 1634 2254 Moysen,
1687 2185 1741 2239 in
1774 2194 1958 2240 monte
2005 2184 2182 2251 Sinai,
2211 2201 2339 2242 eum

763 2271 829 2325 ad
865 2273 1075 2328 tabulas
1105 2274 1236 2343 legis
1261 2289 1290 2328 a
1322 2275 1431 2330 Deo
1453 2276 1793 2346 recipiendas
1823 2292 1950 2332 sese
1974 2287 2338 2346 compararet.

763 2363 1006 2427 Quaestio
1035 2379 1168 2432 ergo
1210 2381 1274 2420 ea
1304 2375 1407 2422 est.
1449 2367 1606 2422 Alius
1659 2366 1801 2423 forte
1849 2368 2256 2438 profundiorem
2287 2381 2342 2426 et

764 2453 1172 2520 sublimiorem,
1201 2472 1302 2511 nec
1325 2472 1438 2512 non
1468 2468 1523 2513 et
1546 2457 1870 2515 altioremet
1895 2461 2068 2531 magis
2098 2462 2340 2516 divinam

763 2558 1011 2608 causanti,
1069 2547 1246 2604 oculis
1279 2550 1346 2603 ad
1389 2549 1679 2619 pradictos
1710 2551 1857 2607 viros
1885 2554 2109 2608 attentis
2141 2562 2197 2610 et
2232 2555 2343 2610 ele-

765 2637 927 2700 vatis,
958 2641 1134 2692 daret.
1162 2637 1296 2704 Quae
1331 2651 1513 2696 autem
1537 2643 1699 2697 nobis
1727 2643 1784 2698 iu
1814 2653 2052 2699 mentem
2075 2653 2344 2700 venerunt

762 2727 1035 2784 dicemus.
1061 2730 1166 2786 Sex
1194 2731 1386 2786 diebus
1421 2733 1566 2790 Deus
1595 2734 1740 2790 hunc
1768 2745 2091 2806 praesentem
2117 2746 2174 2792 et
2209 2739 2344 2794 visi-

766 2819 928 2872 bilem
960 2823 1222 2878 mundum
1247 2825 1478 2889 creavit,
1507 2827 1741 2896 septima
1774 2837 1958 2882 autem
1995 2829 2086 2884 die
2120 2831 2341 2900 requie-

765 2908 844 2959 vit
869 2908 938 2962 ab
957 2910 1106 2965 υιιιιιὶ
1144 2926 1328 2981 opere,
1362 2922 1415 2967 et
1441 2913 1605 2968 linem
1630 2915 1959 2984 perpulcliro
1981 2918 2130 2986 operi
2155 2919 2341 2984 dedit;

763 3011 1194 3057 connumeratur
1220 3015 1400 3058 autem
1435 3005 1527 3060 illa
1567 3021 1694 3061 cum
1725 3006 1793 3062 iis
1845 3023 1967 3075 qua:
1997 3018 2127 3063 sunt
2160 3019 2341 3075 antea,

766 3091 910 3146 sicut
935 3105 990 3146 et
1013 3108 1176 3150 mune
1196 3097 1462 3166 temporis
1487 3099 1724 3168 alicujus
1753 3101 2082 3170 principium
2109 3114 2166 3157 et
2193 3105 2340 3171 ﬁnis,

768 3185 821 3239 in
851 3188 1230 3243 numeratione
1257 3189 1475 3245 illorum
1505 3209 1630 3262 quae
1657 3194 1951 3260 intersunt,
1981 3199 2340 3267 comprehen-

2446 2003 2632 2071 άγῶνα
2670 2001 2936 2056 ἀπεδύετο
2963 2017 2978 2034 ο
3007 2000 3102 2055 καὶ
3131 1999 3239 2072 πρό
3270 2015 3334 2067 γε
3358 1997 3456 2052 τού
3476 1997 3746 2051 Δεσπότου
3773 1997 3803 2050 6
3826 1996 4040 2064 προφὴ-

2445 2114 2544 2168 της
2597 2095 2804 2160 Ἠλίας,
2835 2092 3107 2154 τοσαύτας
3130 2091 3348 2163 ἡμέρας
3363 2087 3614 2143 διανύσαι
3644 2088 3704 2140 έν
3741 2086 4037 2156 νηστείαις

2445 2187 2852 2257 ἀναγέγραπται
2874 2201 2891 2218 ο
2920 2185 3017 2239 καὶ
3056 2183 3139 2238 έτι
3169 2183 3277 2254 πρὸ
3319 2180 3512 2235 τούτου
3565 2177 3808 2247 Μωῦσῆς
3867 2179 3929 2232 ὲν
3957 2177 4039 2246 τῷ

2446 2281 2644 2348 Σιναίῳ
2673 2280 2787 2352 δρει
2833 2280 2996 2350 ἡνίκα
3048 2278 3146 2342 τάς
3200 2275 3418 2339 πλάκας
3465 2274 3652 2328 θεόθεν
3680 2272 4040 2341 λαϐετνπαρο

2448 2374 2774 2437 εσκευάζετο
2804 2386 2821 2403 ⁶
2857 2371 2893 2438 ἠ
2923 2371 3022 2441 μέν
3056 2369 3151 2424 οὖν
3204 2368 3433 2438 ζήτησις
3482 2365 3646 2436 αὔτη.
3707 2364 3870 2418 una
3926 2365 4042 2432 γὰρ

2446 2467 2548 2537 τὴν
2583 2466 2682 2536 μέν
2713 2463 3018 2532 βαθυτέραν
3049 2462 3148 2516 καὶ
3175 2458 3628 2531 άπορῤητοτέραν
3681 2456 3863 2510 αιτίαν
3903 2457 4041 2518 ἴσως

2447 2561 2514 2615 άν
2541 2577 2625 2622 τις
2680 2558 2839 2622 ἄλλος
2868 2557 3012 2611 κατὰ
3040 2555 3171 2618 τοὺς
3202 2551 3640 2625 προειρημένους
3685 2551 3888 2621 ἄνδρας
3943 2551 4042 2603 άν-

2449 2651 2693 2724 ηγμένος
2719 2667 2780 2704 τε
2830 2649 2928 2704 καὶ
2957 2649 3250 2719 μετάρσιος
3273 2646 3375 2716 τὴν
3402 2646 3665 2715 θεωρίαν,
3699 2642 4044 2714 ὑψηλοτέραν

2448 2762 2507 2798 τε
2540 2743 2635 2796 καὶ
2696 2741 2976 2813 θειοτέραν
3029 2738 3386 2794 άποδὼσειεν·
3436 2737 3561 2792 ἃδε
3617 2739 3698 2800 είς
3750 2737 4034 2807 ἡμετέραν

2447 2831 2550 2908 ἧκε
2583 2833 2841 2905 μάθησιν,
2875 2831 3131 2903 έροῦμεν.
3191 2827 3282 2882 Ἐν
3321 2828 3382 2894 έξ
3441 2829 3680 2899 ἡμέραις
3724 2832 3755 2879 6
3781 2826 3916 2888 Θεὸς
3947 2826 4043 2878 τὸν

2451 2926 2694 2995 παρόντα
2721 2924 2815 2976 καὶ
2835 2922 3111 2994 δρώμενον
3143 2918 3333 2974 τοῦτον
3383 2919 3591 2986 κόσμον
3612 2916 4042 2986 ἐδημιούργησε,

2448 3019 2515 3085 τῇ
2578 3015 2633 3068 δὲ
2668 3015 2876 3087 ἑϐδόμῃ
2929 3014 3244 3067 κατέπαυσε
3281 3009 3380 3081 μέν
3400 3009 3507 3064 ἀπὸ
3545 3008 3654 3062 τῶν
3697 3009 3879 3077 έρτων
3946 3006 4045 3061 καὶ

2451 3108 2624 3172 πέρας
2679 3106 2843 3174 ἔθηκε
2901 3104 2981 3176 τῷ
3035 3103 3486 3173 φιλοτεχνήματι·
3536 3099 3958 3170 συναριθμεῖται
3986 3099 4044 3151 δέ

2453 3197 2548 3250 καὶ
2594 3195 2733 3264 αὕτη
2778 3197 2898 3258 ταῖς
2931 3195 3036 3264 πρὸ
3086 3194 3257 3263 αὐτῆς
3285 3232 3301 3256 ,
3342 3191 3530 3262 ὥσπερ
3568 3193 3664 3244 καὶ
3710 3192 3864 3244 πᾶσα
3899 3190 4043 3259 ἀρχὴ

765 3275 1005 3345 duntur;
1028 3287 1082 3332 et
1109 3293 1348 3349 praesens
1381 3284 1641 3338 seemtlum
1694 3285 1954 3342 continua
1984 3287 2342 3345 hebdomadas

2452 3286 2646 3356 χρόνου
2678 3285 2820 3347 τινὸς
2845 3283 2942 3337 καὶ
2971 3284 3144 3354 πέρας
3175 3285 3233 3335 ὲν
3270 3285 3338 3352 τῇ
3371 3280 3772 3352 συναριθμήσει
3805 3281 3921 3333 τῶν
3946 3297 4044 3349 με·

768 3370 822 3420 in
849 3369 1070 3424 modum
1101 3369 1292 3425 circuli
1336 3373 1479 3429 serie
1506 3376 1874 3445 componitur.
1929 3377 2133 3435 Octava
2163 3392 2344 3436 autem

768 3459 1013 3514 futurum
1055 3463 1319 3517 saeculum
1374 3463 1643 3534 designat,
1707 3475 1762 3522 et
1784 3468 2250 3540 (translationem)
2279 3487 2347 3526 ex

770 3549 876 3604 hoc
907 3561 1173 3620 praesente
1203 3553 1406 3609 saeculo
1439 3555 1492 3608 in
1531 3557 1680 3611 aliud
1728 3559 2001 3627 quoddam
2037 3563 2212 3632 magis
2259 3563 2347 3616 di-

767 3642 958 3697 vinum
1010 3644 1182 3701 otium
1234 3655 1288 3700 et
1333 3647 1387 3702 in
1419 3649 1680 3717 quietem,
1726 3666 1850 3720 qua
1895 3662 2083 3709 octava
2121 3667 2350 3711 vocatur

768 3741 819 3785 et
855 3733 1026 3801 prima
1087 3745 1144 3789 et
1187 3751 1317 3790 una.
1379 3737 1583 3793 Octava
1629 3741 1873 3810 quidem.
1926 3760 2047 3799 cum
2093 3746 2166 3800 sit
2203 3746 2348 3800 aliud

770 3823 1043 3893 quoddam
1061 3826 1414 3883 interstitium
1445 3845 1540 3898 per
1566 3839 1782 3900 tempus
1805 3844 1932 3889 ante
1948 3836 2347 3893 hebdomadam

772 3930 1236 3983 consummatum,
1259 3923 1434 3989 prima
1467 3939 1618 3989 vero,
1657 3941 1782 3980 cum
1807 3928 1877 3981 sit
1900 3927 2115 3983 initium
2142 3933 2346 3999 requiei

771 4019 826 4065 et
864 4009 985 4062 vitae
1017 4013 1187 4081 magis
1215 4012 1413 4068 divina:
1437 4024 1492 4068 et
1521 4017 1787 4081 melioris,
1819 4033 1926 4073 una
1972 4029 2178 4086 autem,
2219 4024 2350 4091 quia

776 4116 884 4154 non
932 4110 1017 4157 est
1073 4112 1198 4171 post
1246 4119 1366 4159 eam
1411 4106 1517 4160 alia
1569 4109 1885 4178 temporalis
1936 4113 2217 4180 periodus,
2255 4115 2350 4169 sed

775 4193 890 4262 ipsa
923 4204 1007 4248 est
1047 4196 1167 4251 sine
1193 4195 1302 4251 line
1331 4213 1618 4254 mansura.

843 4372 968 4427 Istis
1001 4387 1131 4443 ergo
1161 4373 1481 4444 praemissis,
1533 4376 1877 4446 quicunque
1905 4379 2189 4447 septimam
2221 4379 2353 4435 beb-

774 4463 1019 4518 domadae
1059 4466 1199 4520 diem
1221 4506 1236 4530 ,
1277 4483 1398 4534 quae
1427 4475 1513 4522 est
1548 4477 1761 4538 tempus
1793 4467 2078 4539 fugitivum
2111 4482 2166 4526 et
2187 4474 2357 4529 cadu-

774 4569 921 4620 eum,
947 4565 1001 4609 et
1032 4570 1152 4609 cum
1187 4555 1430 4626 fugitivis
1476 4567 1534 4611 et
1580 4556 1870 4628 fragilihus
1898 4561 2272 4630 pertransiens
2302 4574 2357 4620 et

775 4644 1022 4711 eﬂlueus,
1064 4662 1261 4702 sensus
1290 4663 1481 4703 omnes
1508 4649 1891 4718 iniquitatibus
1938 4659 1993 4705 et
2026 4657 2350 4722 passionum
2387 4627 2431 4689 D-

778 4738 994 4794 turbine
1071 4739 1439 4806 fascinabant;
1490 4741 1740 4796 auditum
1796 4743 2026 4811 quidem
2087 4747 2347 4803 cantibus

776 4829 1103 4883 meretriciis
1132 4839 1187 4883 et
1215 4831 1471 4886 omnibus
1517 4831 1679 4885 istius
1717 4832 1932 4900 generis
1964 4835 2347 4902 repleverant;

777 4921 929 4975 visus
963 4931 1144 4974 autem
1208 4921 1317 4976 illis
1367 4921 1690 4976 enervantia
1748 4925 2106 4991 spectacula;
2171 4933 2353 4981 tactus

776 5014 938 5067 etiam
974 5023 1028 5068 et
1058 5026 1246 5084 gustus
1293 5023 1349 5068 et
1403 5013 1657 5081 olfactus,
1700 5029 1770 5071 ne
1827 5014 1897 5071 de
1939 5018 2155 5088 singulo
2186 5033 2356 5075 sensu

779 5107 1047 5175 loquendo
1071 5120 1377 5160 sermonem
1401 5103 1617 5176 longius
1641 5107 1982 5175 protraham,
2014 5109 2217 5176 quibus
2244 5123 2352 5164 non

777 5199 901 5251 licet
934 5199 1298 5267 applicantur,
1338 5197 1410 5252 ita
1442 5209 1502 5250 ut
1541 5197 1618 5252 illi
1651 5198 2148 5254 indiscriminatum
2189 5201 2256 5255 ad
2285 5215 2351 5256 ea

780 5305 899 5358 qua:
930 5299 1122 5344 natura
1180 5289 1288 5344 illis
1329 5287 1507 5352 atlert,
1546 5299 1604 5344 et
1640 5304 1765 5359 qua
1791 5305 1820 5344 a
1877 5291 1992 5360 lege
2020 5291 2205 5346 divina
2243 5307 2351 5346 nou

2451 3377 2587 3441 ταξὺ
2664 3374 3277 3446 συμπεριλαμϐάνεταιο
3335 3373 3431 3426 καὶ
3475 3375 3504 3426 ὀ
3541 3371 3733 3442 παρὼν
3777 3371 3920 3424 αίὼν
3946 3372 4045 3440 τῆς

2453 3467 2742 3536 ἑϐδομάδος
2809 3466 3051 3536 συνεχῶς
3101 3465 3582 3534 ἀνακυκλούμενος
3660 3464 4039 3534 ἀπαρτίζεται·

2453 3558 2488 3625 η
2518 3557 2573 3609 δὲ
2601 3556 2791 3624 ὀγδοὰς
2829 3554 2922 3609 τὸν
2965 3553 3233 3624 μέλλοντα
3263 3554 3438 3608 αίῶνα
3489 3555 3659 3624 δηλοῖ,
3699 3554 3796 3607 καὶ
3845 3554 3944 3608 τὸν
3980 3555 4045 3606 ἐκ

2453 3648 2548 3701 τοῦ
2587 3650 2854 3717 παρόντος
2906 3649 2988 3713 είς
3023 3647 3196 3718 ἀλλην
3249 3651 3372 3701 τινὰ
3421 3649 3701 3717 θειοτέραν
3752 3648 3912 3716 λῆξιν
3951 3649 4047 3702 καὶ

2457 3742 2815 3804 κατάστασιν,
2867 3741 2992 3810 ἥτις
3043 3741 3141 3794 καὶ
3199 3741 3391 3808 ὀγδοὰς
3413 3741 3661 3793 καλεῖται
3702 3741 3800 3793 καὶ
3846 3739 4043 3811 πρώτη

2460 3833 2554 3884 καὶ
2594 3831 2713 3901 μία·
2763 3830 2956 3899 ὀγδοὰς
3010 3831 3110 3900 μέν
3167 3829 3244 3894 ὡς
3295 3828 3425 3884 ἄλλο
3454 3847 3507 3884 τι
3538 3830 3820 3900 διάστημα
3894 3830 4045 3901 παρὰ

2456 3925 2547 3978 τὸν
2609 3923 3102 3996 συμπληρούμενον
3174 3925 3364 3996 χρόνον
3417 3924 3525 3992 πρὸ
3580 3924 3680 3993 τῆς
3750 3923 4048 3993 ἑϐδομάδος

2458 4016 2799 4086 ὑπάρχουσαο
2842 4016 3034 4087 πρώτη
3057 4016 3114 4068 δὲ
3140 4015 3217 4078 ὡς
3241 4014 3386 4086 ἀρχὴ
3428 4012 3566 4069 οὖσα
3613 4015 3824 4084 λήξεως
3852 4016 4047 4084 έτέρας

2459 4110 2551 4164 καὶ
2603 4108 2875 4172 πολιτείας
2902 4107 3182 4178 θειοτέρας
3234 4107 3330 4160 καὶ
3399 4106 3704 4177 ἀμείνονοςο
3745 4107 3847 4176 μία
3871 4106 3929 4160 δέ
3971 4106 4050 4170 ὡς

2458 4202 2559 4254 οὐκ
2600 4201 2797 4269 ἔχουσα
2847 4199 2978 4270 μετ’
3026 4197 3218 4269 αὐτὴν,
3248 4197 3442 4268 ἑτέραν
3480 4195 3738 4267 χρονικὴν
3775 4196 4046 4266 περίοδον,

2460 4289 2576 4343 ἀλλ’
2606 4289 2744 4361 αὐτὴ
2774 4289 3150 4360 άτελευτήτως
3216 4289 3539 4360 ὑπάρχουσα
3567 4290 3662 4343 καὶ
3687 4287 4045 4358 διαμένουσα.

2532 4380 2751 4435 Τούτων
2808 4379 2951 4433 οὕτω
3006 4378 3544 4450 προτεθεωρημένων
3573 4381 3728 4449 ἡμῖν,
3792 4380 3910 4434 ὅσοι
3945 4380 4052 4447 μὲν

2464 4471 2697 4542 ἑϐδόμην
2714 4470 2856 4524 κατὰ
2902 4471 3002 4541 τὴν
3040 4469 3313 4541 έϐδομάδα
3339 4469 3613 4540 βούλοιντο
3665 4470 3760 4523 τὸν
3823 4471 4053 4541 ῥευστὸν

2463 4562 2650 4617 τοῦτον
2693 4561 2885 4634 χρόνον
2919 4563 3015 4616 καὶ
3056 4561 3223 4632 έπίκη
3231 4579 3325 4632 ρον
3368 4563 3467 4616 καὶ
3511 4564 3626 4626 τοῖς
3676 4564 3927 4631 ρευστοίς
3955 4563 4052 4615 καὶ

2459 4651 2718 4722 φθαρτοῖς
2738 4652 3376 4724 συμπαραμετρούμενόν
3391 4669 3451 4705 τε
3474 4653 3568 4705 καὶ
3586 4654 4054 4726 συμπραρμον-

2458 4758 2549 4806 τα,
2569 4735 2714 4796 οὗτοι
2733 4743 2854 4805 ταίς
2873 4741 3169 4813 ἁμαρτίαις
3189 4741 3413 4796 καὶτῶν
3437 4742 3626 4796 παθῶν
3653 4745 3720 4813 τῇ
3757 4743 3919 4813 άχλύῖ
3952 4745 4052 4806 τὰς

2460 4835 2738 4903 αἰσθήσεις
2760 4835 2937 4897 πάσας
2963 4833 3426 4903 κατεκηλίδωσαν·
3445 4835 3538 4888 καὶ
3553 4835 3724 4903 ἀκοὴν
3749 4836 3857 4902 μέν
3876 4835 4052 4904 ἐπλη-

2464 4939 2564 4975 σαν
2583 4923 2840 4993 ᾀσμάτων
2850 4923 3121 4994 πορνικῶν
3134 4925 3229 4978 καὶ
3246 4923 3356 4977 τῶν
3376 4925 3477 4978 ὅσα
3498 4923 3706 4987 τούτοις
3729 4926 4051 4979 συνέπεται·

2465 5013 2559 5065 καὶ
2585 5010 2705 5080 όψις
2737 5011 2839 5080 μέν
2867 5012 3050 5076 αὐτοῖς
3073 5011 3143 5065 τά
3176 5011 3496 5084 ψυχοφθόρα
3543 5012 3814 5081 θεάματαο
3841 5014 3961 5083 ἁφὴ
3995 5015 4054 5067 δέ

2465 5104 2558 5156 καὶ
2585 5101 2770 5170 γεῦσις,
2829 5101 2923 5156 καὶ
2955 5101 3246 5173 ὄσφρησις,
3293 5102 3384 5156 ἴνα
3437 5101 3513 5173 μὴ
3562 5101 3905 5156 καθέκαστον
3965 5105 4057 5156 αἰ-

2460 5194 2748 5264 σθητήριον
2793 5193 2966 5262 λέγων
2991 5195 3072 5257 είς
3121 5193 3296 5264 μῆκος
3319 5195 3589 5248 ἀποτείνω
3614 5193 3706 5248 τὸν
3753 5193 3936 5263 λόγον,
3975 5191 4059 5257 οἷς

2462 5287 2524 5340 ού
2555 5285 2712 5355 θέμις
2762 5284 3205 5356 ένδιατρίϐουσινο
3242 5284 3305 5350 ἐξ
3330 5279 3407 5340 ὧν
3436 5286 3624 5351 αὐτοῖς
3655 5287 4057 5359 άπατακρίτως

779 5381 1158 5451 prohibentur,
1216 5395 1338 5436 sese
1407 5380 1609 5437 (erant.
1661 5381 1916 5451 Quinque
1969 5398 2100 5452 ergo
2158 5399 2347 5439 sensus

2467 5379 2503 5434 ὃ
2536 5397 2594 5433 τε
2627 5381 2661 5448 ἡ
2709 5379 2869 5449 φύσις
2895 5379 3202 5450 παρέσχετο
3244 5377 3340 5436 καὶ
3365 5377 3402 5432 ἃ
3432 5379 3508 5450 μὴ
3537 5379 3680 5443 θεῖος
3704 5379 3868 5450 νόμος
3900 5383 4055 5435 ἑκώ-

779 5488 902 5527 eum
929 5474 1000 5526 ita
1031 5473 1298 5542 inquinati
1329 5473 1439 5530 sint
1463 5483 1520 5529 et
1547 5474 1904 5530 contaminati
1935 5491 1961 5527 a
1992 5477 2347 5544 passionibus

2457 5473 2607 5539 λυσε,
2640 5472 2770 5542 περὶ
2797 5471 2972 5526 ταῦτα
3019 5470 3486 5542 ἀναστρέφεσθαι.
3539 5471 3661 5525 Τῶν
3695 5467 3789 5525 οὖν
3815 5475 3872 5525 έν
3909 5475 4053 5542 ἡμῖν

781 5571 836 5618 et
885 5562 1330 5619 inclinationibus
1383 5580 1522 5635 quas
1579 5565 1632 5619 in
1682 5565 1786 5622 hoc
1835 5575 2080 5635 tempore
2133 5567 2347 5637 fugitivc

2459 5573 2500 5619 t'
2553 5567 2858 5636 αἰσθήσεων
2898 5564 3073 5628 οὕτως
3133 5565 3544 5636 ὲρῤυπωμένων
3566 5581 3625 5618 τε
3653 5565 3748 5617 καὶ
3797 5564 4052 5633 λελυμαο

786 5656 1187 5722 contrahimus,
1227 5657 1473 5712 'illornm
1507 5657 1822 5726 puriﬁcatio
1865 5669 1920 5712 ct
1952 5661 2019 5712 ad
2061 5659 2347 5729 pristinum

2459 5660 2674 5729 σμένων
2726 5658 2831 5711 ὑπὸ
2891 5657 3000 5710 τῶν
3049 5657 3236 5710 παθῶν
3261 5674 3320 5711 τε
3350 5657 3445 5710 καὶ
3477 5657 3575 5726 τῆς
3620 5656 3770 5726 ῥοῆς,
3803 5657 3838 5710 ἃ
3868 5657 3935 5709 ἓν
3976 5659 4056 5727 τῷ

786 5748 1057 5800 restitutio
1107 5763 1212 5802 non
1262 5749 1376 5805 licri
1427 5759 1600 5820 potest
1659 5751 1958 5806 secundam
2007 5751 2240 5806 formam
2309 5769 2347 5806 ei

2467 5752 2645 5822 ῥέοντι
2717 5749 3211 5822 προσλαμϐάνομεν
3263 5749 3461 5821 χρόνῳ,
3516 5748 3722 5802 τούτων
3758 5750 3792 5817 ἡ
3825 5749 4048 5804 κάϐασ-

786 5835 1145 5898 imitatiuucui
1171 5839 1386 5913 fugitivi
1438 5851 1491 5901 ct
1545 5843 1790 5915 perversi
1834 5846 2116 5914 temporis,
2163 5846 2347 5916 potius

2465 5861 2545 5910 σις
2579 5844 2668 5898 καὶ
2719 5846 2751 5916 ὴ
2805 5845 2884 5909 είς
2933 5843 2994 5897 τδ
3041 5844 3265 5915 ἀρχαῖον
3311 5841 3754 5906 ἀποκατάστασις
3815 5841 3925 5896 οὐκ
3989 5845 4053 5897 ἄν
