4200 6444
217 412 329 477 7‘25

1034 415 1135 475 AD
1176 414 1763 478 AMPHILOCH‘IUM
1796 414 2142 489 QUxﬁSTIO
2182 416 2405 493 CXXX,
2462 420 2719 483 CXXXI.

3356 420 3467 488 726

220 525 433 594 γίνοιτο
485 527 623 581 κατά
670 528 764 581 τὸν
795 528 963 582 τύπον
1016 531 1114 584 καὶ
1138 531 1240 603 τὴν
1270 532 1498 602 μίμησιν
1535 532 1630 586 τοῦ
1666 537 1791 604 ρευ-
1817 540 1838 593 1

1893 549 2022 589 vero
2049 538 2347 593 secundum
2374 538 2769 597 ordinationem
2805 552 2857 598 et
2887 542 3231 612 disciplinam
3260 550 3316 597 et
3342 541 3459 595 for-

224 616 355 670 στοῦ
400 617 495 671 καὶ
547 619 1023 689 φιλαμαρτήμονος
1074 621 1286 691 χρόνου·
1333 623 1471 677 κατὰ
1501 622 1603 692 τὴν
1630 625 1785 689 τάξιν

1891 642 2030 680 mam
2065 628 2416 696 impassibilis
2460 640 2513 685 et
2545 633 2898 690 immutabilis
2944 644 2999 688 et
3033 634 3221 686 :eterni
3249 644 3460 701 tempo-

219 706 279 760 δὶ
334 707 536 797 μᾶλλον
600 710 695 761 καὶ
767 708 1142 780 παιδαγωγίαν
1190 714 1284 764 καὶ
1338 714 1642 783 ὲκμίμησιν
1693 715 1789 767 τοῦ

1891 720 1985 784 ris,
2022 720 2167 789 quod
2226 722 2387 789 paulo
2428 728 2676 793 superius
2722 737 2966 781 octavam
3014 727 3359 797 primamque
3407 735 3465 780 ct

220 796 464 861 ἀπαθοῦς
514 814 571 850 τε
625 797 720 850 καὶ
778 798 1078 869 άρῤεύστου
1128 802 1221 853 καὶ
1276 801 1631 869 ἀτελευτήτου
1659 802 1791 873 χρό-

225 903 319 939 νον
368 902 382 915 .

224 974 321 1026 καὶ
390 974 615 1046 πρώτην
673 976 769 1029 καὶ
826 976 955 1047 μίαν
1011 978 1251 1043 ἐδίδαξεν
1331 979 1790 1049 ἐπονομάζεσθαι.

238 1062 394 1115 Ἐπεὶ
439 1060 533 1117 οὖν
586 1068 644 1119 αί
675 1073 716 1119 ε’
776 1067 1060 1138 αἰσθήσεις
1100 1069 1261 1139 ήμῶν
1315 1070 1421 1151 ἐπὶ.⁹
1465 1070 1563 1140 τὴν
1611 1065 1799 1138 ὀγδοά-

229 1152 294 1204 δα
320 1153 919 1226 πολλαπλασιαζόμεναι
942 1161 1034 1213 τὸν
1066 1166 1118 1227 μ’
1144 1160 1497 1214 ἀποτελοῦσιν
1542 1161 1796 1230 ἀριθμόν·

226 1242 317 1315 διά
345 1243 401 1296 δὲ
430 1245 540 1297 τῶν
572 1252 613 1298 ε’
640 1247 942 1317 αἰσθήσεων
996 1248 1183 1318 ζῶμεν
1210 1266 1270 1303 τε
1303 1250 1397 1305 καὶ
1440 1250 1539 1312 τὰς
1569 1251 1797 1319 πράξεις
1824 1254 1827 1258 ’

227 1334 587 1405 ἐπιτελοῦμεν
646 1337 772 1389 ὅσαι
802 1355 861 1389 τε
917 1338 1111 1406 φαῦλοι
1159 1342 1253 1393 καὶ
1296 1342 1419 1394 ὅσαι
1469 1344 1550 1405 είς
1591 1342 1802 1412 ἀρετῶν

228 1425 593 1494 ἀναφέρονται
622 1426 799 1495 λόγον,
824 1429 1051 1493 εἰκότως
1104 1431 1196 1484 διά
1247 1438 1301 1501 μ’
1339 1431 1562 1502 ήμερῶν
1601 1432 1804 1495 ταύτας

229 1512 587 1582 καθαίρομεν,
624 1517 721 1568 καὶ
749 1517 928 1569 πᾶσαν
976 1518 1169 1581 αὐταῖς
1222 1518 1463 1589 ἰατρείαν
1508 1520 1805 1588 προσάγειν

228 1604 634 1675 παρελάϐομεν,
657 1605 800 1659 οὕτω
830 1608 972 1661 κατὰ
998 1608 1202 1671 ταύτας
1230 1610 1607 1664 πολιτεύεσθαι
1630 1611 1706 1673 ὡς
1738 1611 1804 1663 ἂν

224 1694 263 1763 ή
298 1695 509 1761 ὀγδοὰς,
551 1696 689 1751 ἀλλὰ
718 1698 794 1768 μὴ
842 1698 904 1751 τὸ
949 1700 1174 1769 ρευστὺν
1200 1703 1300 1770 τῆς
1343 1701 1639 1771 ἑϐδομάδος
1683 1704 1806 1755 επι-

1891 827 2053 865 unam
2093 813 2271 866 vocari
2300 814 2610 871 didicimus.
2650 816 2785 871 Cum
2834 834 2962 887 ergo
2992 820 3232 886 quinque
3270 832 3467 873 sensus

437 886 499 979 δν
546 888 573 939 ὅ
642 886 800 979 λόγος
884 889 1077 971 μικρὸν
1159 889 1370 944 ἄνωθεν
1456 893 1650 963 ὀγδόην
1733 909 1795 945 τε

1892 904 2064 956 nostri
2100 918 2193 972 per
2222 914 2465 960 octavam
2502 908 2839 976 multiplicati
2871 909 3227 979 quadraginta
3270 923 3463 961 nume-

1898 1006 2017 1045 rum
2046 992 2299 1057 eﬂiciant,
2358 1011 2448 1064 per
2478 998 2719 1067 quinque
2748 1011 2924 1053 autem
2970 1013 3167 1053 sensus
3196 999 3465 1061 vivamus,

1896 1090 1951 1136 et
1973 1084 2214 1137 actiones
2244 1085 2360 1139 sive
2392 1095 2598 1157 turpes,
2644 1090 2760 1143 sive
2812 1090 3027 1144 virtutis
3080 1089 3341 1143 habentes
3375 1103 3467 1141 ra-

1899 1173 2099 1228 tionem
2128 1175 2445 1239 eﬂiciamus,
2469 1180 2660 1235 merito
2696 1182 2819 1237 illos
2841 1197 2937 1250 per
2966 1180 3324 1249 quadraginta
3352 1178 3470 1232 dies

1900 1264 2271 1333 puriﬁcamus,
2306 1278 2359 1321 et
2386 1269 2491 1323 illis
2534 1286 2747 1325 omnem
2801 1273 3139 1325 sanationem
3174 1284 3467 1337 procurare

1900 1358 2251 1426 suscipimus,
2280 1360 2352 1413 ita
2385 1360 2506 1416 illos
2530 1374 2773 1431 regentes
2804 1371 2862 1417 ut
2888 1374 3101 1425 octava,
3145 1370 3200 1414 at
3230 1374 3338 1413 non
3380 1358 3469 1410 fu-

1900 1448 2063 1515 gitiva
2097 1449 2432 1506 bebdomada
2466 1454 2661 1523 dirigat
2705 1464 2757 1509 et
2785 1454 3033 1522 imperet.
3099 1450 3236 1504 Huic
3284 1458 3467 1502 autem

1901 1539 2182 1594 sententia:
2232 1550 2455 1597 sanctus
2524 1541 2760 1598 Joannes
2810 1539 3471 1609 ConstantinOpoliianus,

1904 1628 1957 1682 in
2005 1629 2183 1699 aliqua
2236 1645 2298 1684 ex
2361 1633 2474 1686 suis
2503 1634 2841 1689 orationibus
2878 1649 2999 1702 quae
3030 1633 3246 1685 titulum
3286 1630 3467 1692 habet,

1904 1722 1981 1777 De
2002 1723 2229 1793 jejunio,
2252 1728 2587 1783 concordare
2617 1739 2669 1784 et
2698 1730 2984 1783 testiﬁcare
3020 1728 3254 1781 videtur.

226 1804 401 1876 τάττῃ
440 1823 501 1859 τε
522 1807 618 1860 καὶ
646 1807 1049 1879 διακελεύηταιο
1102 1808 1274 1881 ταύτῃ
1302 1810 1360 1863 δὲ
1387 1813 1419 1881 ἡ
1431 1812 1545 1881 μῶν
1571 1812 1640 1882 τῆ
1704 1811 1909 1883 θεωρία
1968 1814 2066 1866 καὶ
2109 1816 2138 1866 ό
2172 1815 2325 1882 ἅγιος
2368 1818 2619 1889 Ἰωάννης
2646 1821 2675 1873 ὁ
2707 1817 3331 1875 Κωνσταντινουπόλεως
3398 1811 3459 1865 ἐν

227 1911 339 1950 τινι
366 1897 473 1951 τῶν
505 1897 673 1954 αὑτοῦ
702 1899 876 1969 λόγων
898 1900 960 1961 ὅς
986 1901 1415 1973 ἐπιγέγραπται,
1444 1904 1582 1975 Περὶ
1601 1903 1875 1974 νηστείας,
1914 1903 2155 1973 συνᾴδων
2175 1921 2236 1958 τε
2264 1908 2359 1961 καὶ
2412 1908 2931 1978 προμαρτυρόμενος
2974 1906 3365 1962 ἐπιδείκνυται.

750 2016 1085 2073 ΕΡΩἸἨΣΙΣ
1120 2018 1254 2073 PAA
1275 2056 1292 2075 .

673 2107 737 2161 Τί
779 2107 1014 2177 λέγεται
1049 2109 1366 2180 μαγνῆτις.

1830 2009 1877 2068 Β
1974 2016 2303 2084 ρυιΕΞΤιο
2334 2016 2546 2076 cxxxn
2577 2018 2767 2090 ιοοεει.
2794 2018 2970 2084 cun,
3005 2017 3168 2074 τηαν.
3198 2015 3376 2089 CLII].

2432 2111 2573 2176 Quid
2603 2112 2671 2165 sit
2705 2125 2941 2181 magna.

1274 2226 1417 2279 Edita
1436 2243 1463 2278 ι
1497 2226 1621 2278 Maio
1650 2228 1799 2291 (Nov.
1825 2228 1950 2281 Coll.
1977 2235 2014 2279 t.
2037 2229 2075 2289 Ι,
2097 2241 2146 2291 p.
2178 2225 2428 2287 125-127).

298 2331 371 2379 α’.
407 2327 691 2397 Μαγνῆτις
727 2328 864 2398 ὅπερ
892 2329 1173 2402 ὲρὼτησας
1202 2332 1449 2386 καλεῖται
1501 2334 1535 2403 ἡ
1576 2334 1669 2385 τὸν
1715 2334 1798 2385 σί-

221 2419 395 2490 δηρον
436 2420 667 2472 ἕλκουσα
716 2418 897 2483 λίθοςο
922 2422 1007 2475 ὅτι
1039 2422 1336 2491 Μάγνητας
1361 2423 1563 2490 ἄνδρας
1590 2423 1802 2491 λιθοφό-

226 2523 382 2576 ρους.
412 2507 689 2577 άρχηγούς
720 2525 857 2577 φησι
884 2509 1154 2580 εὑρέσεως
1183 2511 1351 2581 αὐτῆς
1388 2512 1665 2580 γενέσθαι,
1704 2512 1801 2567 καὶ

220 2597 332 2666 τῆς
363 2598 638 2667 ἐνεργείας
664 2600 743 2661 είς
769 2599 973 2666 γνῶσιν
995 2600 1169 2653 ελΘεϊν
1187 2616 1203 2633 ⁸
1231 2601 1538 2671 λιθοφόροις
1563 2600 1699 2671 γὰρ,
1722 2601 1801 2666 ὡς

223 2686 400 2749 ἔοικε,
432 2688 695 2755 κρηπῖσιν
719 2687 1102 2756 ὑποδεδεμένοι
1151 2683 1318 2757 οὗτοι,
1360 2690 1482 2743 ἐπεὶ
1525 2692 1665 2744 κατὰ
1699 2690 1802 2759 γῆς

226 2776 557 2845 σιδηρίτιδος
581 2777 765 2847 ἠρέμα
793 2777 1096 2847 βαδίζοντες
1126 2779 1386 2848 γένοιντο,
1425 2781 1625 2851 βάρους
1656 2781 1801 2844 τινὸς

226 2869 328 2920 καὶ
355 2868 708 2937 δυσκινησίαν
743 2871 1160 2940 προσεχομένων
1190 2873 1300 2926 τῶν
1336 2874 1535 2942 ψήφων
1560 2876 1676 2937 τοῖς
1723 2890 1804 2926 σι·-

223 2960 438 3029 δηρίοις
472 2961 971 3029 ἀντελαμὸάνοντο·
1000 2962 1185 3031 Θαῦμα
1226 2963 1285 3016 δὲ
1329 2965 1671 3033 προσπίπτον
1707 2966 1805 3018 αὑ-

224 3050 372 3109 τοῖς,
398 3050 491 3101 καὶ
522 3050 658 3118 πρὸς
691 3048 920 3119 ζήτησιν
942 3049 1041 3118 τῆς
1068 3051 1243 3112 αἰτίας
1265 3052 1575 3117 άνακινοῦν,
1593 3052 1692 3123 τὴν
1714 3052 1805 3105 εὖ·

230 3152 393 3203 ρεσιν
424 3142 726 3207 παρασχεῖν
745 3138 845 3207 τῆς
870 3140 929 3192 ὲν
958 3142 1024 3209 τῇ
1048 3140 1179 3210 λίθῳ
1207 3140 1521 3210 δυνάμεως·
1550 3142 1612 3195 οὐ
1644 3142 1804 3211 μόνον

227 3226 295 3277 δὲ
336 3229 602 3296 μαγνῆτις
646 3228 784 3297 αὕτη
823 3229 1109 3295 καλεῖται,
1159 3230 1294 3283 ἀλλά
1334 3232 1429 3283 καὶ
1456 3231 1662 3297 Λυδία,
1710 3232 1805 3285 καὶ

239 3316 565 3386 Ἡράκλεια,
591 3318 682 3371 καὶ
712 3318 990 3388 σιδηρῖτις
1011 3319 1092 3371 δεῖ
1118 3319 1226 3390 γάρ
1255 3336 1337 3373 σοι
1365 3320 1806 3387 σπουδαιολογου-

232 3405 390 3474 μένῳ
437 3406 567 3475 περὶ
608 3407 801 3472 ταῦτα,
857 3408 953 3461 καὶ
981 3409 1126 3478 ἡμᾶς
1173 3408 1801 3480 προσφιλοτιμήσασϐαιο

231 3494 385 3549 ἀλλὰ
427 3496 536 3567 γὰρ
568 3497 829 3566 σιδηρῖτις
861 3498 961 3567 μὲν
1003 3499 1113 3552 ἀπὸ
1138 3502 1238 3568 τῆς
1273 3501 1553 3570 ἐνεργείας
1580 3497 1647 3573 ἦς
1676 3502 1805 3571 περὶ

1972 2333 2026 2387 1.
2061 2331 2283 2401 Magnes
2326 2330 2393 2383 de
2421 2343 2529 2397 quo
2558 2344 2643 2382 me
2680 2327 2977 2395 interrogas
3001 2365 3017 2389 ,
3078 2324 3278 2377 dicitur
3332 2324 3473 2392 lapis

1902 2421 2105 2477 ferrum
2137 2421 2357 2476 trahens
2392 2436 2407 2473 :
2461 2420 2590 2487 quia
2645 2416 2902 2486 Magnesii
2937 2416 3187 2469 homines
3219 2414 3360 2467 hunc
3385 2415 3467 2466 la-

1904 2513 2078 2581 pidem
2110 2511 2453 2581 gestitantes,
2505 2508 2581 2562 rei
2616 2507 2921 2561 inventores
2957 2505 3205 2558 feruntur
3241 2504 3471 2569 ejusque

1902 2603 2009 2655 vim
2037 2599 2195 2669 primi
2231 2598 2486 2653 sensisse.
2540 2594 2672 2649 Nam
2708 2593 2954 2663 lapideis,
2989 2602 3046 2645 ut
3080 2589 3337 2643 credibile
3362 2597 3469 2650 est,

1902 2690 2135 2760 crepidis
2165 2689 2361 2750 induti,
2414 2688 2541 2741 dum
2572 2686 2765 2741 tellure
2795 2683 2941 2739 ferro
2973 2682 3288 2736 abundante
3326 2680 3469 2732 lente

1903 2781 2238 2841 incederent,
2289 2776 2683 2847 ponderitatem
2740 2774 2925 2827 nescio
2985 2786 3148 2841 quam
3183 2780 3473 2834 motusque

1903 2870 2304 2932 diiIicultatem,
2368 2867 2694 2922 haerentibus
2752 2864 2896 2918 ferro
2961 2863 3201 2931 lapillis,
3262 2860 3471 2926 experti

1903 2971 2050 3016 sunt.
2086 2960 2183 3015 Rei
2236 2959 2499 3013 miraculo
2546 2957 2799 3012 commoti
2834 2965 2993 3023 atque
3038 2954 3103 3006 ad
3151 2966 3332 3004 causae
3378 2965 3471 3000 ve-

1904 3051 2245 3119 stigationem
2276 3048 2643 3118 impulsi,vim
2675 3046 2834 3114 lapidi
2870 3046 3092 3100 insitam
3120 3058 3239 3097 esse
3268 3056 3470 3111 cogno-

1906 3146 2119 3192 verunt.
2145 3137 2328 3205 Neque
2358 3152 2578 3204 magnes
2608 3133 2984 3189 tantummodo
3014 3132 3100 3184 hic
3124 3131 3260 3199 lapis
3291 3129 3474 3195 θυμοί-ο

1906 3230 2068 3296 latur,
2102 3244 2292 3283 verum
2320 3230 2483 3283 etiam
2516 3227 2690 3297 lydius
2723 3234 2777 3279 et
2816 3223 3084 3278 heraclius
3108 3234 3161 3275 et
3198 3221 3470 3273 sideriti-s.

1905 3317 2038 3373 Nam
2105 3318 2202 3372 tibi
2250 3319 2316 3373 de
2368 3320 2469 3373 hoc
2516 3317 2783 3371 vocabulo
2845 3322 3099 3369 accurate
3156 3312 3471 3380 inquirenti,

1906 3425 2120 3479 aequum
2172 3420 2257 3464 est
2312 3424 2412 3464 nos
2464 3410 2576 3478 pari
2606 3407 2894 3463 sedulitate
2952 3404 3311 3473 respondere.
3346 3402 3469 3455 lum

1908 3503 2147 3557 sideritaa
2168 3516 2362 3556 nomen
2396 3517 2424 3554 a
2454 3501 2503 3555 vi
2525 3500 2642 3569 ejus
2670 3515 2834 3568 quam
2865 3514 2992 3566 erga
3031 3498 3235 3550 ferrum
3256 3509 3471 3561 expro-

225 3586 308 3637 τὰ
340 3586 557 3656 σιδήρια
594 3588 962 3642 ἐνδείκνυται·
996 3591 1045 3642 εί
1094 3589 1274 3658 βούλει
1306 3590 1363 3642 δὲ
1405 3592 1500 3643 καὶ
1549 3591 1659 3644 ἀπὸ
1703 3590 1838 3662 τῆς(

1904 3593 2000 3648 mit
2047 3593 2150 3647 dici
2208 3600 2463 3646 constat:
2526 3591 2629 3655 vel,
2695 3591 2741 3645 si
2797 3589 2990 3650 mavis,
3046 3588 3213 3641 etiam
3250 3586 3316 3637 ab
3352 3586 3475 3651 ejus

227 3676 446 3744 ὅψεωρ
499 3676 612 3746 ἔχει
641 3679 747 3746 γάρ
776 3696 828 3730 τι
860 3680 1095 3749 ἐμφερὲς
1126 3681 1268 3734 κατὰ
1307 3680 1405 3750 τήν
1452 3682 1619 3750 χρόαν
1648 3683 1802 3753 ἀργῷ

229 3767 334 3818 καὶ
361 3764 513 3819 οὗπω
539 3766 956 3838 διακαθαρθέντι
1000 3771 1234 3841 σιδήρφο
1263 3773 1399 3825 άλλά
1440 3776 1533 3827 καὶ
1570 3775 1707 3828 διότι
1744 3776 1805 3841 ἐξ

226 3856 415 3925 ἀρχῆς
446 3856 708 3927 εὑρῆσθαί
754 3875 887 3925 φασι
920 3859 1089 3930 αὐτὴν
1133 3864 1246 3925 τοῖς
1285 3862 1381 3915 τοῦ
1439 3865 1661 3935 σιδήρου
1703 3883 1802 3935 με·

232 3946 455 4010 τάλλοις
482 3949 957 4020 ἀναμεμιγμένην·
999 3952 1293 4019 Ἡράκλεια
1323 3953 1381 4006 δὲ
1418 3954 1492 4019 ὠς
1524 3956 1624 4025 μέν
1660 3972 1803 4009 τισιν

224 4035 383 4099 εδοξε
417 4036 508 4089 διά
534 4037 596 4089 τὸ
646 4038 865 4108 ἰσχυρὸν
889 4040 986 4109 τῆς
1009 4040 1173 4111 ὁλκῆς
1202 4044 1296 4096 καὶ
1327 4045 1627 4113 κρατερόν’
1667 4048 1804 4115 μᾶλ-

228 4130 327 4179 λον
352 4127 397 4180 δ’
429 4128 495 4181 ἂν
526 4128 718 4199 ῥηθείη
750 4130 848 4199 τὴν
891 4132 1207 4202 ἐπωνυμίαν
1238 4134 1439 4199 ῑλκειν,
1490 4136 1627 4188 διότι
1672 4137 1805 4208 περὶ

242 4219 579 4289 Ἡράκλειαν
606 4220 665 4273 τὸ
691 4221 1016 4291 πρῶτον,ὥς
1032 4241 1216 4292 φασιν,
1248 4226 1419 4298 ἐφάνη
1441 4242 1454 4255 ⁸
1475 4227 1803 4298 Ἡράκλειαν

224 4308 295 4362 δι
342 4309 393 4361 οἱ
429 4309 528 4378 μὲν
568 4313 668 4379 τὴν
706 4314 763 4364 ὲν
779 4313 1000 4385 ,Πόντῳ
1051 4316 1401 4387 ἱστορήκασι·
1437 4321 1549 4381 τοῖς
1576 4320 1633 4372 δὲ
1673 4322 1706 4390 ή
1744 4322 1803 4373 ὲν

228 4400 569 4472 Σαμοθράκῃ
592 4402 770 4466 ἔδοξεν
790 4418 803 4431 ·
833 4405 938 4458 εἰσὶ
965 4405 1022 4458 δὲ
1054 4400 1135 4468 οἷς
1156 4408 1318 4478 ἑτέρα
1344 4408 1443 4478 τῆς
1472 4412 1800 4479 μαγνήτιδος

228 4490 268 4556 ἡ
311 4486 569 4557 σιδηρῖτις
619 4490 932 4557 νομίζεται⁸
987 4494 1054 4563 ἢν
1097 4496 1187 4547 καὶ
1224 4494 1484 4566 λαμπράν
1530 4498 1669 4561 ὅλως
1706 4500 1802 4552 καὶ

226 4576 435 4645 διαυγῆ
467 4595 629 4645 φασιν
661 4577 935 4645 εἶναι,καὶ
965 4589 1355 4657 μαρμαρυγαῖς
1380 4588 1803 4660 άργυριζούσαις

231 4668 655 4738 χαρασσομένην
685 4669 753 4722 δι’
780 4671 903 4725 ὅλου
926 4674 1021 4726 τοῦ
1052 4674 1299 4746 σώματος
1318 4693 1333 4708 ·
1363 4679 1449 4748 εἴη
1483 4680 1542 4732 δὲ
1572 4681 1666 4734 καὶ
1692 4683 1805 4734 Λυ-

232 4756 334 4807 δία
357 4757 455 4821 τὴν
493 4758 703 4826 κλῆσιν,
744 4762 872 4825 ἴσως
898 4763 1008 4816 άπὺ
1040 4766 1139 4833 τῆς
1186 4768 1375 4839 πόρῤω
1406 4770 1664 4839 πατρίδος
1693 4771 1804 4825 τῶν

1904 3684 2080 3752 specie
2109 3700 2124 3737 :
2156 3694 2239 3739 est
2268 3685 2411 3738 enim
2438 3683 2675 3752 ejusdem
2716 3682 2865 3735 color
2894 3696 3058 3749 prope
3088 3681 3283 3734 similis
3315 3692 3477 3734 natu-

1904 3776 2003 3830 rali
2059 3776 2413 3845 nondumque
2458 3775 2716 3830 defaecato
2762 3772 2943 3827 ferro:
2984 3781 3097 3825 tum
3147 3772 3310 3826 etiam
3345 3774 3475 3841 quia

1904 3867 2169 3936 principio
2223 3866 2501 3921 inventum
2560 3865 2729 3919 fuisse
2780 3862 2999 3917 tradunt
3050 3862 3180 3916 ferri
3247 3864 3470 3917 metallo

1902 3967 2235 4014 concretum.
2299 3956 2435 4010 Tum
2490 3955 2760 4010 heraclius
2790 3955 3066 4009 nonnullis
3090 3954 3197 4009 dici
3235 3956 3469 4013 videtur,

1902 4050 1971 4103 ob
2002 4048 2306 4103 attrahendi
2341 4049 2447 4102 vim
2477 4046 2708 4101 validam
2755 4055 2808 4100 et
2857 4046 3119 4114 vigorem.
3172 4044 3274 4098 Sed
3323 4045 3469 4098 enim

1902 4140 2114 4209 aequius
2143 4134 2554 4209 appellationem
2596 4138 2820 4192 sortitus
2867 4136 3115 4199 videtur,
3162 4136 3288 4204 quia
3322 4135 3467 4188 circa

1903 4230 2216 4287 Heracleam
2266 4231 2437 4300 primo
2482 4238 2805 4299 conspectus
2849 4227 3067 4283 dicitur.
3111 4227 3278 4280 Porro
3310 4225 3468 4279 Hera-

1903 4324 2071 4378 cleam
2101 4324 2193 4377 alii
2222 4322 2379 4377 Ponti
2413 4322 2655 4385 tradunt,
2717 4322 2808 4375 alii
2850 4320 3259 4375 Samothracia.
3316 4317 3468 4372 Non-

1904 4416 2037 4472 nulli
2058 4416 2372 4471 existimant
2393 4416 2665 4470 diversum
2687 4429 2808 4469 esse
2840 4428 2870 4467 a
2895 4423 3143 4483 magnete
3173 4413 3419 4466 sideritiu
3448 4427 3466 4465 :

1904 4519 2064 4574 quem
2121 4511 2451 4572 postremum
2502 4502 2841 4571 splendidum
2919 4514 2973 4555 et
3057 4515 3471 4571 quaquaversus

1905 4597 2176 4650 lucentem
2227 4596 2401 4659 aiunt,
2448 4594 2829 4663 argenteisque
2878 4592 3047 4647 radiis
3100 4601 3213 4646 toto
3242 4607 3470 4659 corpore

1904 4688 2244 4756 insignitum.
2298 4684 2538 4754 Denique
2579 4692 2632 4738 et
2660 4698 2853 4737 nomen
2891 4683 3087 4752 lydius,
3152 4682 3233 4735 vel
3286 4697 3313 4733 a
3351 4682 3470 4733 lor.-

1907 4779 2104 4847 ginqua
2151 4777 2364 4830 illorum
2415 4776 2584 4843 patria
2646 4774 2874 4828 inditum
2926 4783 3029 4837 est,
3087 4773 3178 4840 qui
3216 4772 3464 4824 virtutem

235 4851 631 4920 ἑφευρηκότων
654 4854 823 4924 αὐτῆς
848 4856 945 4927 τὴν
983 4859 1261 4929 ἐνέργειαν
1280 4877 1295 4893 ο
1341 4863 1373 4933 ἢ
1404 4864 1529 4918 εἴτι
1562 4864 1690 4919 ἄλλο
1715 4883 1799 4930 τις
1830 4878 1838 4933 ]

1902 4870 2019 4937 ejus
2052 4869 2554 4937 deprehenderunt;
2597 4866 2679 4920 vel
2735 4867 2800 4920 de
2851 4867 2951 4920 hac
2980 4881 3038 4920 re
3067 4866 3283 4933 quidvis
3319 4864 3467 4918 aliud

235 4940 356 4992 ἀπὸ
374 4943 467 4995 τοῦ
494 4945 760 5012 πελάγους
794 4948 890 5017 τῆς
916 4948 1186 5022 άρχαῖκῆς
1213 4954 1450 5024 ἱστορίας
1485 4957 1676 5026 καιρὸν
1701 4956 1797 5012 λά-

233 5033 329 5083 ὅοι
355 5034 716 5099 ἀναλέξασθαι
747 5037 882 5110 (96).

1904 4975 1971 5023 ex
2000 4960 2236 5029 antiquae
2271 4957 2510 5014 historia:
2542 4957 2839 5015 verticibus
2885 4958 3156 5027 cXpiscari
3191 4973 3289 5027 pro
3313 4957 3469 5012 iibito

1914 5051 2054 5105 licet.

1749 5199 1975 5259 ΝΟΤιΕ.

313 5356 425 5427 (96)
465 5358 608 5413 [nter
634 5365 845 5413 veteres
882 5369 1134 5415 auctores
1179 5361 1314 5415 satis
1342 5360 1444 5415 erit
1487 5362 1669 5416 videre
1694 5360 1802 5415 Pli-

225 5430 393 5483 nium
428 5429 522 5482 lib.
550 5444 700 5491 xxvi,
731 5437 865 5498 sect.
894 5428 984 5492 25,
1017 5430 1084 5482 de
1124 5441 1373 5498 magnete
1415 5446 1519 5484 non
1552 5434 1672 5485 sine
1705 5447 1802 5485 co-

227 5498 330 5566 pia
362 5498 745 5575 disserentem.
778 5496 912 5575 Nam
953 5496 1282 5575 recentiores
1311 5499 1644 5575 Kirkeriuui,
1681 5500 1804 5554 Sal-

227 5566 509 5640 masium,
558 5566 936 5631 Gasseudum,
982 5568 1462 5640 reiquephysicae
1510 5572 1803 5625 hodiernus

228 5638 537 5705 magistros
563 5651 993 5690 commemorare
1023 5638 1154 5706 quid
1192 5638 1450 5692 interest?
1481 5639 1595 5691 Vim
1626 5650 1800 5692 tamen

228 5706 409 5774 hujus
442 5706 635 5775 lapidis
682 5707 1073 5775 ignoraverunt
1126 5710 1451 5776 praecipuam
1492 5710 1658 5776 prisci
1708 5726 1802 5762 au-

226 5783 447 5841 ctores,
492 5791 632 5845 quos
676 5777 821 5833 inter
852 5776 1101 5842 Photius,
1139 5778 1549 5835 demonstrandi
1598 5780 1805 5836 scilicet

1902 5362 2255 5417 meridianam
2308 5366 2525 5427 lineam,
2562 5364 2791 5433 ideoque
2832 5373 2885 5417 et
2935 5364 3196 5418 arctieum
3232 5364 3412 5430 pulum
3452 5380 3464 5416 :

1902 5448 1966 5486 ex
2023 5450 2128 5501 qua
2174 5435 2359 5488 notitia
2412 5451 2496 5487 res
2546 5436 2759 5488 nautica
2809 5434 3154 5487 incredibili-5
3208 5436 3469 5485 utilitates

1902 5504 2160 5571 percepit.
2191 5508 2454 5557 (la-terum
2479 5503 2681 5556 Plinius
2709 5504 3040 5570 probabilius
3070 5505 3198 5556 dicit
3236 5504 3469 5555 ferratas

1902 5585 2180 5639 pastorum
2213 5575 2458 5641 crepidas
2498 5574 2792 5625 adluL-sisse
2835 5574 3090 5640 ntagneti,
3124 5588 3283 5640 quam
3320 5572 3468 5623 l'ho-

1902 5646 2009 5763 tritis
2057 5646 2133 5722 ait
2184 5646 2513 5713 magueticas
2541 5644 2798 5711 gert-pultis
2845 5644 3134 5697 colimsisse
3169 5657 3291 5694 cum
3348 5642 3467 5694 solo

1931 5728 2159 5763 CI'I'JI'iO.

1931 5728 2159 5767 CI'I'JI'IO.
