4174 6450
731 422 837 486 727

1881 415 2141 479 ΡΗΟΤΙῘ
2180 419 2688 484 PATRIARCH/E
2708 426 2824 486 CP.

3869 439 3985 502 728

799 538 856 591 Ξ.
893 535 1061 589 Porro
1099 543 1280 589 autem
1330 533 1488 588 decet
1532 546 1633 588 nos
1682 535 2046 589 attrahentem
2109 536 2304 604 lapidis

2481 539 2545 606 β’.
2573 539 2706 610 (96')
2743 543 2883 594 ’Λλλ⁹
2903 543 3051 613 ἡμᾶς
3077 561 3140 612 γε
3170 549 3440 617 προσήκει
3471 551 3566 619 τὴν
3594 553 3844 625 ἑλκτικὴν
3875 558 3982 616 τῖς

735 623 899 691 hujus
929 625 1180 675 virtutem
1213 621 1624 676 coesiderantes
1653 633 1818 690 atque
1838 624 2204 693 sympathiam
2237 639 2302 678 ac

733 713 898 765 veluti
928 727 1171 764 amorem
1203 721 1396 765 natura
1424 712 1599 766 eidem
1646 728 1773 780 erga
1802 712 2005 767 ferrum
2048 713 2303 779 inditum,

734 802 1150 855 admirationem
1207 811 1447 856 nostram
1493 803 1558 856 ad
1589 803 1886 858 creationis
1915 804 2182 872 optimum
2214 821 2307 860 ar-

733 893 1025 946 chitectum
1107 893 1274 946 Denm
1355 892 1709 949 transferre:
1772 896 1976 965 pndere
2023 905 2204 951 autem
2237 898 2308 952 ob

735 1000 915 1037 rerum
977 985 1371 1038 insensibilium
1425 1001 1625 1040 nexum
1675 995 1840 1053 atque
1903 989 2303 1055 compaginem,

734 1075 865 1129 dum
898 1092 995 1130 nos
1025 1077 1234 1130 interim
1285 1078 1380 1146 qui
1413 1079 1627 1132 ratione
1672 1078 1930 1148 praeditos
1977 1092 2077 1132 nos
2104 1078 2307 1147 gloria-

736 1182 880 1230 mur,
914 1168 1302 1222 benevolentia
1325 1170 1644 1238 amorisque
1672 1169 1946 1223 vinculum
1977 1169 2122 1222 haud
2157 1183 2311 1236 aeque

736 1273 1019 1310 servamus
1076 1274 1089 1309 :
1150 1268 1205 1311 et
1276 1257 1499 1326 quidem
1563 1257 1768 1312 diserte
1817 1257 2018 1320 edocti,
2054 1258 2308 1326 quamvis

739 1352 878 1406 forte
925 1369 1095 1421 genus
1160 1367 1322 1407 omne
1380 1355 1641 1407 virtutum
1692 1353 1961 1422 complexi
2017 1352 2308 1418 fuerimus,

737 1445 942 1513 absque
969 1454 1156 1498 mutua
1185 1445 1450 1500 cbaritate
1501 1445 1849 1513 spiritalique
1896 1446 1997 1502 hoc
2032 1461 2220 1500 amore
2247 1461 2313 1500 ac

736 1535 980 1596 vinculo.
1009 1535 1126 1590 fore
1155 1545 1214 1590 ut
1237 1537 1393 1590 nobis
1418 1537 1600 1589 omnia
1627 1536 1852 1590 effluant
1877 1551 1942 1591 ac
1960 1537 2295 1605 dispeream.

747 1625 1052 1695 αδδιδι-ο·ῃυί
1099 1628 1240 1682 alius
1286 1628 1473 1680 nescio
1505 1626 1628 1694 quis
1658 1627 1966 1680 celebratur
2003 1626 2142 1694 lapis
2175 1641 2312 1680 con~

739 1715 964 1768 trariam
997 1717 1255 1784 praedicto
1302 1720 1409 1770 vim
1465 1716 1715 1778 sortitus,
1770 1716 1864 1784 qui
1895 1716 2133 1770 nondum
2175 1716 2314 1784 lapis

737 1808 806 1861 ad
841 1824 990 1863 meas
1033 1823 1232 1863 manus
1261 1809 1433 1863 venit.
1493 1806 1650 1862 Hunc
1678 1807 1835 1862 aiunt
1860 1807 2170 1876 proximum
2199 1807 2316 1862 fcr-

2407 625 2552 678 λίθου
2575 628 2781 697 ταύτης
2821 630 3051 701 δύναμιν
3086 633 3533 701 διασκοποῦντας,
3567 642 3660 694 καὶ
3703 645 3798 712 τὴν
3825 663 3983 714 συμ-

2407 718 2660 781 πάθειαν,
2705 721 2798 773 καὶ
2845 723 2936 774 τὸν
2966 717 3080 777 οἷον
3113 723 3293 794 ἔρωτα
3322 727 3381 780 δν
3419 731 3450 797 ἡ
3485 731 3646 796 φύσις
3667 734 3802 804 αὑτῇ
3834 737 3987 804 πρὸς

2405 807 2498 860 τὸν
2526 809 2746 880 σίδηρον
2775 812 3058 881 ἐνέθηκεν,
3091 814 3422 881 ἀγάλλεσθαι
3457 821 3554 888 μὲν
3585 823 3682 890 τῆς
3711 825 3991 894 δημιουρ·

2406 896 2532 964 γίας
2562 899 2660 951 τὸν
2685 898 3076 973 ἀριστοτέχνην
3099 903 3627 976 Θεὸν,αίσχύνεσθαι
3659 912 3714 964 δὲ
3742 917 3837 982 τὴν
3869 916 3988 966 τῶν

2405 986 2755 1058 ἀναισθήτων
2791 990 3152 1062 ἀλληλουχίαν
3182 994 3277 1047 καὶ
3321 997 3616 1066 συνάφειαν
3636 1015 3649 1028 ·
3679 1001 3903 1052 ἐπειδάν
3939 1005 3993 1054 oi

2405 1077 2550 1148 λόγῳ
2595 1078 2921 1148 τιμηθέντες
2966 1083 3129 1151 ἡμεῖς
3178 1084 3272 1137 τὸν
3325 1086 3425 1154 τῆς
3462 1087 3840 1158 φιλοστοργίας
3886 1091 3996 1146 καὶ

2409 1167 2630 1238 ἀγάπης
2681 1169 2880 1240 δεσμὸν
2922 1172 3031 1224 οὐδ’
3060 1173 3262 1242 ὁμοίως
3307 1177 3536 1240 ἐκείνοις
3585 1179 3992 1247 φυλάττωμεν·

2410 1256 2584 1310 καίτοι
2626 1275 2691 1326 γε
2757 1262 2946 1330 σαφῶς
2973 1261 3351 1332 διδασκόμενοι
3378 1306 3393 1329 ,
3425 1265 3503 1325 ὡς
3552 1267 3601 1318 εἰ
3648 1257 3752 1319 καὶ¹
3795 1271 3994 1337 πάσης

2410 1349 2613 1418 ἀρετῆς
2645 1346 2785 1414 είδος
2813 1350 3005 1421 είημεν
3033 1353 3484 1424 περιειλημμένοι
3507 1395 3521 1420 ,
3568 1356 3697 1410 ἄνευ
3746 1359 3844 1427 τῆς
3905 1360 3995 1420 είς

2412 1437 2676 1508 ἀλλήλους
2704 1441 2926 1510 ἀγάπης
2953 1442 3048 1494 καὶ
3078 1443 3174 1496 τοῦ
3218 1445 3592 1514 πνευματικοῦ
3633 1448 3823 1500 τούτου
3855 1447 3993 1513 φίλ-

2411 1543 2544 1596 τρου
2575 1529 2669 1581 καὶ
2691 1531 2919 1600 δεσμοῦ,
2950 1532 3128 1586 πάντα
3155 1534 3290 1604 ἡμῖν
3320 1533 3662 1606 διαῤῥυτσκει
3707 1539 3801 1591 καὶ
3831 1539 3996 1607 οἴχε-

2411 1634 2532 1672 ται’
2560 1621 2608 1672 εἰ
2639 1621 2696 1673 δι
2733 1621 2824 1674 καὶ
2858 1623 3021 1691 ἑτέρα
3063 1640 3149 1685 τις
3191 1624 3409 1691 λέγεται
3448 1626 3592 1690 λίθος
3626 1629 3873 1681 ἐναντίαν
3919 1633 3997 1696 τῇ

2413 1711 2756 1784 προκειμένῃ
2783 1711 2882 1782 τὴν
2906 1714 3068 1780 φύσιν
3107 1713 3372 1783 λαχοῦσα,
3403 1711 3471 1788 ἦς
3499 1718 3659 1786 ἡμεῖς
3693 1719 3790 1787 μὲν
3827 1719 4000 1771 οὔπω

2415 1801 2493 1862 αις
2523 1804 2725 1870 πεῖραν
2751 1803 3032 1872 ἀφίγμεθα
3059 1805 3261 1876 (nitu
3285 1823 3458 1874 φασιν
3483 1809 3818 1862 ἀπωθεῖσθαι
3839 1811 3997 1878 αὐτῇ

737 1911 862 1950 rum
888 1897 1162 1967 repellere.
1194 1898 1370 1967 Atque
1400 1898 1488 1952 hic
1511 1897 1715 1966 pariter
1736 1897 1860 1952 usui
1877 1903 2065 1950 nostro
2093 1911 2311 1950 accom-

2418 1894 2806 1963 προσαγόμενα
2833 1896 2901 1948 τὰ
2933 1895 3174 1966 σιδήρια)
3215 1897 3312 1950 καὶ
3338 1895 3498 1950 τοῦτο
3526 1899 3792 1968 ἡμέτερον
3812 1915 3826 1930 ο
3858 1901 3998 1952 οὐδὲ

740 1989 991 2043 modatns
1022 1997 1126 2044 est.
1155 1987 1293 2042 Nam
1343 1989 1438 2058 qui
1483 1989 1747 2056 spiritalis
1775 1987 2062 2042 cbaritatis
2092 1987 2313 2041 vinculo

739 2079 955 2146 generis
1003 2081 1174 2134 nostri
1240 2080 1590 2134 consortibus
1651 2080 1894 2149 copulari
1947 2079 2314 2148 conjungique

739 2169 1022 2234 debemus,
1070 2171 1231 2224 iidem
1286 2171 1557 2225 interdum
1606 2170 1849 2225 aversari
1901 2171 2024 2224 illos
2049 2171 2315 2226 debemus

739 2267 906 2328 atque
945 2261 1204 2326 repellere
1235 2279 1248 2315 :
1314 2275 1511 2331 nempe
1545 2277 1669 2316 cum
1699 2263 1800 2330 ipsi
1839 2262 2223 2317 scandalorum
2264 2272 2315 2316 et

743 2351 1202 2406 offendiculorum
1229 2355 1406 2408 instar
1439 2353 1637 2418 effecti,
1689 2355 1848 2409 nobis
1882 2355 1936 2408 in
1973 2355 2058 2407 via
2095 2355 2314 2422 pietatis

741 2443 1130 2510 impedimento
1163 2452 1335 2510 sunt;
1390 2443 1474 2498 vel
1520 2458 1644 2497 cum
1692 2445 1957 2498 virtutum
2001 2445 2316 2497 subvertere

737 2547 802 2588 ac
841 2532 1168 2601 detorquere
1205 2549 1428 2600 gressus
1461 2535 1734 2588 nituntur.
1768 2533 1824 2590 Id
1852 2537 1996 2588 enim
2033 2536 2340 2589 Dominico‘

737 2623 901 2676 etiam
922 2623 1086 2677 effatu
1142 2623 1479 2692 praecipitur,
1512 2641 1708 2693 nempe
1749 2626 1792 2679 si
1826 2627 1950 2694 quis
1979 2625 2064 2679 vel
2093 2626 2314 2679 amicis-

741 2711 915 2767 simus
947 2715 1031 2768 τοι
1060 2730 1273 2769 summa
1302 2716 1705 2770 necessitudine
1757 2717 1998 2784 junctus.
2050 2715 2316 2785 nobisque

739 2804 794 2856 in
826 2806 1081 2860 civilibus
1111 2807 1309 2860 studiis
1339 2822 1404 2860 ac
1439 2808 1692 2876 negotiis,
1750 2809 1895 2862 haud
1951 2823 2111 2862 secus
2149 2825 2314 2877 quam

738 2896 926 2949 dexter
973 2898 1166 2952 oculus
1235 2899 1320 2953 vel
1368 2899 1560 2953 dextra
1610 2915 1805 2954 manus
1833 2941 1850 2966 ,
1895 2900 2046 2954 utilis
2105 2899 2314 2966 fuerit,

738 2987 1102 3043 nihilominus
1141 2990 1288 3045 hunc
1318 3004 1540 3061 quoque
1572 2991 1710 3048 velis
1754 2992 2029 3060 remisque
2058 3005 2178 3044 csse
2215 2989 2315 3045 de-

738 3082 1042 3136 vitandum.

773 3191 1102 3259 ρυιεετιο
1129 3195 1387 3251 CXXXII.
1422 3196 1608 3268 [ϐοἱεί.
1642 3196 1822 3261 CLIV,
1876 3197 2038 3250 Taur.
2068 3195 2274 3266 CLlll.]
2342 3211 2386 3270 ο

741 3286 975 3359 Quinam
1001 3289 1417 3359 vocarihdebenl
1465 3291 1676 3350 τεκνία,
1703 3303 1750 3344 ct
1798 3291 1890 3359 qni
1941 3299 2062 3343 sunt
2098 3290 2310 3359 παιδία,

808 3358 958 3424 quiue
987 3358 1129 3408 uioi?
1167 3357 1231 3409 Et
1269 3375 1371 3425 quo
1428 3376 1583 3412 sensu
1636 3362 1762 3412 dicit
1810 3357 1997 3412 Petrus
2021 3376 2039 3412 :
2084 3379 2101 3410 ι
2136 3357 2316 3411 Habe-

813 3442 930 3479 mus
954 3442 1243 3480 sermonem
1275 3429 1637 3495 propheticum
1669 3431 1978 3496 ﬁrmiorem.
2018 3448 2035 3478 ι

743 3539 1000 3592 Editarum
1033 3556 1061 3589 a
1096 3541 1276 3594 Wolﬁo
1295 3543 1488 3593 decima
1510 3552 1684 3607 quarta
1711 3547 1835 3609 (Cur
1859 3544 2038 3594 Philol.
2068 3551 2104 3592 t.
2130 3543 2191 3609 ν,

2415 1987 2522 2057 γάρ
2551 1986 2661 2040 οὐδ’
2696 1989 2858 2056 ἡμεῖς
2904 1989 3066 2058 μόνον
3103 1989 3182 2058 τῷ
3227 1989 3414 2061 δεσμῷ
3457 1990 3560 2060 τῆς
3611 1995 4000 2062 πνευματικῆς

2414 2078 2634 2145 ἀγάπης
2657 2076 2948 2148 ὀφείλομεν
2979 2079 3219 2147 ἡνῶσθαι
3262 2079 3358 2132 καὶ
3387 2080 3728 2134 συνδεδέσθαι
3761 2084 3902 2150 πρὸς
3935 2084 4002 2133 τὸ

2415 2167 2707 2236 ὁμόφυλον,
2756 2167 2874 2221 ἀλλ’
2919 2168 3032 2221 ἐσθ’
3058 2171 3148 2223 ὅτε
3182 2171 3278 2224 καὶ
3320 2172 3562 2223 ἀπωθεῖν
3597 2173 3690 2224 καὶ
3726 2173 4002 2243 ἐκτρέπε-

2417 2255 2540 2308 σθαι
2566 2271 2580 2286 ο
2634 2257 2855 2310 ἐπειδάν
2909 2258 3219 2311 σκανδάλων
3272 2260 3366 2312 καὶ
3413 2263 3854 2331 προσκομμάτων
3890 2265 4004 2316 ὑπο

2415 2346 2665 2410 ελθόντες
2712 2347 2828 2416 βίον
2875 2348 3129 2417 ἐμποδὼν
3167 2349 3519 2418 ἐπιχειρῶσιν
3553 2351 3803 2405 ἶστασθαι
3852 2353 4002 2422 πρὸς

2416 2438 2514 2500 τὰς
2545 2439 2643 2506 τῆς
2673 2439 2955 2501 εὐσεϐείας
2999 2438 3243 2507 τρίϐους,
3272 2439 3305 2509 ἢ
3335 2443 3460 2504 τοὺς
3485 2441 3593 2494 τῶν
3619 2443 3830 2511 ἀρετῶν
3854 2444 4001 2496 bimo

2419 2529 2689 2593 πελίζειν
2721 2531 2814 2583 καὶ
2859 2530 3208 2602 διαστρέφειν
3255 2533 3510 2603 δρόμους.
3541 2534 3712 2586 Τοῦτο
3749 2536 3858 2604 γάρ
3898 2537 4002 2589 καὶ

2417 2618 2478 2669 τὺ
2524 2619 2802 2689 κυριακὸν
2837 2623 3116 2678 ἐπιτάττει
3162 2625 3371 2694 λόγιονο
3421 2627 3496 2692 ὥς
3546 2632 3594 2682 εἰ
3641 2631 3730 2683 καί
3783 2649 3865 2692 τις
3909 2635 4000 2701 εἴη

2420 2709 2588 2776 φίλων
2627 2713 2724 2764 καὶ
2778 2715 2989 2767 οἰκείων
3021 2717 3051 2768 δ
3081 2717 3351 2785 μάλιστα.
3385 2719 3524 2774 ὥστε
3567 2723 3660 2775 καὶ
3711 2707 4004 2794 συνεργεῗν

2418 2805 2550 2872 ἡμῖν
2576 2805 2655 2866 εἰς
2677 2805 2775 2868 τὰς
2805 2805 3086 2869 πολιτικὰς
3117 2808 3351 2878 θεωρίας
3383 2827 3440 2863 τε
3470 2813 3564 2863 καὶ
3597 2813 3850 2881 πράξεις,
3897 2817 3993 2866 ῐσα

2421 2898 2516 2948 καὶ
2569 2897 2832 2968 ὀφθαλμῷ
2880 2898 3039 2968 δεξιῷ
3091 2901 3184 2954 καὶ
3225 2904 3370 2970 χειρὶ
3409 2903 3580 2974 δεξιᾷ,
3629 2905 3724 2956 καὶ
3769 2908 4002 2968 τούτους

2421 2988 2712 3057 ἐκτέμνειν
2776 2989 2871 3043 καὶ
2934 2990 3346 3061 ἀποτρέπεσθαι
3407 2997 3475 3065 τῇ
3551 2995 3704 3067 πάσῃ
3763 2994 4005 3066 δυνάμει

2422 3099 2623 3153 χρεων.

2947 3197 3274 3250 ΕΡΩΤΗΣΙΣ
3299 3197 3461 3252 PAB’.

2427 3286 2487 3340 Τί
2509 3285 2604 3340 δεῖ
2628 3286 2838 3341 καλεῖν
2875 3287 3077 3348 τέκνα.
3107 3290 3203 3343 καὶ
3240 3288 3382 3341 ποῖα
3425 3286 3664 3350 παιδία,
3700 3289 3802 3341 καί
3833 3289 4005 3355 τινας

2493 3358 2696 3422 υιούς;
2728 3357 2854 3420 Kal,
2880 3359 2934 3408 ri
2949 3361 3111 3426 ,λέγει
3131 3359 3351 3424 Πέτρος
3368 3375 3413 3408 σε
3431 3359 4006 3427 Ἔχομενβεσιειότεα

2489 3443 2603 3493 ρον
2639 3427 2747 3479 τὸν
2776 3427 3148 3494 προφητικὸν
3173 3428 3393 3495 λόγον-ς
3433 3447 3452 3479 s

2225 3556 2274 3603 p.
2297 3540 2542 3604 739-742,,
2573 3540 2797 3590 Galland.
2843 3540 3080 3591 Biblioth.
3110 3546 3147 3590 t.
3171 3541 3301 3603 Xlll,
3325 3555 3375 3604 ι).
3403 3543 3516 3604 725,
3541 3543 3632 3591 726
3650 3556 3702 3591 ιι.
3727 3543 3834 3603 30).
3864 3569 3920 3579 —
3953 3541 4008 3590 In

2183 3601 2387 3654 ll'l’etr.
2418 3617 2452 3662 ι,
2495 3601 2568 3650 18.

814 3713 940 3768 Tria
972 3725 1122 3776 sunt.
1152 3716 1355 3785 quibus
1376 3715 1630 3770 homines
1688 3715 1991 3769 redduntur
2036 3713 2327 3784 perfectio-

746 3820 854 3868 res,
920 3809 1201 3861 inundatio
1233 3825 1260 3860 a
1306 3809 1570 3876 peccatis,
1632 3808 1763 3861 fides
1819 3807 1926 3876 pia,
1983 3821 2084 3859 nec
2137 3806 2324 3872 dubia,

744 3897 1006 3965 nullaque
1039 3914 1096 3952 re
1124 3914 1264 3953 vana
1298 3910 1392 3953 aut
1424 3913 1612 3952 recens
1637 3898 1846 3951 invecta
1882 3899 2190 3958 immutata,
2227 3897 2325 3950 de-

745 3987 912 4056 nique
941 4001 1069 4040 vero
1098 3989 1241 4040 lucta
1297 3997 1352 4040 et
1407 3988 1636 4040 victoria
1697 3988 1962 4041 adversus
2005 3999 2229 4055 peccata
2275 3997 2329 4042 et

2495 3711 2636 3781 Τρία
2666 3710 2777 3780 (97)
2810 3711 2985 3766 ταῦτά
3015 3713 3185 3778 ἔστιν,
3208 3706 3372 3776 οἷς“τδ
3392 3711 3738 3781 ἀνθρώπινον
3759 3711 4006 3783 τελειοῇ-

2423 3818 2551 3855 ταιο
2579 3803 2851 3873 κάθαρσις
2900 3803 3321 3873 ἁμαρτημάτων
3343 3843 3359 3869 ,
3396 3805 3579 3866 πίστις
3625 3805 3880 3874 εὐσεϐὴς,
3916 3808 4008 3858 καὶ

2423 3891 2770 3955 ἁδίστακτος,
2800 3892 2939 3961 πρὸς
2971 3893 3143 3962 μηδὲν
3171 3891 3326 3945 κενὸν
3350 3892 3465 3963 (98)
3519 3893 3658 3963 μηδὲ
3694 3893 4006 3963 πρόσφατον

2426 3984 2886 4053 ὑπαλλοιουμένη,
2921 3979 3072 4051 άγὼν
3129 3984 3226 4037 καὶ
3269 3984 3394 4056 νίκη
3452 3986 3596 4038 κατά
3653 3985 3768 4037 τῶν
3819 3985 4009 4038 παθῶν

743 4077 1048 4133 diabolum.
1098 4077 1376 4132 Mundatio
1405 4079 1624 4147 quidem
1677 4093 1705 4130 a
1769 4078 2003 4146 peccatis
2049 4079 2320 4146 generatio

2435 4075 2530 4130 καὶ
2565 4075 2659 4129 τοῦ
2691 4075 2960 4132 διαϐόλου.
3007 4077 3080 4130 Ἥ
3125 4074 3227 4146 μὲν
3283 4071 3378 4129 οὖν
3423 4076 3533 4129 τῶν
3585 4077 4008 4146 ἁμαρτημάτων

744 4170 993 4238 qnzedam
1021 4170 1323 4239 spiritualis
1356 4180 1456 4230 est.
1498 4171 1580 4222 vel
1603 4169 1781 4239 potius
1811 4171 2179 4239 regeneratio,
2207 4186 2320 4239 qua:

2436 4165 2725 4235 κάθαρσις,
2748 4165 3005 4234 γέννησίς
3025 4165 3111 4227 τίς
3138 4169 3255 4218 ἐστι
3301 4165 3662 4236 πνευματικὴ,
3717 4167 3925 4235 μᾶλλον
3953 4168 4008 4219 δὲ

748 4272 984 4312 veterem
1049 4260 1324 4314 hominem
1381 4270 1626 4313 renovat.
1688 4260 1744 4314 In
1802 4262 1942 4314 hanc
2001 4263 2320 4316 sententiam

2435 4257 2818 4326 ἀναγὲννησις,
2835 4256 2926 4309 τὸν
2943 4256 3326 4310 παλαιωθέντα
3343 4257 3775 4321 ἀνακαινίζουσα
3795 4257 3893 4311 avo
3903 4275 4010 4327 ρω-

746 4350 952 4407 Paulus
978 4365 1198 4420 quoque
1230 4352 1308 4405 ait
1340 4369 1354 4404 :
1408 4371 1426 4403 r
1467 4350 1670 4416 Filioli,
1702 4367 1843 4422 quos
1890 4353 2088 4407 iterum
2149 4354 2325 4422 pario,

2433 4365 2553 4400 πον.
2583 4348 2718 4400 Καθ’
2749 4347 2777 4398 δ
2802 4349 2895 4400 καὶ
2917 4346 3128 4409 Παῦλος
3151 4347 3365 4415 ἐλεγενο
3409 4367 3427 4399 ι
3469 4349 3692 4413 Τεκνία,
3722 4348 3818 4411 οὓς
3843 4349 4009 4401 ¹πάλιν

745 4443 920 4496 donec
979 4442 1234 4495 Christus
1282 4442 1337 4494 in
1371 4441 1523 4494 vobis
1576 4439 1928 4497 formetur“.
1970 4461 1988 4493 ι
2034 4443 2132 4495 Per
2188 4442 2320 4495 hanc

2431 4435 2626 4501 ὠδίνω,
2661 4437 2768 4500 ἕως
2794 4437 2860 4489 ἂν
2887 4439 2918 4489 ὁ
2947 4438 3184 4506 Χριστὸς
3225 4439 3284 4490 ὲν
3333 4439 3462 4510 ὑμῖν
3526 4438 3813 4509 μορφωθῇ.
3856 4457 3877 4490 s
3910 4439 4010 4492 Διὰ

748 4545 877 4584 vero
934 4531 1420 4600 regenerationem,
1481 4530 1644 4584 etiam
1688 4533 1740 4584 in
1793 4532 1934 4586 ﬁlios
1981 4531 2330 4599 adnptamnr,

747 4621 889 4673 servi
921 4621 1136 4675 Domini
1167 4621 1374 4675 Christi
1408 4621 1559 4675 facti.
1596 4623 1889 4691 Propterea
1936 4631 2080 4674 recte
2109 4637 2333 4691 quoque

705 4761 707 4764 .
745 4722 800 4766 ct
828 4713 990 4780 ﬁlioli
1046 4722 1102 4768 et
1139 4715 1286 4782 pueri
1312 4723 1600 4775 vocantur,
1629 4715 1722 4782 qui
1775 4713 1938 4782 hujus
1983 4715 2170 4781 gratia:
2206 4713 2334 4767 facti

747 4815 877 4858 sunt
940 4806 1262 4874 participes.
1327 4804 1433 4871 Qui
1483 4821 1612 4859 vero
1644 4806 1950 4859 doctrinam
1986 4807 2221 4872 pietatis,
2264 4807 2332 4860 ab

749 4898 905 4950 initio
929 4897 1302 4966 prredicatam,
1334 4907 1606 4952 sectantes
1640 4898 1784 4966 quod
1833 4897 1898 4952 ad
1931 4898 2172 4951 animum
2201 4913 2332 4952 con-

748 4999 1066 5053 senuerunt,
1098 4989 1220 5042 vani
1252 4988 1410 5050 nihil,
1464 4989 1598 5043 nihil
1636 5005 1826 5043 recens
1889 4989 2114 5052 inventi,
2172 4989 2330 5050 nihil,

747 5076 893 5145 quod
922 5076 1217 5145 juVenilem
1245 5079 1496 5132 humana:
1524 5078 1723 5132 mentis
1742 5075 2057 5146 iactantiam
2106 5073 2329 5140 referat,

749 5168 1117 5232 admittentes,
1151 5169 1226 5222 illi
1264 5169 1484 5239 quidem
1537 5169 1719 5223 itidem
1776 5185 1836 5222 se
1885 5168 2032 5236 ipsos
2057 5166 2332 5234 spirituali

749 5258 852 5312 ista
884 5260 1327 5316 denominationc
1355 5262 1550 5332 dignos
1581 5275 1706 5317 esse
1737 5260 1962 5316 cordato
2015 5259 2216 5328 cuique
2241 5258 2332 5327 ju-

823 5387 870 5418 ³⁸
902 5383 1078 5438 Calat.
1105 5397 1182 5444 tv,
1215 5379 1303 5434 19.

2429 4527 2636 4598 ταύτης
2659 4529 2717 4580 δὲ
2747 4529 2847 4597 τῆς
2873 4529 3287 4599 άναγεννὴσεως
3322 4531 3416 4583 καὶ
3441 4529 3855 4600 υίοθετούμεθα,
3882 4530 4011 4582 δοῦ-

2430 4619 2513 4670 λοι
2537 4620 2690 4681 δντες
2729 4619 2807 4689 τῷ
2851 4620 3095 4690 Δεσπότῃ
3142 4620 3384 4690 Χριστῷ.
3426 4621 3519 4674 Διὸ
3548 4622 3777 4683 εἰκότως
3810 4619 3880 4673 άν
3915 4622 4011 4674 καὶ

2431 4711 2620 4762 τεκνία
2649 4712 2744 4762 καὶ
2769 4711 2959 4765 παιδία
2989 4715 3039 4766 oi
3068 4711 3274 4782 ταύτης
3309 4713 3406 4782 τῆς
3443 4713 3668 4783 χάριτος
3709 4711 4010 4783 ἡξιωμὲνοι

2434 4800 2671 4852 καλοῖ-η’
2702 4799 2786 4852 ἄν.
2822 4803 2884 4853 Ui
2913 4801 2969 4852 δὲ
3016 4802 3116 4872 τὴν
3157 4803 3399 4873 ἀρχῆθεν
3437 4802 4010 4874 προκατηγγελμέντ,ν

2433 4889 2715 4943 εὐσέϐειαν
2746 4891 3166 4961 πρεσϐεύοντες,
3189 4893 3289 4963 ἡδη
3326 4893 3388 4947 τὸ
3423 4894 4010 4964 φρόνημαεπεπολίωνο

2431 4999 2542 5044 ται,
2601 4982 2766 5051 μηδὲν
2811 4985 2967 5038 κενὸν
3019 4986 3154 5054 (99),
3185 4987 3322 5056 μηδὲ
3368 4988 3716 5057 πρόσφατον,
3749 4987 3871 5058 μηδ’
3906 4989 4004 5040 άνο

2435 5074 2714 5143 θρωπίνης
2748 5077 2990 5135 ἐπινοίας
3019 5079 3314 5146 νεανίευμα
3362 5081 3480 5141 ταῖς
3509 5079 3772 5140 διανοίαις
3803 5079 3884 5146 (Ι)
3913 5080 4011 5132 αὑ-

2433 5169 2542 5221 τῶν
2579 5169 2966 5241 εἰσδεχόμενοι,
2999 5172 3048 5223 οἳ
3082 5171 3178 5225 καὶ
3205 5172 3391 5242 δικαίᾳ
3426 5172 3608 5242 κρίσει
3627 5172 4012 5240 πνευματικῆς

2435 5262 2632 5327 αὐτοὺς
2655 5263 2974 5334 ἐπωνυμίας
3001 5263 3184 5328 ἀξίους
3238 5262 3598 5318 δεικνύουσιν.
3635 5263 3758 5316 Ἐπὶ
3811 5261 3896 5331 (9.)
3956 5262 4011 5313 δὲ

2271 5461 2506 5521 NOTAE.

823 5567 962 5635 (96°)
999 5565 1217 5620 Videtur
1240 5561 1467 5635 Pliotius
1507 5561 1674 5615 fuisse
1698 5574 1833 5635 usus
1858 5557 2068 5635 EuIOgii
2103 5558 2331 5635 Alcsan-

752 5628 896 5694 dri‘ni
918 5628 1081 5703 opere
1109 5645 1297 5688 contra
1317 5633 1651 5703 Novatianos
1691 5631 1808 5697 (lib.
1837 5630 1923 5696 tt),
1946 5644 2010 5681 ex
2042 5643 2150 5695 quo
2176 5628 2329 5694 plura

755 5708 916 5763 datin
947 5701 1282 5758 Bibliotheca
1309 5705 1432 5756 cod.
1459 5701 1585 5754 280.

832 5777 946 5845 (97)
971 5775 1027 5828 In
1051 5773 1225 5828 Catal.
1258 5771 1646 5845 Bibl._(loislin.
1679 5787 1730 5838 p.
1773 5768 1896 5845 557..
1929 5767 2065 5845 male
2087 5768 2223 5845 τοῖσι.

835 5778 922 5836 (97
971 5778 1027 5828 ln
1051 5778 1225 5828 Catal.
1259 5778 1395 5826 Bibl.
1419 5778 1646 5824 (joislin.
1679 5787 1730 5838 p.
1773 5778 1896 5828 557,
1929 5778 2065 5819 male
2087 5778 2223 5818 τιιια.

835 5778 948 5917 (98;
984 5845 1058 5899 lla
1086 5845 1267 5899 scribo
1296 5859 1361 5899 ex
1385 5841 1538 5898 Colb.
1571 5856 1671 5910 pro
1728 5839 1936 5903 καινόν,
1972 5837 2025 5892 id
2055 5836 2200 5890 enim
2240 5852 2334 5888 ca-

2430 5561 2683 5627 primitnr
2722 5573 2818 5627 per
2849 5558 3184 5626 πρόσφατον.
3219 5558 3282 5611 Ει
3306 5559 3388 5612 sit:
3414 5570 3564 5623 mox,
3587 5572 3645 5610 ιι.
3673 5555 3725 5612 5.

2505 5630 2616 5697 (99)
2651 5631 2776 5682 Vide
2804 5645 2858 5682 n.
2891 5630 2976 5682 98.

2503 5701 2578 5767 (ι)
2610 5700 2667 5752 ln
2695 5698 2816 5752 cod.
2845 5707 2963 5752 erat
2988 5696 3307 5760 διακονίαις.

2506 5772 2583 5838 (2)
2611 5769 2795 5823 Codex
2818 5769 2962 5832 ἐπεί,
2996 5768 3154 5821 male.
