4174 6450
158 470 264 533 729

1065 468 1163 528 AD
1201 461 1790 526 AMPHILOCHIUM
1836 459 2180 532 QUIESTIO
2209 459 2442 521 CXXII.

3293 452 3400 519 730

161 578 380 641 τούτοις,
410 579 458 629 οἱ
490 574 756 644 γενναίως
780 574 875 626 κα“ι
901 570 1166 644 ἀνδρείως
1211 572 1279 623 τὰ
1323 572 1470 638 πάθη
1507 570 1721 623 καὶτὸν

1848 568 1931 621 lici
1960 570 2273 623 ostendunt.
2310 566 2515 623 Praeter
2542 570 2641 624 hos
2670 581 2799 624 vero
2824 582 3007 623 nontie
3049 580 3104 624 et
3129 570 3246 631 isti,
3281 572 3400 639 qui.

161 668 347 737 ἐχθρὸν
380 664 913 735 καταγωνισάμενοι,
943 663 1037 716 καὶ
1059 662 1408 733 στρατιωτῶν
1436 664 1531 715 καὶ
1559 660 1725 729 ἀθλη-

160 759 264 810 τῶν
292 758 363 819 ὡς
404 755 621 825 άληθῶς
645 754 782 824 ἔργα
815 752 1274 821 διαπραξάμενοι,
1306 754 1471 804 πᾶσιν
1522 751 1601 821 (5)
1636 751 1723 803 ἐπ’

159 850 336 909 αὐτοῖς
359 850 470 909 τοῖς
511 846 694 915 ἔργοις
746 844 1005 912 νεανικήν
1042 860 1102 893 τε
1129 842 1225 894 καὶ
1248 841 1608 911 ἀκμάζουσαν
1632 840 1725 893 τὸν

159 941 303 991 τόνον
336 934 551 991 καῖ’τδν
584 937 752 990 πόθον
785 934 1013 1005 γνώμην
1048 932 1396 999 ἐπεδείξαντο
1418 972 1432 994 ,
1458 933 1581 1001 οὐχ).
1632 933 1728 985 καὶ

161 1031 256 1097 τῆς
283 1031 527 1098 κλήσεως
547 1028 719 1096 αὐτῆς
759 1022 1197 1097 μετασχήσουσιν
1222 1041 1238 1090 ;
1268 1025 1451 1094 Ἔχεις
1496 1021 1612 1086 οὖν,
1650 1020 1729 1077 οἷ-

166 1139 284 1188 μαι,
318 1120 403 1173 διὰ
436 1120 548 1172 τῶν
575 1120 887 1189 εἰρημένων
920 1119 1108 1188 σαφῶς
1146 1116 1208 1171 τὸ
1237 1116 1461 1188 ζήτημά
1498 1134 1582 1171 σοι
1613 1117 1731 1171 διαο

161 1210 414 1279 λυόμενον
439 1226 451 1239 ’
490 1227 509 1260 ι
555 1209 754 1278 Γράφω
792 1208 941 1277 ὑμῖν,
972 1208 1181 1271 τεκνία,
1211 1209 1291 1261 ὅτι
1356 1191 1631 1275 ἀφέωνται
1675 1208 1730 1259 αί

164 1302 425 1372 ἁμαρτίαι
463 1300 553 1353 διὰ
590 1300 653 1351 τὸ
720 1299 892 1371 ὄνομα
929 1300 1120 1353 αὑτοῦ.
1174 1298 1378 1369 Γράφω
1420 1298 1586 1367 ὑμῖν,
1619 1314 1724 1351 πα-

154 1388 338 1461 τέρες,
374 1392 455 1443 ὃτι
501 1388 780 1458 ἐγνώκατε
828 1389 923 1444 τὸν
966 1388 1061 1442 ἀπ’
1092 1387 1289 1460 ἀρχῆς.
1331 1388 1535 1460 Γράφω
1580 1388 1730 1458 ὑμῖν,

161 1484 452 1545 νεανίσκοι,
514 1482 595 1536 ὅτι
646 1482 967 1551 νενικήκατε
1019 1481 1113 1534 τὸν
1174 1481 1441 1551 Πονηρόν.
1480 1479 1734 1551 Ἔγραψα

163 1577 323 1644 ὑμῖν,
379 1574 592 1637 παιδία,
633 1574 717 1626 ὅτι
764 1572 1043 1641 ἐγνώκατε
1087 1572 1178 1626 τὸν
1209 1573 1448 1643 Πατέρα.
1480 1571 1737 1643 Ἔγραψα

164 1666 311 1731 ὑμῖν,
339 1666 596 1734 πατέρες,
630 1665 712 1716 ὃτι
743 1663 1022 1732 ἐγνώκατε
1044 1664 1137 1716 τὸν
1171 1665 1266 1717 ἀπ’
1296 1663 1491 1733 ἀρχῆς.
1524 1663 1736 1733 Ἔγρα-

161 1756 241 1822 ψα
275 1756 424 1824 ὑμῖν,
478 1758 775 1820 νεανεσκοι,
819 1757 902 1808 ὅτι
949 1755 1159 1826 ίσχυροί
1214 1757 1361 1818 ἐστε,
1396 1756 1491 1809 καὶ
1519 1758 1546 1809 ό
1576 1755 1732 1823 λόγος

163 1847 258 1899 τοῦ
298 1846 434 1900 θεοῦ
487 1849 546 1901 ἐν
588 1848 717 1916 ὑμῖν
769 1847 944 1917 μένει,
966 1847 1063 1902 καὶ
1087 1848 1412 1915 νενικήκατε
1446 1846 1538 1900 τὸν
1562 1848 1737 1916 Πονησ

166 1940 281 2009 ρόν.
324 1958 341 1990 ι
373 1939 578 1992 Τεκνία
610 1903 711 2009 μὲν
734 1903 843 2009 γάρ
876 1903 970 1993 καὶ
1001 1938 1192 1991 παιδία
1218 1903 1364 1991 nete!
1396 1941 1429 2009 η
1484 1939 1582 2008 τὴν
1626 1903 1735 2008 aq;-
1764 1903 1812 1963 Β

164 2047 284 2083 εσιν
309 2030 419 2084 τῶν
448 2032 870 2102 ἁμαρτημάτων
886 2030 1222 2101 χαριζομένη
1248 2030 1739 2099 ἁναγέννησις,καὶ

162 2120 227 2172 τὸ
260 2122 357 2189 τῆς
404 2122 676 2184 υίοθεσίας
731 2122 967 2192 ἀξίωμα,
1030 2120 1097 2174 δι’
1125 2113 1331 2185 ὧντοῖς
1384 2122 1564 2192 ἔργοις
1615 2124 1739 2175 ἑπι-

164 2212 456 2281 γινώσκειν
481 2213 702 2283 Πατέρα
725 2214 817 2265 τὸν
864 2212 1094 2283 θέμενον
1136 2212 1327 2284 ὥσπερ
1367 2213 1521 2282 ίσχῦν
1569 2230 1741 2283 προσ-

164 2304 490 2375 ειλήφαμεν,
516 2303 658 2359 οὕτω
684 2306 779 2359 καὶ
827 2304 987 2375 χρέος
1018 2303 1352 2376 ὑπήλθομεν.
1397 2303 1644 2375 Πατέρας
1677 2321 1741 2373 γε

169 2396 278 2467 μὴν
312 2396 605 2467 καθιστᾷή
640 2397 739 2466 τῆς
792 2397 889 2449 ἀπ’
919 2396 1099 2466 ἀρχῆς
1146 2394 1429 2458 εὐσεϐείας
1477 2395 1639 2453 πολιά
1681 2413 1743 2449 τε

165 2490 262 2539 καὶ
314 2490 371 2539 ἐν
411 2488 489 2556 τῷ
548 2487 755 2558 βεϐαίῳ
791 2485 1157 2558 στηριζομένη
1208 2486 1538 2553 ἐπίγνωσις·
1567 2488 1743 2541 νεανί-

168 2598 338 2642 σκους
367 2581 423 2633 δὲ
454 2580 513 2632 τὸ
540 2579 682 2633 κατὰ
710 2578 806 2633 τοῦ
838 2579 1087 2650 Πονηροῦ
1118 2581 1213 2632 καὶ
1251 2579 1361 2631 τῶν
1392 2578 1579 2633 παθῶν
1609 2580 1745 2649 κρά-

163 2688 281 2733 τος.
334 2672 471 2724 Ἀλλ’
499 2672 635 2736 αῦτη
665 2672 761 2741 μὲν
792 2673 826 2742 ἡ
848 2671 957 2725 τῶν
992 2670 1369 2725 ἀποστολικῶν
1395 2670 1593 2738 λογίων
1624 2671 1746 2724 διά-

166 2780 309 2823 νοια,
346 2763 456 2831 ἠδὲ
484 2763 590 2814 τῶν
639 2764 901 2848 ῥημέιτων
949 2762 1208 2831 ἐπιμονὴ,
1232 2766 1266 2831 η
1298 2763 1398 2831 μὲν
1446 2763 1746 2833 ἀφηγήμα-

166 2869 260 2913 τος
292 2852 477 2919 ἐπέχοι
499 2851 564 2904 ἂν
598 2852 775 2919 λόγον,
800 2853 831 2922 ή
857 2852 915 2905 δὲ
956 2853 1413 2922 ἑπαναμνήσεως,
1450 2852 1589 2923 ὅπερ
1620 2854 1746 2905 εἵω-

167 2941 265 2993 οεν
323 2943 781 3011 πῳσεχεστέρους
828 2959 889 2995 τε
929 2944 1055 3005 τοὺς
1084 2942 1361 3013 ἀκροατὰς
1391 2944 1747 3012 παρασκευὰ-

168 3035 311 3097 ςειν,
337 3035 427 3085 καὶ
455 3034 747 3103 βαθύτερον
768 3034 848 3105 τῷ
880 3034 1202 3105 μνημονικῷ
1236 3038 1335 3105 τῆς
1366 3035 1543 3106 ψυχῆς
1564 3036 1750 3090 αὐτῶν

168 3126 541 3194 εγχαράσσειν
567 3128 666 3195 τὴν
696 3127 804 3181 τῶν
855 3129 1162 3197 εἰρημένων
1198 3127 1462 3182 διάνοιαν.

1824 666 2046 712 strenue
2073 666 2127 711 et
2153 660 2362 713 fortiter
2392 660 2521 712 vitia
2549 668 2603 712 et
2635 658 2846 713 hostem
2898 659 3256 725 debellantes,
3295 663 3403 717 mi-

1824 749 2088 818 litumque
2120 758 2173 804 et
2200 750 2522 804 athletarum
2551 749 2731 805 oﬁicio
2753 754 2966 821 egregie
3002 752 3199 818 functi,
3231 768 3401 821 Opere

1826 841 1946 911 ipso
1986 841 2300 910 juvenilem,
2335 844 2591 913 viresque
2620 858 2813 898 omnes
2865 857 2918 897 et
2966 859 3163 899 nervos
3226 845 3405 898 inten—

1826 933 2041 987 dentem
2070 935 2313 989 animum
2358 936 2828 997 demonstrarunt,
2868 935 3116 1004 ejusdem
3163 937 3405 990 nominis

1828 1026 2118 1095 participes
2149 1028 2342 1080 merito
2366 1026 2715 1083 habeantur?
2756 1025 2875 1080 Jam
2942 1027 3190 1096 quidem,
3246 1036 3404 1093 puto,

1829 1118 2184 1184 quastionem
2216 1121 2545 1187 propositam
2576 1119 2662 1174 his
2704 1121 2836 1187 ipsis
2864 1120 3091 1176 habebis
3146 1120 3405 1175 solutam.

1836 1224 1855 1257 ι
1897 1206 2088 1261 Scribe
2138 1209 2315 1275 vobis,
2367 1209 2537 1273 ﬁlioli,
2595 1210 2740 1277 quod
2808 1210 3034 1264 remissa
3088 1221 3217 1263 sunt
3247 1211 3409 1265 vobis

1819 1300 2050 1363 peccata
2082 1308 2301 1367 propter
2330 1314 2528 1353 nomen
2567 1299 2707 1368 ejus.
2737 1298 2931 1354 Scriba
2966 1300 3149 1363 vobis,
3202 1310 3409 1368 patres.

1834 1388 1979 1458 quod
2024 1392 2358 1457 cognovistis
2403 1408 2553 1455 eum,
2621 1393 2717 1461 qui
2765 1402 2847 1447 est
2884 1394 2954 1446 ab
3001 1393 3177 1448 initio.
3216 1392 3415 1449 Scribo

1835 1481 2009 1544 vobis.
2033 1481 2281 1551 juvenes,
2312 1483 2454 1553 quod
2484 1484 2693 1538 vicistis
2732 1486 2956 1538 malum.
2993 1484 3198 1553 Scripsi
3228 1486 3411 1550 vobis,

1835 1574 2009 1641 pueri,
2044 1572 2187 1642 quod
2210 1575 2540 1643 cognovistis
2566 1572 2781 1628 Patrem
2820 1592 2832 1627 :
2864 1576 3061 1643 scripsi
3113 1577 3292 1641 vobis,
3319 1591 3416 1645 pa-

1838 1672 1971 1728 tres,
2020 1665 2165 1733 quod
2214 1665 2543 1734 cognovistis
2596 1680 2745 1729 eum,
2803 1666 2896 1735 qui
2949 1676 3032 1721 est
3091 1666 3161 1720 ab
3214 1667 3411 1721 initio:

1839 1752 2032 1824 scripsi
2059 1754 2231 1821 vobis,
2252 1756 2505 1825 juvenes,
2535 1757 2678 1826 quod
2715 1754 2884 1811 fortes
2911 1757 3069 1823 estis,
3095 1765 3151 1811 et
3187 1759 3413 1811 verbum

1842 1845 1933 1899 Dei
1962 1847 2105 1915 apud
2138 1863 2234 1902 vos
2272 1856 2475 1912 manet,
2528 1858 2584 1903 et
2637 1847 2845 1903 vicistis
2901 1849 3129 1918 impium
3156 1849 3222 1900 ιι.
3263 1866 3283 1901 ι
3322 1848 3414 1902 Fi-

1840 1936 1997 1993 liolos
2044 1939 2189 1992 enim
2246 1950 2300 1994 ct
2353 1955 2550 2009 pueros
2601 1942 2962 2010 regeneratio,
3032 1940 3414 1996 remissionem

1840 2039 2187 2098 peccatorum
2233 2033 2662 2101 dignitatemque
2710 2031 3019 2101 adeptionis
3070 2032 3418 2101 impertiens.

1840 2121 2020 2177 emcit.
2048 2121 2147 2177 Per
2172 2132 2460 2192 utrumque
2477 2121 2622 2177 enim
2649 2120 2865 2177 Patrem
2883 2123 3234 2191 adoptantem
3253 2137 3423 2192 agno-

1844 2214 2031 2268 scendi
2064 2229 2230 2283 opere
2266 2216 2384 2283 ipso
2414 2224 2471 2268 ut
2513 2214 2658 2267 vires
2705 2214 3018 2282 accepimus
3043 2253 3059 2277 ,
3123 2216 3195 2267 ita
3250 2230 3424 2283 agno-

1844 2320 1995 2361 scere
2026 2307 2220 2360 merito
2246 2307 2529 2361 debemus.
2560 2303 2748 2359 Patres
2783 2319 2945 2373 porro
2970 2306 3103 2360 l‘acit
3130 2320 3433 2360 senescens

1843 2397 1935 2451 illa
1964 2408 2021 2452 et
2080 2398 2291 2451 ﬁrmata
2344 2397 2563 2467 pietatis
2612 2398 2823 2467 pridem
2881 2398 3091 2452 tradita:
3126 2396 3420 2467 cognitio:

1838 2491 2067 2561 juvenes
2092 2492 2330 2559 denique
2364 2491 2534 2545 robur
2579 2490 2735 2553 illud,
2768 2489 2913 2560 quod
2970 2497 3163 2544 contra
3210 2490 3417 2543 malum

1844 2586 2145 2640 daunonem
2178 2594 2233 2639 et
2262 2585 2390 2637 vitia
2443 2587 2737 2639 exseritur.
2797 2585 2975 2654 Atque
3032 2584 3149 2637 haec
3202 2584 3425 2653 quidem

1845 2675 2052 2728 oraculi
2079 2674 2361 2743 apostolici
2405 2690 2557 2729 tuens
2583 2684 2705 2729 est:
2766 2674 2853 2727 vis
2911 2688 3040 2726 vero
3086 2673 3207 2739 ejus
3258 2674 3312 2725 in
3360 2687 3432 2725 eo

1848 2767 1951 2820 sita
1976 2777 2078 2827 cst,
2109 2774 2165 2819 ut
2201 2766 2325 2820 hinc
2353 2768 2631 2827 doctrinae,
2685 2766 2811 2819 hinc
2856 2764 3426 2827 communel'actinnis,

1847 2870 1970 2922 qua:
2001 2854 2279 2910 auditores
2307 2856 2629 2911 attentiores
2659 2855 2841 2919 eilicit,
2889 2856 3272 2921 dictorumque
3304 2870 3432 2907 sen—

1849 2956 1971 2995 sum
2020 2944 2297 2997 memoria:
2357 2959 2543 2998 eorum
2607 2944 2775 2999 altius
2855 2942 3051 3011 inﬁgit,
3111 2943 3292 2996 locum
3358 2953 3433 2997 te-

1850 3038 1997 3085 neat.

266 3218 333 3267 Ὃ
364 3218 439 3285 (ηί)
466 3218 521 3269 δὲ
552 3218 627 3287 τῷ
657 3218 938 3289 κορυφαίῳ
965 3219 1154 3288 Πέτρῳ
1191 3220 1439 3289 εἴρηται,
1478 3220 1544 3273 ἂν
1574 3220 1749 3292 ὀρθῶς

1925 3212 2081 3279 Quod
2110 3227 2239 3267 vero
2293 3228 2322 3265 a
2379 3211 2559 3278 Petro,
2602 3212 2975 3281 apostolorum
3022 3212 3297 3281 principe,
3348 3214 3436 3268 di-

168 3309 573 3377 ἐπισκοπήσῃς,
610 3308 730 3360 οὐδὲ
758 3308 1138 3378 ἀπορούμενον
1190 3310 1465 3378 περιόψει.
1508 3311 1747 3373 Ἐκεῖνος

168 3397 285 3467 γὰρ
317 3398 508 3463 εἰπὼν,
547 3418 565 3451 ι
611 3401 714 3451 Καὶ
740 3400 945 3470 ταύτην
992 3400 1090 3471 τὴν
1130 3400 1311 3471 φωνὴν
1336 3402 1497 3471 ἡμεῖς
1516 3403 1755 3470 ἠκούσα-

172 3505 303 3556 μεν,
328 3488 388 3552 ἐξ
409 3489 640 3559 οὐρανοῦ
659 3489 973 3559 ἐνεχθεῖσαν
994 3507 1011 3522 ⁸
1040 3510 1059 3543 ι
1100 3487 1221 3544 εἶτα
1247 3492 1542 3558 ἐπαγαγών
1560 3508 1574 3523 ο
1602 3510 1619 3542 ι
1648 3494 1760 3545 Καὶ

170 3579 377 3647 ἔχομεν
428 3580 773 3647 βεϐαιότερον
844 3580 938 3633 τὸν
993 3582 1333 3651 προφητικὸν
1369 3580 1547 3648 λόγον,
1589 3600 1609 3632 ι
1658 3582 1758 3651 οὐχ

170 3669 359 3740 ἑαυτῷ
385 3687 568 3739 φησιν,
594 3671 968 3742 ⁸Βεϐοιιότερον,
1002 3674 1206 3739 ἄπαγε,
1264 3672 1502 3743 μάλιστά
1525 3690 1586 3740 γε
1616 3689 1755 3742 προσ

169 3761 503 3828 αναφωνῶν,
533 3760 607 3823 ὼς
645 3778 661 3811 ι
686 3760 949 3815 Ἐπόπται
975 3763 1295 3834 γενηθέντες
1314 3764 1414 3834 τῆς
1433 3763 1528 3817 τοῦ
1548 3765 1755 3835 Κυρίου

170 3850 341 3920 ἡμῶν
380 3851 554 3921 Ἰησοῦ
599 3852 839 3923 Χριστοῦ
890 3855 1332 3925 μεγαλειότητος,
1384 3856 1760 3926 ἐγνωρίσαμεν

169 3943 311 4011 ὑμῖν
339 3943 437 4012 τὴν
462 3942 651 3995 τούτου
685 3944 915 4015 δύναμιν
935 3946 1031 3999 καὶ
1051 3947 1373 4016 παρουσίαν.
1408 3966 1429 3999 ι
1459 3946 1525 3999 Τί
1548 3948 1656 4018 γὰρ
1692 3947 1759 4001 ἂν

170 4029 268 4097 ετη
306 4029 405 4098 τῆς
439 4030 697 4099 αὐτοψίας
732 4031 1146 4105 ἱβεϐαιότερον],
1167 4034 1379 4089 καὶτοῦ
1420 4036 1591 4099 ἀκοάς
1623 4036 1759 4101 ίδίας

170 4120 522 4174 ἀναπετάσαι
560 4123 639 4186 είς
666 4124 931 4195 ὑποδοχὴν
953 4128 1050 4195 τῆς
1072 4126 1276 4181 ἄνωθεν
1307 4129 1515 4199 φωνῆς,
1541 4130 1636 4181 καὶ
1662 4131 1761 4200 τὴν

167 4215 457 4285 πατρικὴν
488 4216 886 4287 ὲναυγασθῆναι
923 4221 1232 4292 μαρτυρίαν
1261 4223 1432 4291 (5-6);
1478 4222 1641 4277 Ἀλλὰ
1657 4225 1764 4287 βσ-

167 4307 494 4373 ΰαιότερον
530 4310 759 4370 ἐκείνοις
815 4311 1002 4378 φησὶν,
1041 4307 1121 4373 οἷς
1155 4314 1230 4381 (7)
1260 4313 1531 4381 ἔγραφεν,
1563 4314 1763 4368 ὡσανεὶ

166 4397 360 4464 λέγων
382 4412 395 4425 ·
428 4398 578 4461 Εῖτις
605 4399 681 4469 (8)
726 4401 1196 4468 ὲπιδιστάξουσαν,
1225 4398 1307 4467 οἷς
1358 4407 1763 4477 μαρτυροῦμεν,

167 4490 301 4548 ἐγοι
357 4489 455 4560 τὴν
506 4491 765 4561 γνώμην,
802 4496 882 4557 είς
917 4495 1010 4547 τὸν
1049 4496 1386 4565 προφητικὸν
1432 4498 1764 4550 ἁποσκοπεί-

1857 3317 2008 3358 etum
2039 3315 2143 3365 est,
2186 3306 2240 3357 in
2271 3320 2337 3358 eo
2365 3305 2604 3373 quidem,
2631 3306 2676 3358 si
2711 3306 2952 3357 animum
2982 3305 3257 3369 advertas,
3301 3307 3437 3360 nihii

1857 3395 2009 3449 dubii
2060 3396 2352 3449 inveneris.
2396 3395 2625 3459 Quando
2668 3396 2814 3448 enim
2853 3395 2942 3449 ille
2972 3397 3046 3449 ait
3084 3413 3096 3445 :
3138 3413 3155 3445 ι
3204 3397 3267 3449 L't
3299 3396 3439 3450 hanc

1859 3500 2049 3538 vocem
2080 3488 2145 3539 de
2169 3486 2307 3539 ccelo
2335 3486 2566 3540 delatam
2600 3487 2938 3549 audivimus;
2971 3504 2990 3536 ι
3024 3502 3089 3539 ac
3115 3487 3435 3555 subjungit:

1868 3593 1887 3627 ι
1924 3575 1988 3629 Ει
2012 3576 2273 3629 habemus
2295 3575 2587 3630 ﬁrmiorem
2611 3590 2919 3630 sermonem
2946 3577 3435 3644 propheticum",p

1860 3680 1969 3721 non
2010 3667 2114 3721 sibi
2166 3667 2382 3735 quidem
2429 3667 2582 3722 illum
2631 3666 2926 3720 ﬁrmiorem
2974 3667 3248 3734 appellat;
3300 3667 3443 3721 absit

1863 3760 1989 3821 hoc,
2018 3760 2267 3827 inprimis
2298 3774 2421 3812 cum
2452 3768 2576 3813 ante
2602 3757 2802 3812 dixerit
2830 3774 2843 3811 :
2876 3774 2895 3807 ι
2934 3755 3284 3827 Spectatores
3316 3758 3383 3811 fat
3403 3761 3439 3812 ti

1862 3850 1963 3921 ipsi
1998 3850 2297 3920 majestatis
2336 3849 2548 3903 Domini
2587 3858 2756 3903 nostri
2816 3846 2943 3905 Jesu
2994 3849 3238 3915 Christi,
3288 3853 3443 3905 vobis

1862 3940 2160 4010 potentiam
2209 3949 2264 3993 et
2313 3940 2602 3993 adventum
2654 3939 2777 4008 ejus
2817 3939 3288 3996 manil‘eStavitnus
3318 3942 3381 3995 ³³.
3418 3962 3438 3991 ι

1863 4029 2003 4095 Quid
2035 4030 2180 4083 enim
2209 4028 2417 4083 ﬁrmius
2442 4044 2508 4083 eo
2541 4043 2661 4083 esse
2696 4037 2895 4098 potest,
2926 4031 3147 4098 quando
3173 4032 3295 4098 quis
3328 4046 3442 4086 rem

1862 4124 2036 4193 ipsam
2067 4122 2235 4187 videt,
2281 4136 2551 4192 auresque
2576 4136 2705 4177 suas
2734 4123 2801 4175 ad
2852 4124 3218 4190 recipiendam
3254 4139 3447 4177 vocem

1864 4231 2102 4286 superne
2136 4214 2372 4271 delatam
2406 4216 2652 4286 aperire,
2702 4221 2866 4284 atque
2898 4215 3036 4267 adeo
3067 4214 3243 4269 Patris
3283 4216 3440 4269 testi-

1866 4311 2051 4366 monio
2080 4310 2294 4366 edoceri
2342 4310 2562 4380 potest?
2601 4311 2792 4377 Itaque
2827 4307 3033 4375 ﬁrmius
3062 4308 3214 4371 dicit,
3258 4307 3441 4362 habito

1867 4402 1932 4455 ad
1962 4417 2081 4467 eos,
2114 4402 2318 4471 quibus
2343 4401 2636 4465 scribebat,
2668 4408 2956 4468 respectu;
2994 4399 3152 4467 quasi
3183 4400 3387 4453 diceret
3424 4418 3445 4453 :-

1869 4492 1926 4545 Si
1961 4493 2086 4562 quis
2119 4493 2340 4547 dubiam
2374 4492 2571 4555 dehis.
2604 4504 2726 4559 Quae
2752 4498 3036 4552 testamur,
3079 4497 3314 4543 mentem
3350 4490 3449 4541 lm-

163 4597 260 4632 τω
316 4579 470 4648 λόγον
512 4582 609 4651 (9),
668 4582 1015 4654 βεϐαιότερον
1061 4586 1191 4638 ὅντα
1229 4602 1293 4654 γε
1332 4587 1430 4656 τῆς
1473 4587 1583 4640 τῶν
1629 4588 1749 4640 πολ-

1870 4587 2016 4652 beat,
2052 4586 2101 4640 is
2131 4586 2345 4655 quidem
2394 4586 2458 4639 ad
2492 4582 2871 4652 propheticum
2915 4596 3224 4636 sermonem
3268 4584 3443 4651 respi-

164 4671 289 4722 λῶν
352 4672 479 4740 περ)⁵
527 4674 674 4741 ἡμᾶς
726 4674 1193 4745 ἀμφισϐητήσεως
1242 4676 1481 4741 πάντως.
1535 4678 1759 4731 Οὐκέτι

162 4762 290 4829 γὰρ
321 4763 413 4812 καὶ
438 4756 591 4823 οὗτος
619 4763 757 4832 (10),
790 4764 867 4826 ὡς
905 4764 970 4818 ἄν
1014 4781 1159 4827 τινες
1203 4766 1588 4837 εὐχερέστερον
1631 4769 1761 4838 περ).

162 4852 363 4905 ἄλλων
405 4853 794 4924 ὑπολήψονται,
826 4856 1174 4927 ἀνθρωπίνης
1208 4858 1537 4927 προέρχεται
1578 4859 1757 4930 δόξης.

166 4946 309 4996 Ὀτι
340 4944 394 4996 δὲ
425 4947 521 5015 οὐχ
552 4946 729 5016 ἑαυτῷ
751 4948 1140 5015 βεϐαιότερον
1164 4947 1363 5018 ἔφησεν
1382 4988 1397 5014 ,
1427 4952 1761 5020 σαφέστερον

165 5036 499 5089 ὑποκατιὼν
547 5038 871 5091 ἐκδιδάσκει.
914 5040 1195 5109 Ἐπιφέρει
1240 5042 1347 5112 γάρ
1373 5056 1387 5073 ’
1425 5059 1443 5092 ι
1484 5035 1553 5112 ᾯ
1580 5043 1761 5103 καλῶς

164 5129 391 5181 ποιεῖτε
425 5129 784 5198 προσέχοντες
808 5148 828 5181 ι
852 5130 1053 5200 (ὑμεῖς,
1085 5131 1272 5201 φησὶν,
1301 5131 1402 5186 οὐκ
1444 5132 1601 5201 ἐγὼ),
1632 5151 1651 5185 ι
1686 5134 1761 5196 ώς

258 5294 303 5321 ³⁸
332 5290 488 5345 ιυειη.
533 5310 592 5355 ιι,
624 5293 687 5346 12
717 5311 831 5365 scq.

1868 4678 1997 4743 ciat,
2029 4680 2125 4748 qui
2157 4677 2364 4732 ﬁrmior
2399 4678 2584 4745 utique
2641 4684 2724 4729 est
2752 4673 3109 4738 dubitatione,
3151 4689 3313 4741 quam
3347 4677 3445 4725 ad-

1866 4785 2060 4824 versus
2090 4784 2191 4824 nos
2219 4770 2371 4823 multi
2404 4767 2605 4822 fovent.
2636 4766 2729 4821 Ille
2760 4766 2907 4820 enim
2956 4777 3123 4828 certe,
3162 4766 3308 4833 quod
3343 4766 3444 4817 ali-

1866 4861 1958 4929 qui
1986 4860 2054 4915 de
2082 4861 2205 4917 aliis
2235 4859 2500 4931 suspicari
2544 4856 2761 4913 facilius
2791 4857 3021 4926 possint,
3058 4872 3123 4911 ex
3162 4858 3445 4911 hominum

1867 4951 2125 5019 opinione
2149 4965 2256 5005 non
2291 4960 2373 5006 est
2411 4949 2703 5019 profectus.
2757 4948 2912 5015 Quod
2941 4963 3072 5001 vero
3100 4962 3206 5002 non
3234 4950 3454 5002 ratione

1866 5042 1994 5106 sui,
2040 5043 2134 5097 sed
2192 5042 2447 5106 illorum,
2494 5041 2562 5096 ad
2609 5056 2749 5109 quos
2805 5039 3113 5105 scribebat,
3158 5039 3449 5108 ﬁrmiorem

1869 5135 2087 5202 dixerit,
2148 5136 2204 5191 id
2249 5136 2465 5206 quidem
2520 5135 2681 5205 paulo
2738 5142 2862 5205 post
2924 5133 3125 5189 clarius
3185 5131 3451 5188 ostendit.

928 5295 972 5326 δ’
1006 5294 1047 5349 ll
1096 5294 1245 5351 Petr.
1277 5308 1317 5362 ι,
1354 5294 1440 5359 18,
1479 5295 1565 5353 10.
1646 5297 1690 5327 ³³
1732 5299 1862 5355 ibid.
1899 5300 1986 5356 17.

1702 5481 1933 5539 NOTIE.

253 5616 429 5686 (5)111
464 5632 566 5672 ms.
602 5619 780 5672 πόσιν.

260 5687 403 5757 (γι)Αὸ
426 5688 576 5741 Colb.
612 5704 709 5757 pro
738 5690 817 5742 τό.

255 5755 772 5833 (5-6)_App:tret,liic
788 5776 851 5814 ex
874 5759 1027 5833 libris
1045 5760 1315 5816 excidisse
1340 5777 1522 5818 vocem
1548 5762 1760 5833 βεϐαιό-

170 5842 375 5897 τερον,
404 5829 524 5884 ideo
552 5829 698 5897 quod
730 5844 855 5885 mox
880 5831 1078 5886 iterum
1110 5833 1377 5901 sequitur.

1944 5625 2021 5693 (7)
2054 5628 2146 5679 Sic
2172 5626 2323 5680 Colb.
2350 5642 2448 5695 pro
2479 5626 2591 5688 οὓς.

1949 5696 2022 5763 (8)
2068 5697 2208 5750 Idem
2240 5713 2336 5765 pro
2374 5698 2516 5765 ἥτις.

1946 5768 2023 5834 (9)
2058 5767 2199 5819 Idem
2238 5783 2334 5833 pro
2380 5765 2763 5818 ἐπισκοπείτω.

1942 5839 2053 5904 (t0)
2087 5834 2176 5890 Sic
2194 5835 2343 5890 Culb.
2379 5852 2476 5905 pro
2512 5836 2701 5897 οὓτως.
