4174 6450
739 419 847 488 ’131
1907 406 2136 469 PHOTI
2144 406 2168 466 I
2194 402 2349 467 ΡΑΤῖ

2452 397 2704 462 IRCHE
2742 394 2851 458 (ΣΡ.
3764 485 3789 488 _
3903 383 4010 444 732

747 529 1043 601 Snbjungit
1066 526 1213 582 enim
1240 544 1254 582 :
1277 542 1303 577 ι
1336 521 1438 578 Cui
1469 521 1515 578 si
1543 517 1905 584 attenderitis,
1939 528 2085 573 recte
2111 515 2320 571 facitis»

2452 513 2606 582 ,ύχνῳ
2661 509 2908 579 φαίνοντι
2951 504 3010 557 ἐν
3061 498 3334 572 αὐχμηρῷ
3371 496 3544 568 τόπῳ,
3590 495 3699 558 ἐως
3729 485 3795 546 οῦ
3825 493 4009 564 ημέρα

741 590 882 686 (vos:
901 590 1099 687 inquit,
1122 631 1230 671 non
1244 615 1366 684 ego)
1389 631 1435 666 ει
1456 622 1712 679 tanquam
1729 609 1991 672 candelae,
2011 610 2066 662 in
2079 608 2250 661 obscu
2262 620 2325 660 ro

2452 604 2734 673 ἰιαυγάσῃ,
2797 600 2895 652 καὶ
2951 595 3238 667 φωσφόρος
3281 591 3537 661 ἀνατείλῃ
3583 590 3644 642 ἐν
3685 590 3808 650 τατς
3871 601 4013 652 καρ-

740 715 860 765 loco
889 710 1114 773 lucenti,
1165 709 1339 760 donec
1367 704 1484 759 dies
1515 704 1829 766 illucescat,
1877 710 1932 756 et
1979 698 2332 770 pbuspborus

2452 698 2572 756 ῑίαις
2598 693 2772 764 ὑμῶν.
2816 708 2836 742 ι

739 804 956 855 oriatur
986 801 1039 854 in
1068 797 1328 853 cordibus
1357 795 1553 850 vestris
1577 795 1640 848 ³⁸.
1680 812 1701 846 ι

782 888 1113 959 ρυλέΕΒΤΙΟ
1153 885 1418 943 CXXXIII
1445 884 1638 957 [ϐοἱεί.
1659 883 1866 950 CLXV,
1893 883 2057 938 Taur.
2087 879 2295 953 CLIV].

2960 863 3304 921 ΕΡΩΊἪΣΙΣ
3329 859 3501 916 ΡΔΓ.

975 979 1118 1046 Quid
1156 952 1620 1047 Apostolus-vocat
1656 994 1673 1026 ι
1711 975 2005 1042 peripuma
2027 973 2052 1026 .’
2077 991 2098 1025 ι
2263 952 2267 953 ν

2631 964 2694 1022 Τί
2721 962 2887 1032 λέγει
2915 963 2948 1015 ό
2983 957 3348 1021 Ἁπόστολος
3381 972 3402 1007 ι
3437 952 3782 1020 περίψημα
3807 963 3830 1001 ι

868 1095 1123 1147 Editarum
1155 1107 1182 1142 a
1204 1091 1384 1140 Wolﬁo
1404 1087 1598 1140 decima
1628 1091 1806 1152 quinta
1830 1089 1887 1151 (I.
1923 1103 1967 1138 c.
1994 1101 2044 1150 p.
2066 1084 2278 1137 ἰη-748
2298 1084 2349 1135 G:

2452 1081 2520 1131 id.
2551 1078 2589 1128 ί.
2615 1090 2660 1129 c.
2678 1077 2791 1137 187,
2814 1074 2909 1125 ’128
2940 1087 2992 1123 ιι.
3023 1072 3132 1134 3t).
3151 1068 3290 1118 —In
3316 1068 3334 1118 I
3356 1067 3468 1119 Cor.
3525 1077 3594 1124 Iv,
3625 1063 3686 1112 15
3705 1075 3850 1123 seqq.

820 1195 935 1253 Vox
971 1196 1261 1268 περίψημα
1299 1203 1480 1264 potest
1508 1194 1730 1263 quidem
1769 1192 2094 1263 simpliciter
2123 1190 2335 1262 signill-

2506 1184 2582 1240 Τδ
2598 1201 2618 1235 ι
2646 1180 2935 1253 περίψημα
2952 1197 2971 1230 ι
3003 1177 3229 1232 δύναται
3263 1175 3363 1246 μὶν
3378 1172 3547 1235 οὕτως
3568 1168 3754 1231 ἁπλῶς
3770 1167 3892 1220 νυνὶ
3921 1181 4016 1234 ση⁴

743 1306 875 1345 care
902 1290 992 1354 id,
1029 1259 1587 1359 quod-contemptum
1635 1296 1719 1342 est
1743 1326 1760 1352 ,
1810 1259 2145 1355 et-pedibus
2178 1259 2337 1355 quasi

2452 1276 2656 1348 μαίνειν
2677 1273 2740 1327 τδ
2759 1275 2816 1326 ἐν
2840 1269 3059 1340 ἀτιμίᾳ,
3086 1267 3184 1322 καὶ
3211 1263 3324 1320 οἷον
3352 1262 3459 1317 ὑπὸ
3490 1260 3563 1315 τὰ
3579 1261 3701 1331 ἴχνη
3731 1259 4014 1359 ιιείμενον·

747 1382 1078 1450 subjectum.
1123 1378 1346 1434 Rectius
1392 1393 1525 1431 vero
1583 1393 1805 1433 sensum
1857 1349 2214 1448 ex-presseris-
2243 1390 2340 1444 per

2452 1368 2736 1439 ίγγύτερον
2770 1364 2816 1418 δ’
2856 1362 2926 1416 ἂν
2965 1361 3052 1430 είη
3096 1359 3200 1428 τῆς
3246 1354 3523 1428 σημασίας
3563 1354 3598 1422 ἠ
3635 1349 4017 1450 ἀπολύτρωσις

746 1470 1212 1540 redemptionem,
1251 1478 1306 1522 et
1329 1465 1606 1520 victimam
1649 1481 1749 1536 pro
1803 1455 1926 1521 aliis
1983 1465 2338 1535 piacularem.

2452 1463 2538 1516 καὶ
2565 1460 2625 1514 τὸ
2646 1452 2760 1512 οἷον
2786 1454 2926 1524 ὑπέρ
2958 1469 3121 1507 τινων
3149 1451 3368 1519 ἱερεῖον.
3419 1445 3717 1540 ξιερίψημα
3760 1441 3874 1540 γὰρ
3928 1454 4019 1540 κα-

746 1562 899 1616 Illam
931 1529 1077 1614 enim
1122 1529 1330 1613 veteres
1369 1529 1710 1626 frequentius
1739 1529 2028 1627 περίψημα
2071 1555 2343 1625 appellare

2452 1555 2554 1607 ieiv
2588 1553 2766 1605 ἐκεῖνο
2809 1547 3012 1617 μᾶλλον
3059 1547 3088 1597 ὁ
3131 1540 3363 1603 παλαιὸς
3402 1533 3510 1592 οἶδε
3546 1535 3724 1603 λόγος,
3771 1532 3867 1586 καὶ

746 1657 1175 1714 consueverunt,
1217 1620 1706 1717 appellationisque
1742 1620 1894 1701 illius
1932 1620 2076 1700 lianc
2104 1620 2341 1700 reddunt

2452 1642 2623 1698 αἰτίαν
2647 1637 2907 1708 τοιαύτην
2939 1633 3246 1706 παρέχεται
3272 1630 3351 1703 τῷ
3382 1629 3626 1697 ὀνόματι.
3671 1625 3748 1678 Τὸ
3785 1620 4019 1717 παλαιὸν

749 1745 1042 1796 rationem.
1075 1739 1531 1810 Quandoc'unque
1562 1752 1773 1796 veteres
1804 1740 1861 1793 In
1892 1737 2064 1793 divini
2092 1737 2342 1792 Numinis

2452 1732 2662 1786 ἐπειδάν
2698 1745 2860 1782 τινων
2885 1725 3094 1781 ἄνωθεν
3147 1722 3470 1794 μηνιμάτων
3497 1719 3578 1780 είς
3604 1718 3801 1787 πεῖραν
3831 1713 4020 1766 ἐνέπι-

751 1834 1182 1902 indignationem
1224 1805 1551 1896 inciderant,
1591 1847 1864 1903 praveque
1909 1830 2178 1885 factorum
2222 1843 2340 1898 p03-

2452 1839 2600 1884 πτον,
2655 1819 2752 1872 καὶ
2795 1817 2989 1879 ποινὰς
3032 1814 3232 1876 αὐτοὺς
3262 1810 3374 1864 τῶν
3395 1806 3817 1877 τετολμημένων
3843 1805 4019 1857 ἁπαι-

749 1941 853 1979 nas
906 1940 936 1977 a
987 1939 1046 1978 se
1081 1924 1253 1992 repeti
1298 1895 1636 1987 sentiebant,
1690 1933 1804 1976 tum
1856 1920 2003 1976 cives
2032 1935 2201 1974 unum
2224 1895 2336 1972 ali-

2452 1913 2650 1967 :si’aOat
2682 1909 3032 1979 συνῄσθοντο,
3068 1904 3258 1974 ἀθρόοι
3285 1902 3642 1974 περιστάντες
3662 1900 3724 1951 τὸ
3743 1895 4021 1992 ὁμόφυλον

749 2031 915 2086 quem
945 2030 1201 2077 suorum,
1228 2015 1324 2083 qui
1351 2013 1434 2068 vel
1469 2022 1620 2068 sorte
1667 2013 1909 2068 delectus
1953 2022 2089 2075 erat,
2129 2010 2211 2064 vel
2239 2024 2340 2064 suo

2452 2005 2521 2058 ἑνί
2556 2020 2663 2057 τινι
2688 1997 2890 2065 αὐτῶν,
2919 1999 2994 2086 ὃς
3011 1997 3235 2068 ἔμελλεν
3261 1997 3295 2064 ἢ
3325 1994 3515 2064 κλήρῳ
3538 1989 3870 2086 ἁφορισθεὶς,
3889 1986 3925 2055 ἢ
3943 1984 4022 2055 τῷ

754 2102 984 2156 arbitrio
1013 2111 1178 2172 atque
1206 2103 1342 2156 adeo
1371 2109 1565 2170 sponte
1597 2115 1656 2155 se
1684 2114 1781 2169 pro
1802 2098 2058 2152 omnibus
2089 2097 2142 2150 in
2179 2096 2339 2150 vieti-

755 2207 900 2249 mam
943 2196 1136 2249 sistere
1164 2208 1367 2262 eosque
1391 2194 1617 2262 expiare
1645 2200 1948 2278 statuera‘,
1984 2190 2201 2259 agmine
2255 2186 2341 2242 ia-

754 2297 864 2351 cto,
889 2286 1171 2355 cingentes
1195 2283 1450 2337 manibus
1472 2298 1598 2338 eum
1631 2289 1873 2352 tangere,
1903 2280 2142 2351 palpare,
2174 2290 2229 2334 et
2247 2278 2342 2332 dc-

757 2378 918 2432 linire
963 2377 1120 2445 quasi
1179 2376 1469 2439 solebant,
1523 2374 1816 2428 dicentes:
1882 2390 1903 2424 ι
1942 2371 2032 2426 Sis
2093 2378 2341 2426 nostrum

753 2466 1080 2537 peripsctna.
1117 2482 1136 2515 ι
1209 2462 1336 2517 Inde
1389 2463 1554 2531 igitur
1617 2461 1819 2516 factum
1872 2468 1986 2525 est,
2017 2468 2075 2513 ut
2120 2458 2343 2520 Paulus,

754 2557 850 2625 qui
890 2556 1060 2610 multa
1081 2569 1227 2624 saepe
1249 2554 1525 2623 sapienter
1559 2553 1613 2607 in
1651 2553 1974 2622 obsequium
2017 2549 2221 2606 Christi
2254 2564 2344 2603 re-

755 2648 938 2716 degit,
987 2647 1128 2700 idem
1194 2660 1301 2699 non
1357 2646 1541 2699 minus
1589 2645 1657 2699 de
1715 2645 2006 2714 phrasibus
2063 2640 2343 2712 gentilium

759 2738 980 2798 faceret,
1004 2750 1109 2789 non
1137 2737 1187 2788 in
1210 2743 1474 2804 quantum
1497 2745 1726 2804 compta:
1751 2733 1854 2787 illae
1872 2739 2053 2787 essent
2072 2743 2126 2784 et
2145 2731 2345 2798 jucun-

757 2831 841 2880 d.e
881 2829 1108 2888 auditu,
1160 2827 1254 2880 sed
1301 2827 1353 2879 in
1382 2836 1648 2894 quantum
1690 2824 1758 2878 ad
1795 2839 1908 2877 rem
1949 2831 2096 2876 recte
2135 2820 2347 2889 signiti-

767 2918 999 2971 t-andam
1029 2927 1086 2970 et
1114 2915 1609 2986 repraesentandam
1652 2917 1858 2985 optime
1905 2922 2088 2968 essent
2129 2925 2348 2967 accom-

764 3009 1022 3062 modatae.
1058 3008 1259 3062 Vocem
1289 3009 1474 3076 itaque
1515 3006 1785 3073 ejusmodi
1835 3005 1894 3059 It.
1939 3005 1978 3059 l.
2013 3004 2256 3070 deligens
2280 3000 2349 3054 ad

758 3101 1078 3156 Corinthios
1109 3100 1303 3155 scribit
1333 3115 1348 3152 :
1390 3117 1410 3151 ι
1445 3098 1708 3154 Omnium
1739 3097 1918 3152 factus
1950 3111 2071 3150 smn
2106 3094 2350 3162 peripse-

2441 2091 2710 2164 προθύμῳ
2757 2089 2858 2159 τῆς
2897 2085 3126 2156 γνώμης
3161 2084 3276 2154 (II)
3325 2082 3572 2143 ἑκούσιος
3611 2077 3754 2148 ὑπὲρ
3797 2075 4023 2164 πάντων

2441 2163 2804 2253 προθύεσθαι,
2838 2179 2934 2232 καὶ
2955 2175 3255 2246 καθάρσιον
3297 2170 3478 2224 αὐτῶν
3523 2167 3797 2237 γίνεσθαι,
3826 2163 4024 2216 τοῦτον

2443 2274 2600 2345 χερσὶ
2675 2268 3017 2341 περιψῶντες
3074 2267 3168 2319 καὶ
3227 2260 3600 2333 ὲφαψώμενοι,
3659 2277 3680 2312 ι
3723 2257 4026 2328 Περίψημα

2445 2365 2625 2436 ημῶν,
2646 2363 2852 2431 ἔλεγον,
2897 2358 3083 2430 γενοῦ.
3116 2376 3136 2411 ι
3177 2355 3420 2410 Ἐκεῖθεν
3441 2353 3534 2408 οὖν
3552 2352 3585 2404 θ
3613 2351 3784 2405 πολλὰ
3820 2348 4026 2402 πολλά-

2446 2476 2534 2520 κις
2596 2453 2779 2526 σοφῶς
2836 2449 3251 2523 αἰχμαλωτίσας
3283 2446 3498 2508 Παῦλος
3534 2445 3616 2509 είς
3637 2443 3738 2513 τὴν
3769 2441 4025 2510 ὑπακοὴν

2446 2548 2541 2602 τοῦ
2599 2544 2866 2617 Χριστοῦ,
2898 2543 3051 2597 οῠδέν
3098 2542 3177 2596 δέ·
3203 2535 3368 2612 ἦττον
3422 2537 3646 2592 καὶτῶν
3676 2536 3780 2601 ἐξω
3803 2533 4022 2602 φωνῶν,

2446 2642 2546 2711 οὐχ
2569 2639 2671 2708 ὅση
2703 2638 2818 2708 (I2)
2850 2634 3037 2706 κομψή
3092 2633 3187 2686 καὶ
3235 2629 3452 2699 γλῶττα
3490 2629 3585 2684 καὶ
3631 2627 3846 2697 εὖηχος,
3903 2623 4024 2680 ἀλλ’

2447 2734 2549 2802 ὅση
2573 2731 2774 2800 γνησία
2796 2730 3040 2799 σημᾶναι
3067 2725 3164 2780 καὶ
3184 2723 3535 2794 παραστῆσαι
3559 2721 3620 2774 τὸ
3639 2720 4021 2790 προκείμενον.

2450 2823 2562 2878 Καὶ
2577 2823 2678 2893 τὴν
2700 2822 2883 2891 φωνὴν
2901 2819 3107 2887 ταύτην
3125 2812 3428 2878 συλλαϐὼν,
3453 2812 3607 2881 φησὶ,
3628 2831 3646 2862 ι
3667 2811 3739 2862 [ιε
3749 2809 3988 2878 ρίψημα,
4003 2825 4021 2855 ι

2451 2916 2589 2985 πρὸς
2627 2911 2950 2983 Κορινθίους
2977 2909 3228 2978 γράφων,
3266 2923 3286 2956 ι
3322 2905 3542 2957 πάντων
3572 2901 3856 2970 ἐγενόμην.
3889 2916 3912 2949 ι
3933 2897 4027 2967 τῷ

2449 3006 2563 3058 δντι
2595 3002 2705 3071 γὰρ
2746 3001 2822 3064 ὡς
2872 3000 3087 3053 πάντων
3143 2996 3436 3068 περίψημα
3475 2992 3620 3046 οὕτω
3675 2990 3760 3044 διὰ
3821 2991 4027 3050 παντὸς

2454 3095 2692 3163 ἔπασχεν
2747 3091 2844 3146 καὶ
2896 3090 3349 3155 ἐωλαιπωρεῖτο,
3390 3084 3487 3139 καὶ
3531 3085 3644 3146 τοῖς
3670 3083 3861 3143 δεινοῖς
3888 3097 4024 3133 κατα

760 3209 848 3245 ma
869 3193 936 3247 ³⁸.
977 3211 996 3244 ι
1043 3191 1180 3246 Vcre
1232 3193 1411 3256 enim,
1452 3200 1711 3259 tanquam
1761 3189 1988 3244 victima
2053 3185 2348 3255 piacularis

2454 3185 2709 3239 ετείνετο.
2752 3181 2856 3236 Ἐῶ
2881 3180 3072 3237 τᾶλλα.
3097 3180 3209 3232 Καὶ
3230 3178 3340 3248 γὰρ
3365 3177 3605 3246 cupiam
3647 3173 3832 3243 φωνὴν
3859 3169 4025 3223 αὑτοῦ

759 3283 1034 3344 omnium,
1065 3283 1251 3337 omnia
1289 3281 1662 3336 calamitatum
1705 3293 1904 3349 genera
1934 3278 2258 3338 sustinebat,
2292 3283 2348 3329 et

760 3375 1092 3436 vexabatur,
1167 3383 1223 3427 ct
1279 3372 1576 3427 durissima
1645 3385 1876 3442 quaque
1923 3368 2344 3439 perpetiebatur.

762 3465 916 3520 Mitto
965 3467 1095 3518 alia.
1148 3464 1369 3518 Invenio
1402 3477 1532 3518 vero
1567 3472 1626 3518 et
1669 3463 1831 3516 aliam
1869 3460 2114 3530 ejusdem
2149 3459 2348 3512 dictio-

762 3569 922 3618 nem,
975 3570 1099 3608 cum
1148 3555 1362 3608 caeteris
1386 3553 1647 3608 omnibus
1675 3551 2103 3621 comparandam
2139 3563 2154 3601 :
2194 3567 2211 3600 ι
2248 3547 2352 3604 Per

765 3649 1150 3718 gloriationem
1181 3658 1425 3702 nostram
1473 3649 1525 3701 in
1558 3647 1677 3701 dies
1710 3645 1938 3699 nmrior.
1976 3661 1996 3696 ι
2045 3642 2204 3698 Vides
2239 3640 2351 3695 uti«

766 3754 898 3809 que,
958 3739 1237 3806 quomodo
1252 3738 1500 3793 omnium
1527 3735 1691 3790 fuerit
1723 3733 1997 3804 piaculum
2027 3742 2080 3788 et
2110 3732 2349 3795 victima,

766 3840 822 3884 et
850 3833 1166 3900 peripaema.
1191 3829 1380 3900 Neque
1410 3829 1555 3884 enim
1602 3843 1702 3898 pro
1727 3825 1930 3881 ludatis
1979 3824 2154 3880 solum
2207 3823 2350 3876 intra

771 3937 830 3975 se
865 3922 1124 3975 urebatur
1155 3929 1211 3974 et
1243 3920 1491 3985 ardebat,
1523 3918 1767 3986 forisque
1819 3915 2027 3976 inﬁnita
2061 3915 2198 3969 mala
2251 3927 2352 3983 pa-

773 4013 1039 4076 tiebatur,
1077 4027 1254 4081 neque
1302 4025 1402 4081 pro
1434 4009 1682 4080 c0gnatis
1712 4018 1920 4064 tantum
1945 4045 1959 4070 ,
2006 4006 2102 4062 sed
2158 4015 2213 4061 et
2256 4019 2353 4074 pro

775 4100 986 4155 Graecis
1009 4111 1065 4154 et
1087 4100 1360 4165 barbaris,
1380 4099 1747 4168 omnibusque
1770 4095 1995 4151 omnino
2017 4091 2351 4154 hominibus,

776 4207 905 4245 num
936 4208 1098 4261 quem
1155 4192 1409 4256 fortasse,
1458 4193 1602 4260 quod
1657 4193 1770 4259 ipse
1817 4187 2106 4247 clamabat,
2142 4184 2354 4238 salt-are

775 4293 961 4352 posset
981 4283 1045 4337 ³⁸.
1071 4283 1225 4350 Quod
1254 4283 1418 4353 igitur
1448 4280 1692 4353 quotidie
1723 4281 1907 4342 ﬁebat,
1936 4279 1988 4332 id
2012 4277 2193 4330 verbis
2218 4289 2354 4344 quo-

774 4390 878 4443 que
907 4376 1338 4439 contestabatur,
1377 4393 1396 4426 ι
1438 4373 1682 4428 omnium
1715 4387 1774 4427 se
1807 4371 2108 4441 peripsenia
2145 4367 2351 4421 factum

773 4480 915 4530 csse,
951 4483 969 4515 ι
1005 4464 1305 4534 professus.

2451 3277 2662 3330 ἐκείνου
2697 3275 2808 3330 τῶν
2831 3275 3010 3328 ἄλλων
3052 3272 3312 3327 ἁπάντων
3357 3269 3686 3340 ἀντίρροπον
3707 3281 3721 3294 ·
3760 3282 3779 3314 ι
3815 3261 3901 3331 Νὴ
3928 3261 4028 3330 τὴν

2453 3369 2729 3439 ἡμετέραν
2776 3366 3045 3436 καύχησιν
3092 3363 3214 3419 καθ’
3248 3362 3486 3429 ἑκάστην
3533 3357 3749 3428 ἡμέραν
3789 3353 4027 3422 suam-

2453 3477 2589 3513 σκω.
2604 3477 2624 3511 ι
2643 3459 2811 3529 Ὁρᾷς
2833 3458 2982 3520 ὅπως
3004 3453 3074 3527 ἧν
3111 3456 3330 3510 πάντων
3347 3451 3665 3523 καθάρσιον,
3681 3448 3775 3501 καὶ
3809 3447 4025 3516 ἱερεῖον,

2451 3553 2548 3605 καὶ
2589 3568 2608 3602 ι
2638 3549 2950 3620 περίψημα.
2991 3567 3010 3601 ι
3044 3547 3181 3602 Οὗδέ
3214 3546 3325 3615 γὰρ
3349 3545 3491 3614 ὺπέρ
3543 3539 3819 3595 Ἰουδαίων
3867 3537 4027 3608 μόναν

2451 3639 2815 3711 ἐπυρπολεῖτο
2842 3639 2911 3691 τὰ
2942 3637 3107 3701 ἔνδον,
3137 3636 3230 3689 καὶ
3273 3633 3563 3704 ἐφλέγετο,
3590 3629 3687 3683 καὶ
3731 3627 3803 3680 τὰ
3861 3625 4027 3697 μυρία

2451 3731 2652 3795 ἔξωθεν
2683 3731 2942 3799 ἔπασχεν.
2965 3729 3091 3784 Οὐδ’
3123 3727 3265 3799 ὺπέρ
3293 3724 3594 3794 συγγενῶν,
3616 3721 3754 3776 ἀλλὰ
3775 3720 3872 3774 καὶ
3888 3717 4026 3786 ὑπὲρ

2462 3823 2734 3893 Ἐλλήνων
2759 3823 2853 3875 καὶ
2881 3820 3196 3892 βαρϐάρων,
3226 3817 3322 3872 καὶ
3349 3817 3567 3870 πάντων
3597 3811 3785 3866 ἁπλῶς
3817 3808 4026 3878 ἀνθρὼ-

2453 3930 2594 3979 πων,
2637 3914 2689 3966 εί
2710 3911 2828 3975 πώς
2855 3928 2998 3977 τινα,
3031 3911 3106 3974 ὡς
3132 3909 3294 3972 αὐτὸς
3329 3905 3480 3970 ἐϐόα,
3514 3901 3792 3958 διασώσει.
3829 3902 3896 3952 ‘0
3916 3897 4026 3950 τοία

2457 4021 2550 4059 νυν
2573 4004 2788 4071 ἐγένετο
2815 4001 2941 4056 καθ’
2981 4002 3219 4069 ἑκάστην
3255 3997 3491 4068 ᾑμέραν.
3523 3993 3684 4047 τοῦτο
3713 3991 3810 4044 καὶ
3831 3987 3920 4043 διὰ
3932 3985 4025 4038 τοῦ

2453 4097 2614 4164 λόγου
2640 4093 3014 4164 ἀπαγγέλλει,
3037 4093 3256 4147 πάντων
3316 4087 3606 4158 περίψημα
3649 4084 3827 4151 λέγων
3868 4096 4024 4149 τετυ

2453 4189 2666 4258 νῆσθαι.

844 4553 998 4608 Hunc
1066 4571 1195 4610 vero
1254 4554 1617 4626 signiﬁcatum
1673 4553 1853 4608 ﬁrmat
1903 4553 2020 4622 ipsa
2080 4549 2349 4606 sermonis

2535 4547 2752 4601 Βεὸαιοτ
2777 4547 2835 4600 δὲ
2871 4547 2932 4599 τδ
2955 4545 3320 4617 προκείμενον
3360 4542 3456 4596 τοῦ
3503 4541 3907 4611 σημαινομένου
3938 4540 4028 4592 καὶ

773 4643 964 4695 series.
993 4639 1111 4695 Non
1136 4643 1305 4706 enim,
1332 4641 1526 4709 inquit,
1559 4641 1909 4709 pudefaciens
1935 4654 2033 4694 vos
2061 4639 2175 4692 liatc
2203 4638 2347 4700 dico,

773 4736 875 4788 huc
921 4743 1026 4797 est,
1063 4733 1179 4787 Non
1208 4735 1479 4802 exprobro
1507 4734 1659 4789 vobis
1703 4732 2113 4788 beneﬁcentiam
2150 4744 2346 4793 meam,

773 4840 951 4893 neque
986 4825 1245 4879 beneﬁcia
1278 4825 1434 4880 vobis
1476 4823 1741 4878 exhibita.
1775 4823 1916 4889 Quid
1955 4820 2158 4892 igitur?
2193 4828 2251 4872 ut
2283 4818 2347 4872 [i-

773 4919 876 4970 lius
906 4917 1133 4971 dilectos
1166 4917 1349 4984 potius
1394 4917 1663 4971 admoneo
1680 4916 1746 4968 ³⁷.
1787 4915 1955 4970 Filios
1991 4914 2136 4968 cnim
2167 4924 2349 4982 pater-

771 5022 856 5060 nae
889 5007 1256 5062 beneﬁcentia:
1313 5008 1627 5062 meminisse
1667 5007 1841 5071 decet,
1889 5007 1942 5060 in
1967 5006 2180 5075 primis,
2224 5018 2351 5057 cum

771 5115 882 5154 non
911 5100 1235 5168 simpliciter
1269 5108 1399 5155 sunt
1427 5099 1545 5164 lilii,
1593 5101 1685 5154 sed
1712 5100 1878 5154 etiam
1909 5099 2112 5154 dilccti.
2157 5097 2362 5153 Sensus

772 5192 956 5259 itaque
986 5199 1070 5245 est
1097 5207 1115 5244 :
1156 5189 1262 5244 Vos
1291 5189 1428 5244 adeo
1464 5189 1598 5244 milii
1651 5189 1885 5251 vindico,
1938 5198 2103 5257 atque
2153 5188 2226 5242 ita
2272 5204 2362 5241 ve-

773 5279 871 5333 stri
899 5292 1088 5332 amore
1133 5278 1327 5341 ardeo,
1371 5286 1430 5330 ut
1477 5293 1583 5331 non
1633 5276 1876 5331 dubitem
1923 5277 2217 5345 peripsema
2264 5290 2361 5342 pro

773 5369 926 5425 vobis
954 5368 1111 5434 ﬁeri,
1162 5376 1216 5423 et
1260 5369 1314 5423 in
1354 5376 1597 5423 vestrum
1647 5367 1995 5423 commodum
2051 5385 2136 5425 me
2181 5369 2356 5436 ipsum

837 5528 882 5562 “
923 5526 1133 5583 IlPetr.
1165 5545 1204 5593 ι,
1251 5525 1337 5583 I9.
1416 5527 1459 5559 ³³
1515 5525 1532 5579 Ι
1590 5526 1717 5582 Cor.
1767 5542 1856 5592 xv,
1893 5526 1981 5582 5t.
2061 5522 2155 5575 “I
2205 5523 2330 5578 Cor.
2381 5540 2454 5585 ιι,
2493 5525 2580 5576 ‘29..

2457 4638 2491 4707 ἡ
2522 4638 2664 4692 κατὰ
2694 4638 2829 4690 πόδα
2859 4638 3110 4707 συνέχεια
3152 4635 3248 4688 τοῦ
3296 4633 3485 4706 ῥητοῦ.
3512 4635 3587 4687 Οὐ
3619 4633 3730 4702 γὰρ
3753 4632 4030 4701 ἐντρέπων

2458 4732 2620 4800 ὑμᾶς,
2659 4732 2814 4802 φησὶ,
2841 4731 3013 4785 ταῦτα
3035 4731 3209 4799 λέγω*
3241 4725 3375 4793 οἷον,
3399 4730 3513 4782 Οὐκ
3537 4725 3781 4790 ὀνειδίζω
3812 4724 3916 4796 τὴν
3948 4726 4032 4777 εὑ-

2457 4822 2735 4892 εργεσίαν,
2758 4823 2879 4876 οὐδέ
2900 4821 3000 4887 τὰς
3027 4823 3287 4893 χάριτας·
3327 4819 3466 4874 ἀλλὰ
3505 4819 3561 4872 τί
3580 4828 3608 4881 ;’
3626 4818 3702 4881 ὼς
3717 4816 3888 4870 τέκνα
3931 4831 4029 4884 μου

2458 4914 2718 4983 ἀγαπητὰ
2747 4913 3005 4967 νουθετῶ.
3036 4914 3128 4964 Δεῖ
3147 4912 3256 4982 γὰρ
3288 4911 3356 4964 τὰ
3383 4911 3547 4963 τέκνα
3573 4908 3848 4977 πατρικῆς
3882 4907 4031 4974 εὐερο

2461 5003 2651 5070 γεσίας
2686 5003 3016 5073 μεμνῆσθαι,
3053 5003 3146 5056 καὶ
3173 5003 3270 5072 οὐχ
3309 5001 3495 5063 ἁπλῶς
3532 4998 3720 5064 τέκνα,
3749 4996 3892 5052 ἀλλὰ
3941 4995 4032 5050 καὶ

2462 5094 2722 5162 ἀγαπητά
2745 5111 2759 5125 ο
2783 5095 3086 5155 τουτέστιν.
3117 5093 3387 5147 Τοσοῦτον
3413 5089 3723 5159 οἰκειοῦμαι
3743 5088 3914 5156 ὑμᾶς,
3945 5089 4032 5138 καὶ

2465 5185 2720 5238 τοσοῦτον
2753 5187 2851 5255 τῆς
2899 5186 3053 5258 ὑμῶν
3087 5186 3308 5255 ἀγάπης
3365 5184 3676 5256 ὲκκαίομαι,
3735 5180 3880 5234 ὥστε
3943 5177 4032 5232 καὶ

2460 5278 2769 5345 περίψημα
2826 5277 2978 5348 ὑμῶν
3027 5279 3086 5331 οὐ
3143 5276 3515 5348 παραιτοῦμαι
3577 5274 3851 5343 γίνεσθαι,
3888 5270 4030 5340 θῦμα

2459 5369 2554 5421 καὶ
2578 5370 2771 5438 ἱερεῖον
2797 5370 2891 5422 καὶ
2918 5370 3212 5440 καθάρσιον
3262 5366 3629 5441 προσάγεσθαι
3674 5365 3816 5438 ὑπὲρ
3859 5363 4031 5436 ὑμῶν.

2663 5525 2701 5554 ’τ
2741 5525 2754 5577 I
2790 5524 2914 5580 Cor.
2948 5541 3017 5590 Iv,
3063 5526 3145 5581 I4.

2277 5655 2501 5714 NOT/E.

845 5743 893 5812 (Ι
912 5742 960 5812 I)
989 5739 1210 5812 γνώμης
1239 5753 1304 5793 ex
1325 5737 1490 5812 Δ(ἶοὶι).
1519 5752 1619 5807 pro
1636 5734 1924 5812 _7vu'_iosw;.

993 5787 1463 5878 Ε’ῑὲῗόὲιὶιῖἶῶὲἧζ
1480 5787 1695 5878 prro-di}
1725 5809 1788 5875 η,
1828 5787 1897 5859 ct'
1918 5819 2043 5860 mox
2082 5803 2196 5856 ἀλλ’
2226 5803 2349 5872 ὅση,

2452 5815 2494 5854 ’0
2515 5801 2749 5854 ἀλλόσει.
