4174 6450
222 441 334 503 733

1152 446 1252 505 AD
1297 445 1885 507 AMPHILOCHIUM
1908 448 2256 518 QUIESTIO
2275 452 2596 517 CXXXIII.

3384 472 3495 538 πει

220 555 331 603 Καὶ
357 554 421 620 δὴ
455 554 547 607 καὶ
570 554 602 624 ή
629 553 858 623 ὀρθότης
880 552 980 622 τῆς
1006 555 1065 606 ἐν
1092 553 1170 623 τῷ
1190 553 1335 623 λόγῳ
1361 554 1638 625 συνθήκης
1665 556 1778 649 πρό

1908 545 2362 614 instal'sacrilicii
2413 572 2468 617 et
2496 563 2729 620 Victima!
2776 564 3069 636 piacularis
3102 572 3321 632 offerre.
3370 578 3491 649 Ipsa

213 640 378 693 τοῦτο
402 641 603 710 μᾶλλον
634 642 789 711 ῥέπει
822 643 921 710 τῆς
950 643 1134 711 φωνῆς
1156 642 1191 712 ἢ
1216 644 1353 713 πρὸς
1395 646 1457 696 τὸ
1505 645 1671 713 ῥηθὲν
1705 645 1805 716 τὴν

216 733 417 803 ἀρχὴν,
446 735 570 787 ἐπεὶ
613 736 675 788 τὸ
726 734 825 804 μέν
864 735 1216 806 ἠτιμωμένον
1273 738 1369 789 καὶ
1420 736 1804 790 κατάπτυστον

214 825 355 877 πᾶσι
421 826 619 895 μᾶλλον
685 826 1000 880 ἀποδίδοται
1066 828 1210 883 κατά
1253 828 1352 897 τὴν
1388 828 1663 894 σύνταξιν,
1689 828 1803 882 ἀλλ’

214 915 339 983 οὐχὶ
366 918 613 971 πάντων.
657 916 717 970 '0
750 918 805 971 δέ
831 918 997 987 σοφὸς
1018 918 1116 971 καὶ⁵
1142 918 1430 982 Θεσπέσιος
1460 919 1676 984 Παῦλος
1710 922 1801 985 οὐ,

218 1005 515 1076 Περίψημα
547 1006 656 1077 (l5)
692 1009 861 1062 πᾶσιν
902 1010 1193 1080 ἐγενόμην,
1238 1012 1427 1080 φησὶν,
1470 1012 1628 1077 ἀλλὰ,
1652 1012 1804 1066 πάν-

216 1110 357 1148 των.
387 1097 463 1149 Οὐ
486 1096 614 1166 μὴν,
638 1097 887 1153 ἀλλὰκαὶ
910 1099 972 1152 τὸ
1010 1099 1423 1171 προηγούμενον
1467 1102 1665 1172 χωρίον
1702 1102 1801 1172 τῆς

215 1183 418 1248 λέξεως
454 1189 519 1256 τῇ
548 1186 762 1260 διανοίᾳ.
786 1189 961 1259 ταύτῃ
990 1190 1426 1261 συμφθέγγεται.
1462 1192 1647 1245 Εἰπὼν
1669 1194 1798 1263 γάρ,

222 1294 243 1339 ς
272 1277 695 1347 Λοιδορούμενοι
728 1276 1088 1350 εὐλογοῦμεν,
1114 1282 1437 1352 διωκόμενοι
1470 1283 1801 1353 ἀνεχόμεθα,

216 1364 701 1439 βλασφημούμενοι
760 1371 1212 1441 παρακαλοῦμεν,
1249 1391 1270 1424 ι
1305 1373 1618 1441 ἐπήγαγενο
1659 1392 1678 1425 ι
1712 1374 1802 1436 Ὦς

212 1458 681 1529 περικαθάρματα
738 1461 834 1515 τοῦ
888 1462 1095 1533 κόσμου
1151 1462 1529 1533 ἐγενήθημεν,
1583 1464 1799 1517 πάντων

212 1549 503 1619 περίψημα
534 1551 642 1614 ἕως
667 1553 793 1623 ἄρτι
814 1569 828 1583 ·
863 1572 881 1604 ι
914 1554 1182 1618 τουτέστι,
1202 1554 1269 1607 Τί
1310 1554 1391 1607 δεῖ
1418 1554 1539 1607 καθ’
1568 1554 1797 1608 ἕκαστον

210 1640 340 1701 τοὺς
407 1640 603 1704 πόνους
646 1642 1106 1712 ἀπαριθμεῖσθαι,
1156 1643 1251 1696 καὶ
1291 1642 1391 1705 τὰς
1434 1642 1663 1712 θλίψεις,
1698 1642 1796 1695 καὶ

208 1730 338 1791 τοὺς
375 1730 616 1798 ἀγῶνας,
647 1731 741 1795 οὒς
769 1733 909 1805 ὑπὲρ
932 1734 1031 1804 τῆς
1076 1734 1349 1805 ὑμετέρας
1394 1735 1668 1803 σωτηρίας
1694 1735 1795 1803 ὑφ-

211 1817 485 1888 ίσταμαιά
507 1822 594 1873 Ἐν
627 1822 904 1891 κεφαλαίῳ
931 1824 1115 1893 φάναι,
1150 1844 1169 1877 ι
1212 1826 1297 1887 Ὠς
1330 1824 1791 1895 περικαθάρματα

1908 662 2073 714 porro
2105 664 2299 703 vocum
2327 663 2603 708 structura
2633 655 2701 709 ad
2742 657 2886 713 hunc
2910 661 3097 728 potius
3122 665 3491 733 significatum

1905 740 2238 803 tenendum,
2278 758 2441 811 quam
2476 746 2625 800 illum
2648 784 2664 811 ,
2696 748 2763 802 de
2795 764 2906 819 quo
2952 752 3132 819 primo
3182 756 3305 810 loco
3346 761 3493 814 dixi-

1906 845 2050 893 mus,
2083 831 2320 890 adducit.
2355 835 2410 888 Si
2443 837 2588 891 enim
2627 848 2999 909 contemptum
3031 845 3241 915 aliquid
3273 857 3327 903 et
3358 853 3492 905 abo-

1904 923 2225 979 minandum
2266 926 2585 994 inferretur,
2615 940 2893 987 structura
2926 949 3121 992 vocum
3165 940 3359 995 idonea
3394 959 3490 997 vo-

1903 1028 2021 1067 cem
2052 1018 2189 1069 πᾶσι
2222 1018 2506 1091 (omnibus)
2543 1026 2725 1087 potius
2757 1042 2922 1095 quam
2958 1031 3176 1084 πάντων
3202 1034 3487 1104 (omnium)

1903 1108 2228 1175 requireret.
2252 1108 2373 1165 Jatn
2401 1128 2530 1167 vero
2569 1118 2786 1185 sapiens
2814 1128 2869 1173 et
2897 1121 3119 1178 divinus
3144 1124 3346 1180 Paulus
3375 1144 3484 1181 non

1902 1196 2020 1249 ait:
2053 1196 2367 1269 Peripsema
2418 1205 2657 1259 omnibus
2700 1206 2877 1264 factus
2907 1226 3065 1275 sum,
3095 1215 3189 1268 sed
3225 1219 3482 1271 omnium.

1904 1287 2023 1343 lmo
2050 1306 2183 1345 vero
2210 1302 2265 1347 et
2304 1309 2390 1359 ea,
2418 1310 2537 1364 qua:
2577 1297 2719 1352 hanc
2748 1300 2974 1369 phrasin
3006 1307 3110 1359 hoc
3140 1306 3261 1361 loco
3298 1312 3488 1376 proxi-

1904 1396 1992 1435 me
2024 1385 2376 1453 antecedunt,
2413 1390 2599 1444 sensui
2637 1390 2763 1446 huic
2796 1394 3155 1450 velificantur.
3187 1397 3483 1469 Postquam

1899 1472 2046 1526 enim
2074 1472 2337 1529 dixerat:
2381 1494 2403 1528 ι
2443 1476 2719 1535 Conviciis
2762 1481 2938 1537 affecti
2972 1484 3109 1538 bene
3157 1502 3481 1555 precamur,

1896 1567 2075 1619 vexati
2119 1568 2476 1633 sustinemus,
2528 1571 2775 1627 infamati
2822 1589 3136 1643 precamur,
3171 1595 3191 1628 ›
3244 1579 3482 1649 subjun-

1894 1660 1970 1729 git
2011 1676 2025 1712 :
2061 1678 2080 1712 ι
2120 1658 2272 1715 Facti
2314 1677 2507 1718 sumus
2538 1672 2597 1717 ut
2646 1677 3001 1735 purgamenta
3052 1669 3281 1734 tnundi,
3329 1682 3383 1725 et
3420 1682 3485 1726 ut

1892 1749 2141 1806 omnium
2168 1752 2360 1808 sordes
2388 1769 2558 1822 usque
2588 1755 2695 1810 huc
2710 1757 2776 1821 ⁸⁸,
2817 1776 2835 1807 ι
2866 1757 2970 1813 hoc
2994 1768 3101 1821 est,
3125 1761 3263 1825 Quid
3317 1764 3486 1817 mole-

1890 1843 2024 1897 stias
2054 1857 2249 1899 omnes
2278 1845 2686 1910 etcalamitates
2715 1857 2769 1901 et
2797 1848 2993 1913 luctas,
3028 1866 3165 1917 quas
3196 1866 3295 1920 pro
3325 1855 3481 1909 vobis

205 1910 555 1980 ἐγενήθημεν
574 1912 666 1965 τοῦ
690 1914 919 1984 κόσμου,
942 1914 1162 1967 πάντων
1181 1916 1465 1987 περίψημα
1481 1918 1584 1979 ἕως
1596 1918 1739 1987 ἀρτι.
1765 1936 1778 1968 ι

1894 1934 2205 2001 exantlavi,
2242 1934 2517 2005 sigillatim
2560 1952 2823 1995 enarrare
2864 1941 3092 1996 attinet?
3148 1943 3479 2000 Summatim

206 2003 317 2054 Kal
333 2002 442 2071 γάρ
467 2004 639 2057 καὶτὸ
662 2004 1179 2076 ιπερικαθάρματα»
1210 2006 1403 2077 ῥηθείη
1433 2006 1533 2076 μὲν
1547 2007 1616 2059 ἂν
1649 2007 1790 2061 κατά

203 2094 302 2145 τοῦ
331 2094 727 2165 ἐϐδελυγμένου
753 2101 848 2151 καὶ
890 2096 1127 2166 φευκτοῦ
1148 2140 1164 2163 ,
1207 2097 1408 2167 μᾶλλον
1438 2098 1483 2150 δ’
1528 2099 1788 2168 ἁρμόσειε

204 2186 324 2237 νυνὶ
360 2186 429 2238 τὰ
470 2187 745 2258 καθάρσια
779 2190 875 2242 καὶ
903 2190 973 2243 τὰ
1004 2188 1292 2259 ίλαστήρια
1323 2188 1560 2259 θύματα,
1590 2188 1625 2243 ἃ.
1647 2189 1787 2258 ὑπὲρ

197 2274 380 2328 ἄλλων
408 2277 596 2330 εῐωθεν
633 2276 882 2345 θύεσθαι,
937 2280 1234 2351 παριστᾷν.
1290 2279 1437 2349 Πλὴν
1498 2281 1622 2332 ἐπεὶ
1663 2278 1787 2349 μηδ’

195 2367 391 2437 ἕτερον
449 2368 545 2420 τοῦ
594 2370 997 2440 σημαινομένου
1059 2374 1127 2442 τῇ
1178 2370 1408 2440 ἀληθείᾳ
1437 2369 1783 2437 λυμαίνεται,

194 2458 451 2523 ἕκαστος,
490 2452 533 2526 ᾦ
581 2460 782 2528 μᾶλλον
832 2460 1035 2530 χαίρει,
1080 2460 1242 2513 τοῦτο
1293 2460 1389 2512 καὶ
1420 2460 1689 2530 αἱρεῖσθαι
1720 2460 1783 2513 ού

202 2550 647 2603 κεκώλυται.”Αν
678 2568 737 2602 τε
764 2552 872 2621 γὰρ
904 2551 981 2614 ὠς
1007 2553 1202 2622 ἱερεῖον
1226 2553 1255 2604 ό
1278 2550 1486 2615 Παῦλος
1506 2552 1645 2622 ὑπὲρ
1675 2550 1783 2603 τῶν

198 2641 464 2709 μαθητῶν
500 2642 709 2706 ἐθύετο,
740 2643 833 2695 τὸν
852 2643 1133 2713 Δεσπότην
1180 2644 1435 2713 ἐμιμεῖτο
1485 2644 1582 2696 καὶ
1632 2644 1781 2696 διδά-

196 2734 420 2796 σκαλον,
450 2734 517 2785 ἄν
567 2750 625 2786 τε
681 2735 950 2788 διδάσκων
974 2735 1069 2787 καὶ
1095 2734 1409 2806 παραινῶν,
1471 2737 1564 2788 καὶ
1605 2741 1781 2789 πάντα

193 2830 341 2896 ὑπὲρ
369 2834 467 2899 τῆς
489 2831 668 2883 αὐτῶν
692 2830 967 2900 σωτηρίας
989 2829 1540 2902 πραγματευόμενος,
1564 2828 1639 2893 ὡς
1668 2832 1781 2883 ἀτι-

191 2939 300 2991 μος
334 2924 427 2974 καὶ
478 2922 866 2992 ἐϐδελυγμένος
927 2922 1244 2990 ἐνομίζετο,
1281 2920 1418 2990 πρὸς
1466 2920 1557 2973 τὸν
1614 2921 1779 2975 αὑτὸν

185 3015 418 3086 ἀφορῶν
439 3017 737 3085 Δεσπότην,
780 3016 942 3069 πάλιν
977 3015 1152 3069 ταῦτα
1198 3016 1489 3084 ἐπάσχετο,
1520 3015 1579 3077 ὃς
1606 3014 1777 3068 λοιδο-

190 3107 464 3177 ρούμενος
489 3109 583 3161 καὶ
616 3108 994 3179 ὑϐριζόμενος,
1035 3111 1129 3162 καὶ
1158 3111 1268 3163 πᾶν
1311 3102 1452 3171 εῐδος
1485 3108 1775 3176 ὑπομένων

186 3198 396 3268 χλεύης
443 3200 545 3271 τῆς
593 3201 704 3253 τῶν
752 3199 1085 3271 ὑϐριζόντων
1117 3200 1212 3253 καὶ
1251 3200 1773 3270 προπηλακιζόντων

185 3293 469 3362 σωτηρίας
494 3294 589 3345 καὶ
616 3293 875 3361 προνοίας
896 3293 995 3344 οὑκ
1027 3292 1316 3361 ἀφίστατο.

1891 2022 2099 2088 dicam,
2158 2041 2177 2075 ι
2216 2022 2284 2079 Ut
2325 2037 2678 2095 purgamenta
2723 2031 2911 2083 mundi
2956 2030 3081 2086 facti
3139 2050 3368 2100 sumus,
3418 2048 3480 2091 nt

1891 2115 2084 2170 sordes
2124 2117 2368 2171 omnium
2409 2134 2585 2188 usque
2625 2120 2752 2175 huc.
2806 2141 2824 2173 ι
2862 2121 3127 2187 Quamvis
3177 2128 3325 2181 enim
3370 2144 3475 2183 vox

1890 2203 2355 2273 περικαθάρματα
2411 2206 2574 2259 etiam
2622 2207 2692 2261 de
2740 2207 2960 2262 homine
3006 2211 3376 2269 abominando
3419 2227 3477 2269 et

1889 2294 2149 2361 fugiendo
2173 2295 2418 2350 adhiberi
2443 2298 2637 2366 possit,
2666 2298 2770 2354 hoc
2799 2308 2977 2354 tamen
2995 2300 3115 2356 loco
3142 2307 3474 2360 convenien-

1888 2387 1996 2440 tius
2029 2386 2213 2449 fuerit,
2244 2402 2365 2442 eam
2414 2390 2481 2443 de
2527 2390 2763 2445 victimis
2796 2392 3189 2459 piacularibus,
3242 2412 3365 2464 quae
3416 2399 3470 2452 in

1886 2476 2119 2530 aliorum
2148 2479 2379 2534 salutem
2417 2480 2603 2535 offerri
2637 2494 3054 2550 consueverant,
3098 2486 3468 2558 interpretari.

1884 2566 2153 2631 Quoniam
2197 2576 2377 2623 autem
2410 2580 2601 2626 neuter
2650 2573 2989 2642 significatus
3039 2591 3167 2631 vero
3208 2579 3468 2635 adversa-

1884 2666 1995 2721 tur,
2022 2673 2144 2711 emn
2176 2661 2409 2728 quisque
2451 2662 2649 2732 eligere
2674 2667 2893 2732 poterit,
2931 2668 3024 2736 qui
3062 2672 3293 2724 maxime
3324 2677 3468 2726 arri-

1881 2746 2022 2800 dcat.
2060 2746 2187 2801 Sive
2212 2750 2356 2802 enim
2390 2751 2559 2805 instar
2588 2754 2820 2810 victima:
2853 2758 3144 2823 piacularis
3175 2776 3271 2829 pro
3303 2764 3467 2817 disci-

1881 2837 2024 2903 pulis
2059 2837 2390 2893 oﬂercbatur
2421 2840 2622 2898 Paulus
2645 2881 2660 2906 ,
2711 2842 2997 2900 Dominum
3051 2860 3105 2903 et
3141 2854 3463 2921 magistrum

1882 2927 2070 2995 utique
2110 2929 2463 2998 imitabatur;
2504 2934 2618 2988 sive
2646 2938 2851 2990 docens
2896 2938 3012 3007 ipse
3049 2949 3103 2994 et
3136 2942 3462 3009 admonens,

1877 3021 2169 3087 omniaque
2218 3037 2319 3093 pro
2367 3025 2542 3081 salute
2592 3041 2784 3083 eorum
2835 3029 3073 3100 faciens,
3104 3041 3459 3106 contemptim

1879 3111 2179 3168 habebatur
2216 3124 2271 3169 et
2322 3116 2532 3173 invisus
2570 3129 2715 3185 erat,
2759 3123 2919 3176 etiam
2966 3125 3072 3179 hoc
3106 3126 3173 3180 ad
3205 3132 3457 3184 eumdem

1878 3200 2168 3254 Dominum
2203 3204 2521 3271 respiciens,
2562 3209 2984 3277 perpetiebatur.
3022 3212 3115 3268 Ille
3144 3218 3289 3269 enim
3322 3233 3459 3273 con-

1796 3282 1838 3338 C
1872 3290 2030 3346 viciis
2064 3301 2118 3345 et
2162 3292 2375 3362 injuriis
2419 3309 2711 3363 oneratus,
2764 3316 3033 3372 omneque
3089 3308 3456 3364 ludibriorum

182 3398 366 3452 genus
397 3399 729 3453 perpessus,
764 3385 1049 3441 hominum
1110 3386 1442 3458 injuriorum
1501 3387 1831 3458 probrisque
1867 3386 2249 3441 insectantium
2313 3390 2475 3444 saluti
2549 3400 2604 3446 et
2636 3395 2935 3451 commodis
2982 3400 3296 3468 prospicere
3342 3418 3455 3461 non

222 3474 498 3528 esinebat.

222 3479 498 3528 esinebat.

178 3479 214 3530 ἁ
271 3567 415 3619 Ἀλλ’
447 3568 527 3629 είς
554 3566 745 3638 καιρὸν
774 3566 885 3637 ἀρα
924 3568 1025 3637 τῆς
1064 3569 1284 3639 μνήμης
1335 3568 1603 3639 προῆλθεν
1644 3568 1761 3631 καὶ,

176 3660 208 3710 ὃ
236 3658 408 3712 πάλαι
436 3658 804 3729 διηρώτησας,
833 3659 884 3711 τί
905 3675 1036 3711 ποτε
1062 3659 1214 3727 δηλοῖ
1239 3660 1301 3712 τὸ
1326 3661 1383 3712 ἐν
1411 3659 1488 3729 τῷ
1512 3660 1763 3728 Εὑαγγε-

178 3751 287 3821 λίῳ
319 3750 513 3821 ῥηθέν·
549 3770 566 3801 ι
596 3752 704 3803 Καὶ
731 3751 1062 3820 ἐκολάφισαν
1094 3752 1274 3806 αὐτόν.
1309 3770 1329 3804 ι
1362 3750 1533 3804 Τοῦτο
1556 3751 1614 3805 δέ
1645 3768 1731 3804 κοι

177 3844 406 3912 νότερον
435 3843 532 3913 μὲν
561 3842 644 3908 τὸ,
674 3842 986 3907 ἐνέπαιξαν,
1016 3842 1537 3913 σημαίνει.Παιδιᾶς
1550 3843 1608 3897 δέ
1624 3838 1760 3910 εἶδός

176 3936 305 3984 ἐστι
344 3931 405 3983 τὸ
437 3929 773 3999 κολαφίζειν,
807 3928 1201 4000 μεταϐαλόντος
1231 3928 1325 3982 τοῦ
1368 3928 1545 3993 ἔθους,
1573 3928 1761 4000 ὥσπερ

174 4022 281 4076 καὶ
313 4023 398 4075 ἐπ’
430 4022 605 4076 ἀλλων
636 4021 874 4087 πολλῶν,
899 4022 1022 4086 τὸβ
1063 4023 1144 4084 είς
1174 4021 1233 4075 τδ
1254 4039 1296 4090 φ
1322 4037 1336 4052 '
1368 4022 1402 4093 ή
1436 4020 1543 4092 γὰρ
1585 4022 1762 4073 ’Δττι-

174 4115 413 4177 κίζουσα
474 4113 695 4181 γλῶσσα
743 4112 832 4166 διά
866 4111 960 4165 τοῦ
996 4113 1044 4176 ,β
1070 4112 1271 4183 μᾶλλον
1317 4111 1413 4183 τὴν
1452 4109 1598 4176 λέξιν
1628 4128 1761 4181 προ-

173 4207 364 4275 φέρει.
387 4204 578 4257 Τοίνυν
612 4204 894 4273 μιαιφόνον
912 4203 1007 4255 καὶ
1029 4203 1321 4272 ἀχάριστον
1346 4201 1454 4253 τῶν
1491 4202 1760 4254 Ἰουδαίων

170 4299 334 4359 ἓονος
359 4297 449 4348 ἐπὶ
478 4297 729 4348 τοσοῦτον
760 4296 840 4358 είς
872 4295 963 4348 τὸν
987 4294 1286 4365 εὐεργέτην
1314 4296 1425 4357 τοῖς
1453 4294 1643 4363 θυμοῖς
1666 4294 1761 4347 ἀν-

169 4410 205 4461 η
216 4390 458 4462 ρέθιστο,
493 4389 567 4451 ὡς
595 4388 669 4459 μὴ
712 4389 874 4459 μόνον
902 4391 1092 4460 χεῖρας
1119 4388 1269 4458 αὑτῷ
1301 4387 1515 4457 σφαγῆς
1541 4388 1758 4440 ἀνατεί-

170 4499 317 4544 νειν,
347 4480 463 4533 ἀλλ’
495 4484 543 4533 εί
576 4482 667 4534 καί
690 4500 741 4533 τι
769 4481 906 4544 ὅλως
934 4482 1131 4543 αὐτοὺς
1162 4480 1403 4534 διαλάθοι
1437 4479 1634 4549 χλεύης
1662 4478 1756 4533 καὶ

172 4570 570 4641 μυκτηρισμοῦ
604 4572 699 4624 καὶ¹
733 4570 1039 4639 ἀσελγείας,
1069 4571 1098 4623 ὃ
1137 4572 1211 4641 μὴ
1247 4570 1549 4641 ἐντρίψειεν
1581 4571 1751 4641 αὐτῷ,

165 4662 330 4715 οὐδὲν
364 4662 592 4731 ἡγοῦντο
608 4660 955 4731 κατορθῶσαι
978 4661 1140 4730 μέγα.
1170 4660 1327 4716 υῦτω
1350 4662 1553 4715 καὶτὸν
1582 4663 1753 4715 ἀκάν-

165 4752 323 4801 οινον
380 4749 664 4816 στέφανον,
710 4751 805 4803 καὶ⁵
839 4750 930 4803 τὸν
970 4750 1237 4819 κάλαμον,
1278 4752 1374 4804 καὶ
1405 4752 1497 4803 τὸν
1526 4750 1752 4821 βασιλέα

1935 3566 2297 3624 Commodum
2332 3570 2418 3626 hic
2440 3572 2494 3625 in
2530 3583 2763 3629 mentem
2794 3578 2941 3632 venit
2977 3582 3251 3639 recordari
3278 3586 3450 3655 illius,

1866 3660 2010 3729 quod
2044 3660 2171 3714 olim
2200 3676 2267 3716 ex
2304 3678 2391 3717 me
2418 3666 2739 3732 quesivisti,
2771 3670 2903 3738 quid
2950 3687 3146 3742 nempe
3181 3676 3284 3732 sibi
3323 3680 3450 3734 velit

1866 3750 2017 3813 illud,
2054 3752 2196 3820 quod
2236 3752 2289 3807 in
2319 3753 2611 3825 Evangelio
2634 3756 2875 3814 dicitur:
2918 3777 2938 3811 ι
2973 3760 3040 3816 Ει
3075 3765 3333 3835 colaphos
3368 3770 3446 3824 illi

1865 3843 2292 3913 impegerunt”.
2331 3864 2350 3896 ι
2384 3846 2530 3901 idem
2565 3849 2773 3903 scilicet
2817 3861 2921 3917 est,
2959 3856 3102 3923 quod
3137 3863 3448 3915 communi-

1866 3941 1949 3984 ter
1975 3948 2073 4000 per
2100 3933 2388 3999 ἐνέπαιξαν
2416 3937 2742 4005 exprimitur
2772 3956 2789 3993 :
2825 3941 3041 3997 ludibrii
3093 3948 3237 4002 enim
3272 3966 3445 4020 genus

1862 4028 1945 4074 est
1976 4021 2309 4089 κολαφίζειν,
2344 4034 2553 4079 mutato
2598 4027 2804 4081 scilicet
2835 4044 2929 4096 per
2966 4035 3441 4101 consuetudinem,

1862 4110 2007 4179 quod
2052 4119 2109 4163 et
2168 4112 2415 4180 pluritnis
2462 4114 2683 4169 vocibus
2724 4116 2847 4171 aliis
2902 4134 3003 4173 usu
3056 4123 3234 4185 venit,
3276 4126 3355 4196 τῷ
3409 4130 3440 4197 β

1862 4201 1915 4255 in
1972 4217 2032 4269 φ.
2099 4202 2274 4258 Attica
2335 4205 2479 4258 enim
2540 4206 2803 4262 dialectus
2871 4211 3093 4266 verbum
3152 4216 3281 4270 illud
3343 4235 3439 4287 per

1860 4292 1892 4361 β
1922 4293 2228 4362 exprimere
2259 4304 2423 4351 amat.
2458 4296 2885 4367 Sanguinolenta
2938 4303 3120 4373 itaque
3148 4316 3202 4361 et
3254 4309 3439 4378 ingra-

1860 4383 2404 4439 tissimaJudarorum
2436 4402 2566 4456 gens
2590 4387 2643 4441 in
2672 4388 3073 4447 benefactorem
3106 4409 3265 4449 suum
3297 4400 3434 4452 adeo

1856 4474 2187 4544 impotenter
2212 4476 2505 4543 ferebatur,
2528 4489 2585 4533 ut
2615 4494 2724 4534 non
2749 4482 2924 4538 solum
2957 4488 3295 4544 trucnlentas
3317 4507 3428 4546 ma-

1856 4582 1961 4621 nus
2004 4568 2080 4621 illi
2129 4568 2405 4635 injiceret,
2454 4570 2548 4626 sed
2582 4571 2626 4625 si
2672 4572 2801 4641 quid
2834 4573 3082 4642 ludibrii,
3124 4580 3430 4635 subsanna-

1856 4658 2022 4714 tionis
2047 4668 2102 4714 et
2133 4662 2480 4729 procacitatis
2504 4662 2776 4733 reliquum
2806 4666 3065 4724 adversus
3093 4671 3242 4725 illum
3268 4672 3429 4728 fecis-

1854 4762 1956 4815 set,
1990 4750 2149 4817 nihil,
2174 4753 2318 4821 qnod
2346 4754 2525 4824 magni
2555 4766 2701 4809 esset
2738 4760 3022 4825 momenti,
3049 4762 3340 4830 perfecisse
3369 4785 3428 4820 se

165 4840 269 4893 καὶ
295 4840 363 4893 τά
390 4840 621 4895 τοιαῦτα
648 4839 941 4904 ἐνέπαιζον
968 4840 1137 4912 αύτῷ.
1172 4842 1283 4895 Καὶ
1323 4842 1418 4895 νῦν
1439 4841 1497 4894 δέ
1528 4860 1693 4911 φησιν
1717 4845 1745 4896 ό
1777 4898 1778 4901 η

1878 4843 2187 4911 minaretur.
2241 4843 2315 4899 lta
2353 4855 2408 4900 et
2453 4861 2651 4900 corona
2697 4849 2884 4917 spinea
2929 4862 2984 4905 et
3031 4857 3298 4911 arundine
3336 4874 3426 4911 re-

166 4934 277 5001 μὲν
311 4931 513 4999 ὑψηλὸς
536 4933 629 4985 καὶ
659 4932 837 5000 μέγας
871 4933 1125 5003 Ἰωάννης
1148 4974 1163 4999 ,
1199 4933 1388 5004 ῶσπερ
1443 4936 1747 5006 ἐπιτρέχων

158 5024 267 5093 τὴν
292 5021 467 5090 ὓϐριν,
496 5023 874 5090 Καὶκέδίδουν
890 5021 1050 5087 αὐτῷ
1079 5026 1452 5093 ῥαπίσματα.
1492 5027 1550 5080 '0
1571 5026 1628 5079 δέ
1657 5028 1745 5079 θε-

1852 4937 2043 5007 gisque
2070 4938 2427 5007 appellatione
2464 4949 2515 4994 et
2550 4940 2821 4997 similibus
2847 4945 2893 4998 ei
2932 4945 3250 5002 illudebant.
3302 4948 3423 5004 Jam

1849 5028 2261 5083 verosublimis
2305 5038 2359 5083 et
2408 5044 2636 5100 magnus
2664 5029 2982 5101 Joannes“,
3029 5036 3224 5092 factam
3274 5041 3423 5108 injn-

160 5114 393 5175 σπέσιος
431 5114 656 5181 Μάρκος
710 5115 802 5167 καὶ
856 5116 1132 5179 Ματθαῖος
1170 5119 1368 5189 (μικρά
1417 5120 1526 5191 γὰρ
1571 5121 1605 5190 ή
1635 5120 1744 5173 τῶν

1878 5119 1984 5172 iam
2018 5121 2335 5174 summatim
2365 5122 2751 5191 complexurus
2773 5161 2789 5187 ,
2822 5125 2957 5179 dixit
2990 5145 3005 5181 :
3049 5128 3117 5180 Et
3162 5131 3420 5185 dederant

158 5203 434 5273 ῥημάτων
466 5202 816 5273 παραλλαγὴ)
849 5205 947 5258 καὶ
988 5206 1049 5258 τὸ
1078 5207 1247 5277 ὖνομα
1280 5207 1378 5277 τῆς
1405 5208 1614 5280 ὕϐρεως
1648 5210 1738 5263 λέ-

1847 5210 1930 5263 illi
1964 5211 2188 5278 alapas;
2238 5212 2349 5266 divi
2402 5223 2583 5267 autem
2620 5214 2893 5271 Marcus“
2948 5228 3000 5273 ct
3047 5218 3330 5277 Matthzeus
3350 5224 3416 5286 “,

154 5311 260 5360 γου
273 5310 378 5355 σιν,
406 5292 499 5344 καὶ
527 5292 623 5361 τὴν
651 5294 747 5363 τῆς
777 5292 990 5364 ὕϐρεως
1039 5296 1258 5365 πρᾶξιν
1304 5316 1322 5349 ι
1375 5297 1735 5369 Ἐκολάφισαν

1878 5304 2059 5371 :xigua
2081 5306 2226 5357 enim
2252 5316 2335 5361 est
2358 5320 2570 5371 vocum,
2596 5308 2795 5377 quibus
2819 5320 3064 5375 utuntur,
3091 5315 3417 5385 differentia)

155 5388 273 5455 γάρ
322 5383 506 5449 αὑτὸν,
567 5386 662 5437 καὶ
693 5383 929 5456 ήρξαντο
982 5388 1411 5457 περικαλύπτειν
1468 5392 1635 5445 αὑτοῦ
1673 5394 1735 5447 τὸ

1878 5402 1896 5446 t
1923 5395 2200 5465 preprium
2234 5396 2449 5467 injuriae
2471 5399 2635 5469 hujus
2661 5414 2878 5467 nomen,
2908 5415 2961 5457 et
2995 5404 3170 5473 ipsum
3201 5383 3419 5476 injuria:

230 5562 281 5597 ³⁸
328 5561 348 5617 Ι
390 5563 518 5622 Cor.
555 5582 641 5633 tv,
694 5566 780 5623 l2.
860 5569 903 5600 ”
946 5568 1135 5626 Matth.
1183 5588 1330 5637 χιιι,
1365 5574 1454 5629 67.
1530 5576 1575 5607 ⁸⁸
1603 5574 1761 5631 Joan.
1796 5594 1909 5643 xtx,
1946 5578 1999 5633 5.
2075 5580 2118 5611 “
2163 5579 2328 5639 Marc.
2369 5598 2477 5649 xtv,
2520 5581 2608 5638 65.
2686 5582 2731 5614 δ’
2778 5582 2965 5639 Matth.
3000 5601 3146 5649 xxvr,
3178 5587 3265 5641 67.

1682 5755 1912 5813 NOTAE.

230 5834 351 5907 (l5)
381 5835 471 5892 Sic
508 5836 666 5897 Colb.
703 5854 804 5911 pro
841 5842 1245 5914 περιψήμασιν.
