4174 6450
229 420 335 484 73³1

1048 409 1143 480 ΑΒ
1174 420 1762 481 AMPIIIIDCIIIUM
1787 418 2131 491 QUBSTIO
2151 421 2453 484 CXXXIV.

3341 421 3443 487 738

228 533 398 603 ἇὶλην
439 532 495 586 δὲ
533 532 782 603 πάτριον,
822 532 917 585 καὶ
944 531 1044 602 τὴν
1063 532 1255 602 λοιπήν
1282 548 1343 584 τε
1371 530 1466 583 καὶ
1486 531 1753 599 κυκλικὴν
1773 545 1788 560 ο

1862 582 1867 593 ,
1898 530 2011 598 ipsa
2047 534 2279 601 primum
2297 543 2569 591 sacratum
2587 534 2907 605 appellabat,
2930 532 3154 591 alterum
3188 538 3445 605 patrium.

231 626 514 697 ἱερατικὴν
546 626 642 693 μὲν
670 624 763 678 οὖν
794 623 956 693 ἡνίκα
982 624 1075 675 τὸν
1103 625 1416 693 Δίγόκερων
1436 625 1465 675 ὁ
1486 624 1635 692 ἣλιος
1659 638 1800 690 παρ-

231 719 350 783 ιὼν,
392 720 473 782 είς
513 713 739 786 αὔξησιν
797 717 922 783 ἄγει
954 716 1053 785 τὴν
1089 716 1326 785 ἡμέραν.
1374 713 1523 782 Αὕτη
1560 715 1616 765 δὲ
1659 730 1799 780 συμ⁹

231 809 424 863 πίπτει
477 808 612 876 πρὸς
667 806 954 878 ἀκρίϐειαν
1004 805 1100 873 μὲν
1126 805 1267 857 κατὰ
1326 804 1417 855 τὸν
1460 800 1799 870 καλούμενον

230 899 565 969 Δεκέμϐριον
588 897 760 967 μῆνα·
785 896 921 966 πρὸς
946 896 1197 964 αἴσθησιν
1214 895 1269 946 δὲ
1292 894 1386 947 καὶ
1411 893 1646 963 μάλιστα
1671 893 1803 945 Ῥω·

237 993 440 1062 μαίοις,
472 993 549 1052 εἰς
602 991 692 1043 τὸν
734 979 1061 1057 Ἰανουάριον
1109 988 1396 1040 διαϐαίνει.
1430 987 1542 1054 Τὴν
1593 986 1652 1037 δὲ
1698 985 1803 1037 rvd-

233 1085 438 1154 τριονὸ
483 1084 592 1135 τῶν
650 1081 836 1151 μηνῶν
890 1080 1223 1151 καλούμενος
1269 1080 1512 1154 Μάρτιος
1561 1078 1804 1144 ἀπεκλη-

240 1152 431 1248 ροῦτοο
479 1177 569 1229 ὅτε
626 1176 720 1229 καὶ
759 1175 939 1229 ὃπλων
986 1172 1199 1243 κίνησίς
1244 1188 1305 1223 τε
1348 1152 1805 1240 καιπαρασκευὴ

236 1266 580 1319 ἐπεδείκνυτο
616 1266 929 1335 Ῥωμαίοις.
969 1265 1072 1316 Τὸν
1091 1263 1147 1315 δέ
1168 1280 1231 1329 γε
1266 1261 1639 1330 Σεπτέμῦριον
1664 1261 1808 1329 μῆνα

236 1362 270 1429 ἠ
297 1360 527 1429 κυκλική
556 1375 616 1411 τε
640 1358 735 1411 καὶ
760 1357 1010 1426 πολιτικὴ
1037 1357 1240 1424 ψῆφος.
1263 1354 1293 1407 ὅ
1322 1354 1383 1407 τὸ
1414 1354 1503 1406 σὸν
1522 1353 1809 1421 φιλόπονον

243 1450 604 1518 ἐπεζήτησεν,
658 1447 836 1518 ἀρχὴν
888 1447 1135 1513 ἀπέφηνε
1165 1444 1259 1496 τοῦ
1304 1442 1549 1496 ἐνιαυτοῦ
1578 1442 1711 1510 (l7).
1743 1442 1809 1492 ὐ

235 1540 333 1590 καὶ
357 1538 578 1605 γλῶσσα
612 1536 1101 1607 μὶνἜλληνίζουσα
1126 1534 1312 1587 καλεῖν
1340 1533 1661 1601 ἐπινέμησιν
1675 1525 1807 1593 οἶδε,

248 1631 516 1697 Ῥωμαῖοι
543 1630 599 1683 δὲ
629 1630 933 1683 ίνδικτιῶνα
955 1645 968 1657 ·
1000 1628 1093 1680 καὶ⁵
1121 1627 1325 1694 ταύτην
1346 1626 1407 1676 τὸ
1438 1626 1533 1693 μέν
1557 1621 1808 1682 παλαιὸν,

235 1720 655 1791 πενταετηρίδος
695 1720 885 1790 χρόνος
941 1716 1260 1775 ἀνεκύκλου,
1305 1714 1364 1765 δν
1411 1714 1505 1763 καὶ
1553 1710 1811 1779 λοῦστρον

234 1812 485 1881 πατρίως
503 1809 749 1863 ἐκάλουν.
784 1810 1013 1863 Ἔπειτα
1034 1808 1087 1860 δὲ
1110 1805 1377 1873 τιμῶντες
1409 1804 1549 1871 "Apr;
1586 1802 1698 1863 τὸν,
1733 1798 1810 1861 ὣς

237 1920 397 1970 φασι,
426 1903 654 1971 πάτριον
682 1902 866 1962 αὐτοῖς
884 1916 899 1931 ο
934 1900 1056 1950 ἐπεὶ
1085 1897 1195 1950 τῶν
1221 1896 1465 1962 ἀστέρων
1495 1886 1651 1954 οὗτος
1674 1907 1805 1942 πεν-

236 1993 645 2062 τεκαιδεκαετία
676 1992 955 2060 ἐλάχιστον
970 1988 1167 2059 δρόμον
1195 1985 1369 2037 ἀνύων
1411 1985 1502 2035 τὸν
1532 1984 1660 2035 ἴδιον
1710 1999 1808 2034 πε-

242 2085 490 2157 ραιοῦται
525 2084 1022 2151 κύκλον,ίσόχρονον
1044 2081 1223 2132 ἔθεντο
1252 2078 1346 2129 καὶ
1364 2077 1459 2145 τὴν
1486 2076 1808 2143 ἐπινέμησιν

236 2179 359 2248 ἦτοι
390 2176 489 2247 τὴν
516 2175 822 2229 ίνδικτιῶνα
868 2174 1145 2240 Θέσπισμα
1172 2168 1443 2223 τελεῖσθαι
1464 2183 1478 2198 ·
1512 2167 1648 2219 ἀλλὰ
1677 2165 1808 2217 ταύ-

236 2282 340 2333 την
394 2265 494 2335 μὲν
539 2264 638 2334 τὴν
698 2262 899 2325 αἰτίαν,
951 2262 1026 2323 ὡς
1055 2259 1122 2313 ἂν
1165 2261 1199 2328 ἡ
1243 2259 1467 2311 ἐκείνων
1512 2257 1809 2325 ἀρχαιότης

238 2356 396 2427 φαίη,
441 2358 469 2408 ὀ
517 2355 823 2421 θεολογικὸς
861 2352 1040 2407 αὐτῶν
1076 2351 1171 2404 καὶ
1216 2349 1447 2420 κρύφιος
1501 2348 1805 2416 ὑπογράφει

235 2452 464 2521 τρόπος.
496 2450 572 2504 Οὐ
604 2448 795 2519 πύρρω
822 2447 880 2499 δὲ
910 2445 1112 2515 ταύτης
1138 2444 1234 2496 καὶ
1268 2444 1301 2512 ἡ
1323 2443 1573 2508 λέγουσα,
1598 2441 1679 2492 ὅτι
1707 2438 1805 2508 τὴν

238 2542 566 2611 ίσημερινὴν
595 2538 746 2609 ὥραν
793 2537 1188 2590 πεντεκαίδεκα
1217 2534 1426 2603 μορίοις
1474 2531 1585 2585 τισὶ
1618 2531 1804 2601 μαθὼν

235 2634 405 2701 ἐγγὺς
472 2630 955 2700 περιγραφομένην
1013 2630 1042 2680 ὁ
1092 2626 1441 2694 αὖταρχήσας
1499 2620 1804 2689 Αὔγουστος

249 2723 567 2793 Ῥωμαίων,
597 2724 692 2775 καὶ
735 2722 832 2791 τὴν
866 2720 1234 2788 ἁνακύκλησιν
1272 2717 1365 2769 τοῦ
1423 2713 1672 2767 ἐνιαυτοῦ
1726 2716 1805 2776 είς

233 2816 331 2869 τὸν
364 2816 529 2867 αὐτὸν
575 2812 805 2882 ἀριθμὸν
854 2811 1138 2864 ἐδικαίωσε
1186 2807 1539 2877 περιορίζειν.
1589 2805 1804 2857 Πολιτι-

235 2907 474 2975 κώτερον
505 2906 551 2958 δ’
580 2902 646 2956 ἂν
690 2904 898 2970 λέγοιεν
942 2902 1037 2954 καὶ
1075 2901 1124 2953 ei
1146 2900 1279 2952 διότι
1310 2900 1583 2957 τοσούτοις
1629 2896 1805 2948 ἐτεσιν

248 2998 519 3065 ’Δντωνξῳ
563 2994 996 3047 συνυπατευκότι
1040 2994 1140 3060 τήν
1168 3007 1227 3042 τε
1261 2990 1367 3041 τῶν
1395 2988 1592 3040 κοινῶν
1627 3002 1803 3056 πραγ-

237 3090 425 3158 μάτων
468 3086 836 3155 μεταχείρισιν
866 3085 1021 3153 ἔσχεν
1040 3098 1055 3111 ’
1082 3079 1199 3134 εἶτα
1228 3082 1323 3132 καὶ
1356 3080 1538 3148 μάχην
1574 3078 1798 3145 συνῆψε,

1900 626 2121 678 tertium
2158 627 2432 695 politicum
2464 637 2517 681 et
2550 629 2837 698 cyclicum.
2896 628 3121 682 Sacrum
3173 638 3275 691 est,
3322 644 3447 682 cum

1898 715 2228 783 Capricorno
2252 719 2332 772 sol
2362 718 2645 787 egrediens
2671 719 2777 773 dici
2810 719 3147 773 incrementa
3171 718 3316 771 facit.
3337 717 3447 772 Hoc

1901 815 2079 859 autem
2105 808 2433 863 adamussim
2467 809 2656 863 incidit
2691 810 2744 862 in
2783 807 3133 863 Decembrem
3170 821 3413 863 mensem
3434 821 3450 841 ο

1901 897 1993 950 sed
2026 907 2204 953 tamen
2234 900 2309 962 id,
2340 898 2599 955 Romanis
2628 901 2917 969 praecipue,
2953 900 3170 953 nonnisi
3191 891 3453 953 Januario

1904 1004 2091 1043 mense
2125 991 2374 1044 sentitur.
2428 990 2639 1046 Initium
2674 1007 2800 1047 vero
2857 992 3089 1062 patrium
3128 991 3454 1059 appellatum

1904 1078 1959 1131 in
1988 1092 2231 1133 mensem
2255 1079 2503 1135 Martium
2542 1082 2875 1144 incurrebat,
2905 1097 3015 1151 quo
3038 1092 3279 1151 tempore
3308 1097 3455 1136 arma

1905 1184 2122 1223 movere
2152 1170 2328 1224 solent
2372 1169 2600 1225 Romani
2628 1183 2680 1227 et
2734 1174 2800 1227 ad
2829 1173 3026 1227 bellum
3085 1173 3305 1226 instrui.
3361 1172 3454 1228 Ses

1862 1266 1867 1270 '
1905 1262 2132 1329 ptembri
2172 1277 2355 1316 mense
2381 1263 2611 1332 denique
2655 1266 2857 1334 cyclico
2888 1266 3215 1334 politicoque
3267 1265 3449 1320 sull‘rao

1906 1351 1996 1417 gio
2027 1351 2094 1403 de
2124 1366 2230 1418 quo
2260 1360 2313 1404 tu
2344 1354 2582 1407 studiose
2614 1368 2792 1421 rogas,
2810 1355 3023 1409 initium
3052 1355 3180 1409 anni
3198 1365 3459 1410 statutum

1908 1443 2030 1497 fuit.
2062 1442 2127 1497 Et
2152 1459 2314 1513 quam
2348 1446 2563 1514 quidem
2594 1444 2777 1500 Graeca
2810 1462 3028 1516 quoque
3060 1448 3244 1515 lingua
3286 1448 3449 1500 ἐπινέ

1911 1552 2077 1602 μησιν
2106 1536 2375 1603 appellare
2409 1538 2573 1601 novit,
2602 1536 2830 1592 Romani
2860 1550 3039 1594 autem
3086 1539 3461 1606 indictioneni,

1912 1626 2048 1678 banc
2091 1626 2220 1678 olim
2253 1627 2671 1696 quinquennalia
2699 1629 2884 1698 cyclus
2912 1630 3204 1683 reducebat
3232 1646 3246 1682 :
3303 1630 3462 1696 idque

1908 1716 2070 1769 etiam
2095 1716 2322 1770 lustrum
2356 1720 2574 1786 proprio
2593 1720 2853 1773 vocabulo
2880 1720 3242 1790 appellabant.
3267 1719 3462 1776 Deinde

1912 1806 2039 1876 quia
2069 1805 2293 1861 Martem
2322 1808 2588 1876 colebant,
2614 1825 2773 1878 quem
2806 1811 2888 1865 sui
2923 1812 3137 1881 generis
3184 1822 3462 1865 auctorem

1910 1898 2102 1963 aiunt;
2127 1907 2183 1952 et
2213 1898 2338 1967 quia
2376 1899 2476 1953 hoc
2503 1901 2652 1954 sidus
2683 1901 2987 1970 quindecim
3019 1903 3181 1956 annis
3210 1902 3458 1957 brevissi-

1912 2005 2058 2043 mum
2095 2005 2320 2044 cursum
2348 1992 2653 2055 absolvens,
2676 2009 2833 2047 suum
2862 1994 3071 2064 cyclum
3093 1994 3320 2064 perlicit,
3353 1996 3465 2064 pari

1910 2081 2195 2135 intervallo
2228 2083 2547 2152 ἐπινέμησιν
2577 2084 2688 2137 sive
2719 2085 3068 2139 indictionem
3128 2086 3243 2139 ﬂeri
3277 2086 3466 2142 decre-

1908 2181 2123 2226 verunt.
2162 2172 2537 2229 Verumtamen
2569 2178 2707 2230 banc
2757 2192 3002 2243 causam,
3057 2188 3117 2233 ut
3167 2178 3222 2233 in
3277 2194 3468 2235 eorum

1909 2265 2327 2334 antiquitatibus
2356 2264 2545 2331 fertur,
2592 2268 2893 2338 theologica
2942 2269 3261 2325 eorumdem
3307 2281 3470 2341 atque

1908 2372 2104 2411 arcana
2134 2357 2273 2412 ratio
2300 2357 2572 2412 describit.
2605 2356 2790 2428 Neque
2823 2358 2890 2412 ab
2915 2359 3018 2413 hac
3071 2360 3228 2413 valde
3261 2360 3470 2415 abludit

1907 2450 2172 2505 sententia
2216 2449 2304 2502 illa
2340 2464 2460 2518 qua:
2487 2451 2561 2503 ait
2612 2452 2914 2519 Augustum
2960 2450 3327 2508 Romanorum
3364 2455 3469 2507 ima

1907 2550 2233 2608 peratorem,
2265 2556 2386 2593 cum
2441 2541 2747 2595 rescivisset
2779 2542 3206 2611 aequinoctialem
3255 2552 3466 2613 tempe-

1906 2640 2097 2684 statem
2137 2644 2168 2682 a
2224 2630 2563 2684 nonnullisin
2594 2631 2897 2699 quindecim
2922 2642 3099 2701 partes
3128 2634 3314 2697 dividi,
3341 2637 3467 2690 anni

1907 2736 2123 2789 quoque
2147 2721 2423 2788 periodum
2459 2721 2644 2776 eodem
2683 2737 2905 2777 numero
2931 2723 3291 2777 deliniendam
3326 2742 3456 2780 ccu—

1907 2814 2102 2867 suisse.
2137 2810 2240 2867 Sed
2273 2814 2482 2867 civilior
2501 2822 2583 2867 est
2626 2815 2892 2868 sententia
2949 2830 3060 2868 rem
3109 2818 3466 2886 repetentium

1906 2904 1974 2956 ab
2030 2904 2275 2969 Augusto
2308 2905 2401 2972 qui
2429 2904 2649 2957 totidem
2677 2907 2836 2959 annis
2870 2906 3233 2974 principatum
3274 2908 3326 2960 in
3370 2923 3467 2976 pa-

1908 2993 2007 3046 tria
2035 3009 2157 3047 cum
2182 2995 2419 3048 Antonio
2447 2997 2691 3063 gesserit,
2742 3009 2866 3049 cum
2923 3010 3095 3063 eoque
3154 2996 3468 3065 reipublicae

1904 3086 2117 3138 clavum
2171 3088 2421 3151 tenuerit,
2463 3095 2576 3138 tum
2634 3088 2894 3142 adversus
2937 3102 3060 3141 cum
3110 3087 3465 3143 decertaverit

236 3184 331 3235 καὶ
350 3183 412 3234 τὸ
441 3182 558 3234 κατ’
576 3180 742 3233 αὑτοῦ
769 3180 1027 3248 τρόπαιον
1050 3171 1210 3237 εἷλεν,
1235 3177 1323 3227 ὅτε
1354 3174 1447 3226 καὶ
1465 3173 1625 3241 μηνὸς
1654 3173 1800 3224 ἱστα-

1862 3177 2351 3247 ;triunipbttnu|ue
2408 3179 2668 3242 retulerit,
2728 3188 2889 3249 atque
2937 3178 3226 3250 Egyptum
3282 3196 3470 3236 mense

237 3275 405 3341 μένου
464 3272 835 3341 Σεπτεμϐρίου
889 3273 922 3340 ἡ
962 3271 1232 3335 Αίγυπτος
1277 3265 1425 3335 αὐτῷ
1470 3266 1802 3335 δορυάλωτος

237 3366 476 3433 κατέστη
513 3364 646 3431 (i8).
682 3364 925 3415 Ἐτέλουν
962 3362 1056 3429 μὲν
1092 3359 1184 3412 οὖν
1213 3359 1333 3411 καθ’
1366 3359 1602 3423 ἑκάστην
1630 3354 1804 3424 ἀρχὴν

236 3457 488 3510 ἐνιαυτοῦ
523 3454 825 3517 ἰδιαζούσας
854 3471 915 3506 τε
939 3453 1127 3511 Ουσίας
1151 3452 1246 3503 καὶ
1266 3450 1507 3511 τελετὰς,
1534 3448 1804 3517 τιμῶντες

237 3553 332 3603 καὶ
364 3549 711 3616 ἱλασκόμενοι
737 3547 829 3608 οὓς
856 3544 1101 3614 ἐνόμιζον
1152 3544 1308 3596 αὐτοὶ
1338 3541 1489 3601 Οεούς
1514 3554 1527 3567 ·
1569 3540 1802 3607 μάλιστα

233 3643 296 3695 δὲ
324 3642 465 3694 κατὰ
492 3642 583 3693 τὸν
618 3638 986 3707 Σεπτέμϐριον
1024 3637 1168 3706 μῆνα
1199 3634 1572 3703 λαμπρότερον
1619 3632 1802 3691 αὐτοῖς

235 3731 331 3783 καὶ
359 3730 763 3798 φιλοτιμότερον
812 3729 1109 3797 ἐπράττετο
1140 3723 1313 3776 ταῦτα
1331 3764 1344 3776 .

307 3823 373 3891 β’.
423 3821 579 3874 Ἐπεὶ
606 3820 696 3873 οὖν
722 3821 820 3887 τῆς
850 3819 1084 3879 παλαιᾶς
1120 3816 1337 3884 Ῥώμης
1365 3818 1397 3882 ἡ
1430 3815 1523 3866 νέα
1548 3814 1639 3865 τὸν
1673 3813 1803 3881 κλῆ-

232 3931 332 3984 ρον
372 3912 577 3980 ὑπῆλθε
634 3912 725 3965 καὶ
774 3910 963 3985 κοινὸν,
998 3911 1265 3977 ἐκτήσατο
1296 3908 1356 3959 τὸ
1412 3908 1634 3975 κράτος,
1674 3922 1799 3972 μετ-

230 4005 428 4074 έοτησε
456 4003 513 4056 δέ
539 4002 633 4055 τοῦ
664 4001 1003 4070 σεϐάσματος
1034 4001 1096 4052 τὸ
1124 3998 1325 4052 πλάνον
1357 4000 1432 4059 εἰς
1466 3996 1565 4066 τὴν
1600 3995 1797 4061 εὐσεϐῆ

229 4112 293 4148 τε
324 4095 417 4147 καὶ
444 4093 563 4162 Θεῷ
598 4092 914 4161 πρέπουσαν
949 4087 1658 4161 λατρείαν,-συμμεοίστησι
1705 4086 1800 4137 καὶ

228 4187 331 4245 τὰς
353 4184 662 4252 δαιμονίους
701 4184 928 4244 τελετὰς
956 4183 1050 4234 καὶ
1074 4178 1264 4239 Θυσίας
1284 4180 1364 4239 είς
1384 4176 1713 4237 εύσεδούσας
1739 4191 1797 4226 τε

230 4280 326 4330 καὶ
355 4277 672 4346 θεοπρεπεῖς
702 4275 1006 4341 ἁγιστείας.
1043 4276 1151 4328 Καὶ
1193 4273 1282 4326 διὰ
1307 4273 1462 4324 τοῦτο
1497 4270 1596 4341 τὴν
1644 4271 1796 4337 πρώ-

227 4387 331 4437 την
361 4368 455 4420 τοῦ
478 4368 845 4436 Σεπτεμϐρίου
872 4366 1038 4437 μηνὸς
1069 4365 1366 4426 λιτανείαις
1388 4381 1447 4415 τε
1470 4361 1795 4432 δημοτελέσι

228 4461 325 4513 καὶ
354 4462 472 4520 ταῖς
517 4459 701 4518 ἄλλαις
734 4457 1066 4525 ίλαστηρίοις
1109 4456 1294 4523 εὐχαῖς
1336 4456 1497 4521 νόμον
1527 4453 1677 4505 ἔθετο
1706 4456 1796 4504 τὶν

1906 3265 2207 3335 Septembri
2235 3270 2453 3322 ineunte
2479 3270 2643 3323 armis
2672 3270 2981 3323 obtinuerit.
3017 3270 3257 3338 Singulis
3286 3280 3464 3325 autem

1904 3360 2028 3412 anui
2056 3360 2226 3414 initiis
2262 3362 2555 3429 peculiaria
2614 3362 2877 3415 sacrilicia
2938 3362 3185 3431 ritusque
3239 3376 3466 3431 perage—-

1906 3452 2057 3515 bant,
2111 3454 2336 3508 bonoris
2368 3469 2496 3522 ergo
2519 3462 2573 3505 et
2604 3455 2918 3522 placationis
2944 3469 3136 3508 eorum
3190 3470 3329 3523 quos
3364 3459 3462 3526 ipsi

1904 3543 2168 3611 putabant
2197 3545 2365 3597 deos:
2396 3545 2693 3613 prmsertim
2746 3559 2876 3598 vero
2929 3560 3115 3599 mense
3162 3544 3465 3615 Septembri

1908 3633 2274 3701 Splendidiora
2314 3634 2426 3687 bn-c
2454 3648 2611 3688 sacra
2640 3644 2694 3686 et
2742 3634 3083 3688 accuratiora
3136 3636 3242 3688 diis
3295 3636 3459 3691 facie—

1905 3722 2054 3774 bunt.

1978 3811 2031 3864 2.
2060 3810 2178 3865 Jam
2212 3812 2301 3866 ubi
2335 3813 2527 3866 veteris
2556 3811 2741 3864 Roma:
2767 3825 2906 3865 nova
2933 3819 3134 3864 sortem
3157 3814 3462 3881 occupavit.

1907 3918 2361 3972 communemque
2434 3903 2728 3971 potentiam
2775 3903 2986 3971 adepta.
3060 3905 3465 3971 superstitionis

1904 4009 2143 4048 errorem
2175 3995 2230 4048 in
2270 3997 2413 4062 piam
2445 3993 2659 4062 Denque
2703 3993 2918 4060 dignam
2954 3994 3265 4064 religionem
3329 4009 3465 4048 con-

1904 4084 2062 4138 vertit
2094 4102 2109 4150 ;
2146 4094 2277 4138 tunc
2308 4084 2570 4137 diabolica
2623 4098 2843 4152 quoque
2872 4084 3126 4153 mysteria
3163 4100 3226 4137 ac
3249 4085 3457 4137 sacriﬁ-

1904 4176 1987 4230 cia
2035 4176 2241 4231 sanctis
2272 4174 2489 4244 Deuque
2516 4176 2692 4243 dignis
2722 4174 3059 4228 caeremoniis
3089 4176 3463 4229 commutavit.

1907 4265 2114 4318 idcirt-o
2169 4266 2340 4333 prima
2376 4264 2709 4333 Septembris
2736 4264 2823 4317 die
2854 4262 3056 4316 litaniis
3085 4263 3317 4330 publicis
3344 4278 3467 4333 prce

1910 4355 2174 4423 cibusque
2220 4355 2589 4424 piacularibus
2642 4352 2809 4407 Deum
2859 4355 3152 4422 propitiare
3188 4356 3464 4410 decrevit:

1913 4448 2325 4517 pontiliccmque
2359 4448 2548 4502 adesse
2574 4447 2650 4500 rei
2675 4462 2864 4507 sacrae,
2899 4456 3061 4514 atque
3102 4462 3226 4500 eum
3280 4451 3468 4516 prmiri:

226 4553 363 4604 Θεὸν
385 4516 739 4616 ἐξίλεοῦσϐιίι.
774 4516 1027 4617 παρεῖναί
1050 4516 1119 4599 τε
1145 4516 1235 4598 τδν
1272 4516 1534 4614 ἀρχιερέα
1572 4546 1683 4605 τοῖς
1711 4559 1797 4594 τε·

1862 4524 1873 4569 ί
1922 4541 2007 4610 pia
2036 4552 2088 4594 et
2122 4541 2377 4595 salutaria
2411 4554 2634 4593 munera
2665 4554 2727 4592 ac
2774 4539 3063 4591 sacriﬁcia.
3103 4539 3270 4593 l‘orro
3299 4542 3465 4592 animi

226 4644 533 4710 λουμένοις,
558 4642 668 4693 τῶν
700 4640 1026 4707 ίλαστηρίων
1077 4638 1171 4690 καὶ
1206 4636 1492 4705 σωτηρίων
1520 4634 1796 4704 προηγού-

228 4752 391 4804 μενον
424 4732 713 4803 ίρουργιῶν
736 4749 795 4783 τε
834 4732 931 4785 καὶ
971 4730 1247 4796 Θυμάτων.
1300 4727 1365 4780 'll
1400 4726 1454 4779 δέ
1500 4744 1563 4788 γε
1592 4729 1797 4779 ἐπωνυ-

226 4827 329 4895 μία
358 4826 452 4878 τοῦ
486 4824 757 4876 ἐνιαυσίου
792 4822 992 4876 κύκλου
1022 4824 1055 4889 ἡ
1090 4822 1188 4889 μὲν
1236 4820 1615 4886 Ῥωμαῖζουοα
1646 4816 1795 4886 φωνὴ

222 4920 287 4969 τὸ
314 4918 540 4987 μήνυμα
580 4917 835 4984 σημαίνει
857 4931 871 4943 ·
908 4913 1100 4982 μηνύει
1129 4913 1236 4979 γὰρ
1270 4914 1303 4979 ἡ
1332 4914 1471 4979 ἁρχὴ
1505 4911 1601 4979 τὴν
1630 4910 1787 4976 περί-

220 5009 341 5060 οδον
362 5025 376 5038 ·
414 5009 509 5059 καὶ
533 5005 689 5058 τοῦτο
710 5007 891 5066 αὐτοῖς
914 5008 1060 5057 ἐστιν
1094 5003 1377 5055 ίνὸικτιών.
1427 5003 1488 5052 'H
1511 5002 1567 5053 δὲ
1606 5000 1790 5059 Ἑλλὰς

226 5098 568 5168 φερωνύμως
598 5097 758 5165 ἔθηκε
806 5099 907 5162 τὴν
951 5094 1291 5161 ἐπινέμησιν.
1326 5094 1399 5143 Οὐ
1437 5093 1543 5158 γὰρ
1595 5094 1673 5152 εἰς
1730 5093 1789 5140 ἁ-

222 5190 543 5257 παράδατον
574 5188 666 5240 καὶ
695 5188 997 5256 ὡρισμένον
1028 5184 1191 5253 βάρος
1222 5186 1282 5234 τὸ
1310 5182 1535 5235 παλαιὸν
1556 5184 1605 5234 ei
1630 5184 1785 5249 φόροι

217 5281 334 5341 τοϊς
363 5278 621 5346 ὑπηκόοις
649 5280 932 5330 ἐτάττοντο
951 5274 1085 5338 ,ἀλλ’
1117 5278 1147 5341 ἡ
1180 5274 1288 5326 τῶν
1318 5273 1542 5341 καρπῶν
1569 5273 1783 5337 γένεσις

218 5371 322 5437 τὴν
358 5368 610 5429 σύνταξιν
644 5368 826 5427 αὐτοῖς
874 5363 1407 5432 ἐφιλανθρωπεύετοο
1451 5360 1784 5424 σπανίζουσα

220 5463 325 5529 μὲν
364 5462 473 5530 γὰρ
498 5461 825 5527 ὴλὰφρυνεν,
846 5456 1145 5521 εύΘηνοῦσα
1171 5456 1227 5507 δὲ
1260 5457 1360 5507 οὐκ
1387 5454 1617 5523 ὲόἀρυνε
1641 5472 1655 5484 ο
1689 5456 1784 5505 καὶ

1902 4636 2035 4705 cycli
2060 4634 2344 4702 appellatio
2362 4633 2606 4686 Romano
2620 4630 2880 4683 vocabulo
2902 4630 3168 4700 signiticet
3182 4630 3461 4683 indicium.

1903 4726 2147 4794 Namque
2180 4725 2390 4778 initium
2427 4724 2602 4777 innuit
2627 4721 2907 4789 periodum
2945 4740 2957 4773 :
2992 4734 3153 4789 atque
3213 4720 3329 4773 haec
3380 4732 3465 4773 est

1900 4818 2007 4871 illis
2056 4816 2301 4870 indictio.
2341 4814 2547 4867 Graecia
2578 4826 2794 4880 quoque
2849 4812 3068 4864 nomine
3112 4812 3187 4864 rei
3220 4826 3461 4879 congruo

1902 4908 2039 4959 dixit
2071 4906 2394 4973 ἐπινέμησιν
2423 4901 2924 4969 (distributionem).
2976 4899 3088 4952 Non
3120 4900 3263 4953 enim
3319 4900 3458 4967 apud

1903 5006 2110 5049 veteres
2141 4996 2356 5048 tributis
2377 5004 2490 5047 erat
2516 4992 2809 5060 prtelinitus
2834 5000 3013 5043 certus
3043 5001 3205 5058 atque
3264 4990 3459 5042 immo:

1898 5089 2023 5141 bilis
2061 5088 2254 5149 limes;
2283 5086 2374 5140 sed
2402 5101 2499 5154 pro
2553 5084 2824 5135 fructuum
2872 5094 3129 5149 proventu
3194 5082 3457 5150 stipendia

1906 5176 2016 5227 illis
2048 5176 2343 5228 clementer
2400 5173 2847 5242 imperabantur:
2888 5173 2959 5225 ita
3025 5184 3080 5223 ut
3130 5174 3179 5223 in
3232 5187 3459 5225 annonae

1891 5266 2152 5318 charitnte
2186 5267 2581 5324 tuinum‘uutut',
2611 5265 2661 5315 iu
2688 5268 2929 5317 ubertate
2964 5280 3064 5315 nou
3094 5276 3452 5331 augerenth

1891 5372 2060 5426 quare
2093 5358 2212 5410 sine
2260 5357 2471 5409 tristitia
2523 5356 2881 5424 qumstoribus
2934 5356 3138 5424 justum
3194 5357 3452 5408 tributum

1895 5451 2298 5518 pcrsolvebatur
2338 5468 2349 5500 :
2385 5459 2437 5501 ct
2464 5450 2677 5514 quidem
2718 5449 2806 5499 ubi
2866 5463 3002 5516 opus
3057 5459 3200 5501 esset
3233 5467 3247 5502 ι
3306 5450 3452 5501 nulla

1716 5593 1953 5648 ΙΝΟΤᾹΞ.

290 5690 403 5758 (i7)
433 5689 562 5742 Vide
592 5688 972 5758 Kalendarium
1024 5686 1688 5758 lLoustnntinopolitanum
1719 5689 1782 5739 ad

212 5766 362 5813 diem
391 5762 620 5827 primam
653 5757 1012 5826 Septembris,
1036 5768 1089 5809 et
1114 5772 1235 5825 quae
1267 5757 1335 5809 ibi
1361 5758 1517 5811 docte
1541 5757 1784 5825 disputat

212 5832 527 5898 Stephanus
548 5828 873 5882 Morcellius.

575 5928 837 5986 Funus.
885 5927 996 5984 Gtt.
1035 5925 1135 5984 Cl.

1962 5683 2069 5747 (18)
2108 5681 2179 5732 De
2216 5684 2315 5733 bac
2345 5682 2589 5731 universa
2622 5694 2677 5729 re
2731 5678 2914 5730 COllfCl'
2948 5679 3223 5731 Petavium
3258 5676 3447 5732 θοαί-ι

1895 5766 2049 5820 lentp.
2081 5764 2210 5805 tom.
2243 5751 2305 5815 li,
2334 5765 2386 5817 p.
2418 5748 2671 5801 δαί-563.

3056 5914 3129 5966 υ,
