  <div class='ocr_page' id='page_1' title='image "/cluster/home/n/w/nwhite01/storage/ocr_20150623/101/nnc1.0046980164/393.png"; bbox 0 0 4174 6450; ppageno 0'>
   <div class='ocr_carea' id='block_1_1' title="bbox 745 382 2325 456">
    <p class='ocr_par' dir='ltr' id='par_1_1' title="bbox 745 385 2325 456">
     <span class='ocr_line' id='line_1_1' title="bbox 745 385 2325 456; baseline -0.008 0"><span class='ocrx_word' id='word_1_1' title='bbox 745 393 852 456; x_wconf 78' lang='lat'><strong>739</strong></span> <span class='ocrx_word' id='word_1_2' title='bbox 1897 388 2157 450; x_wconf 85' lang='lat' dir='ltr'><strong>PIIOTII</strong></span> <span class='ocrx_word' id='word_1_3' title='bbox 2197 385 2325 446; x_wconf 82' lang='lat' dir='ltr'><strong>PA&#39;I</strong></span> 
     </span>
    </p>
   </div>
   <div class='ocr_carea' id='block_1_2' title="bbox 2422 382 3986 456">
    <p class='ocr_par' dir='ltr' id='par_1_2' title="bbox 2426 382 3986 446">
     <span class='ocr_line' id='line_1_2' title="bbox 2426 382 3986 446; baseline 0.003 -6"><span class='ocrx_word' id='word_1_4' title='bbox 2426 382 2701 442; x_wconf 70' lang='lat' dir='ltr'><strong>ARCHIE</strong></span> <span class='ocrx_word' id='word_1_5' title='bbox 2721 383 2827 442; x_wconf 67' lang='grc' dir='ltr'>(ΣΡ.</span> <span class='ocrx_word' id='word_1_6' title='bbox 3879 383 3986 446; x_wconf 70' lang='grc'><strong>740</strong></span> 
     </span>
    </p>
   </div>
   <div class='ocr_carea' id='block_1_3' title="bbox 742 488 2325 565">
    <p class='ocr_par' dir='ltr' id='par_1_3' title="bbox 742 495 2308 565">
     <span class='ocr_line' id='line_1_3' title="bbox 742 495 2308 565; baseline -0.004 -12"><span class='ocrx_word' id='word_1_7' title='bbox 742 498 884 553; x_wconf 84' lang='lat' dir='ltr'><strong>enim</strong></span> <span class='ocrx_word' id='word_1_8' title='bbox 914 498 1152 550; x_wconf 84' lang='lat' dir='ltr'><strong>instante</strong></span> <span class='ocrx_word' id='word_1_9' title='bbox 1208 495 1557 560; x_wconf 77' lang='lat' dir='ltr'><strong>necessitate,</strong></span> <span class='ocrx_word' id='word_1_10' title='bbox 1609 495 1872 550; x_wconf 90' lang='lat' dir='ltr'><strong>tributum</strong></span> <span class='ocrx_word' id='word_1_11' title='bbox 1929 511 2154 565; x_wconf 86' lang='lat' dir='ltr'><strong>prorsus</strong></span> <span class='ocrx_word' id='word_1_12' title='bbox 2201 509 2308 548; x_wconf 92' lang='lat' dir='ltr'><strong>non</strong></span> 
     </span>
    </p>
   </div>
   <div class='ocr_carea' id='block_1_4' title="bbox 2422 488 3992 565">
    <p class='ocr_par' dir='ltr' id='par_1_4' title="bbox 2422 488 3992 558">
     <span class='ocr_line' id='line_1_4' title="bbox 2422 488 3992 558; baseline 0.002 -16"><span class='ocrx_word' id='word_1_13' title='bbox 2422 491 2685 555; x_wconf 73' lang='grc' dir='ltr'><strong>διένειμεν</strong></span> <span class='ocrx_word' id='word_1_14' title='bbox 2702 489 2922 550; x_wconf 85' lang='grc' dir='ltr'>ἀλύπως</span> <span class='ocrx_word' id='word_1_15' title='bbox 2954 490 3062 550; x_wconf 86' lang='grc' dir='ltr'>τοίς</span> <span class='ocrx_word' id='word_1_16' title='bbox 3089 488 3572 558; x_wconf 71' lang='grc' dir='ltr'><strong>φορολογουμένοις</strong></span> <span class='ocrx_word' id='word_1_17' title='bbox 3596 489 3657 540; x_wconf 86' lang='grc' dir='ltr'><strong>τὸ</strong></span> <span class='ocrx_word' id='word_1_18' title='bbox 3682 488 3951 558; x_wconf 77' lang='grc' dir='ltr'>ἀνάλογον</span> <span class='ocrx_word' id='word_1_19' title='bbox 3974 509 3992 524; x_wconf 89' lang='grc'><strong>·</strong></span> 
     </span>
    </p>
   </div>
   <div class='ocr_carea' id='block_1_5' title="bbox 742 579 2325 659">
    <p class='ocr_par' dir='ltr' id='par_1_5' title="bbox 742 589 2307 659">
     <span class='ocr_line' id='line_1_5' title="bbox 742 589 2307 659; baseline -0.002 -15"><span class='ocrx_word' id='word_1_20' title='bbox 742 590 1056 659; x_wconf 76' lang='lat' dir='ltr'><strong>exigebatur</strong></span> <span class='ocrx_word' id='word_1_21' title='bbox 1080 607 1096 654; x_wconf 87' lang='lat'><strong>;</strong></span> <span class='ocrx_word' id='word_1_22' title='bbox 1119 590 1211 643; x_wconf 82' lang='lat' dir='ltr'><strong>sed</strong></span> <span class='ocrx_word' id='word_1_23' title='bbox 1241 591 1330 641; x_wconf 91' lang='lat' dir='ltr'><strong>uni</strong></span> <span class='ocrx_word' id='word_1_24' title='bbox 1363 590 1465 643; x_wconf 84' lang='lat' dir='ltr'><strong>sibi</strong></span> <span class='ocrx_word' id='word_1_25' title='bbox 1484 590 1716 658; x_wconf 88' lang='lat' dir='ltr'><strong>quisque</strong></span> <span class='ocrx_word' id='word_1_26' title='bbox 1732 589 1974 658; x_wconf 82' lang='lat' dir='ltr'><strong>agricola</strong></span> <span class='ocrx_word' id='word_1_27' title='bbox 2005 589 2307 644; x_wconf 86' lang='lat' dir='ltr'><strong>laborabat.</strong></span> 
     </span>
    </p>
   </div>
   <div class='ocr_carea' id='block_1_6' title="bbox 2422 579 3992 659">
    <p class='ocr_par' dir='ltr' id='par_1_6' title="bbox 2422 579 3992 650">
     <span class='ocr_line' id='line_1_6' title="bbox 2422 579 3992 650; baseline 0 -16"><span class='ocrx_word' id='word_1_28' title='bbox 2422 584 2506 635; x_wconf 69' lang='grc' dir='ltr'><strong>καὶ</strong></span> <span class='ocrx_word' id='word_1_29' title='bbox 2534 582 2656 634; x_wconf 87' lang='grc' dir='ltr'>τότε</span> <span class='ocrx_word' id='word_1_30' title='bbox 2690 583 2778 633; x_wconf 85' lang='grc' dir='ltr'><strong>ὅτε</strong></span> <span class='ocrx_word' id='word_1_31' title='bbox 2823 581 2981 650; x_wconf 85' lang='grc' dir='ltr'>χρεία</span> <span class='ocrx_word' id='word_1_32' title='bbox 3037 579 3241 643; x_wconf 87' lang='grc' dir='ltr'>ἐκάλει,</span> <span class='ocrx_word' id='word_1_33' title='bbox 3295 579 3524 647; x_wconf 75' lang='grc' dir='ltr'>μηδενδς</span> <span class='ocrx_word' id='word_1_34' title='bbox 3575 581 3630 632; x_wconf 79' lang='grc' dir='ltr'><strong>δὲ</strong></span> <span class='ocrx_word' id='word_1_35' title='bbox 3680 583 3830 642; x_wconf 75' lang='grc' dir='ltr'>ὄντος</span> <span class='ocrx_word' id='word_1_36' title='bbox 3896 583 3992 634; x_wconf 88' lang='grc' dir='ltr'><strong>τοῦ</strong></span> 
     </span>
    </p>
   </div>
   <div class='ocr_carea' id='block_1_7' title="bbox 743 669 2325 750">
    <p class='ocr_par' dir='ltr' id='par_1_7' title="bbox 743 680 2313 750">
     <span class='ocr_line' id='line_1_7' title="bbox 743 680 2313 750; baseline -0.001 -17"><span class='ocrx_word' id='word_1_37' title='bbox 743 680 930 749; x_wconf 88' lang='lat' dir='ltr'><strong>Itaque</strong></span> <span class='ocrx_word' id='word_1_38' title='bbox 957 680 1025 732; x_wconf 89' lang='lat' dir='ltr'><strong>ab</strong></span> <span class='ocrx_word' id='word_1_39' title='bbox 1053 681 1372 748; x_wconf 81' lang='lat' dir='ltr'><strong>imperando</strong></span> <span class='ocrx_word' id='word_1_40' title='bbox 1396 681 1670 750; x_wconf 85' lang='lat' dir='ltr'><strong>sigillatim</strong></span> <span class='ocrx_word' id='word_1_41' title='bbox 1699 683 1928 738; x_wconf 84' lang='lat' dir='ltr'><strong>subditis</strong></span> <span class='ocrx_word' id='word_1_42' title='bbox 1957 683 2158 736; x_wconf 87' lang='lat' dir='ltr'><strong>tributo</strong></span> <span class='ocrx_word' id='word_1_43' title='bbox 2217 695 2313 733; x_wconf 86' lang='lat' dir='ltr'><strong>na-</strong></span> 
     </span>
    </p>
   </div>
   <div class='ocr_carea' id='block_1_8' title="bbox 2422 669 3995 750">
    <p class='ocr_par' dir='ltr' id='par_1_8' title="bbox 2422 669 3995 740">
     <span class='ocr_line' id='line_1_8' title="bbox 2422 669 3995 740; baseline 0.001 -17"><span class='ocrx_word' id='word_1_44' title='bbox 2422 670 2757 740; x_wconf 75' lang='grc' dir='ltr'>βιαζομένου,</span> <span class='ocrx_word' id='word_1_45' title='bbox 2789 671 2897 722; x_wconf 75' lang='grc' dir='ltr'>οὐδ’</span> <span class='ocrx_word' id='word_1_46' title='bbox 2929 671 3062 730; x_wconf 76' lang='grc' dir='ltr'>ὅλως</span> <span class='ocrx_word' id='word_1_47' title='bbox 3084 670 3111 722; x_wconf 83' lang='grc'>6</span> <span class='ocrx_word' id='word_1_48' title='bbox 3141 669 3304 738; x_wconf 84' lang='grc' dir='ltr'>φόρος</span> <span class='ocrx_word' id='word_1_49' title='bbox 3353 670 3677 739; x_wconf 82' lang='grc' dir='ltr'>ἐπράττετο,</span> <span class='ocrx_word' id='word_1_50' title='bbox 3724 672 3841 724; x_wconf 81' lang='grc' dir='ltr'>ἀλλ’</span> <span class='ocrx_word' id='word_1_51' title='bbox 3877 674 3995 740; x_wconf 81' lang='grc' dir='ltr'>ἐγί-</span> 
     </span>
    </p>
   </div>
   <div class='ocr_carea' id='block_1_9' title="bbox 741 761 2325 840">
    <p class='ocr_par' dir='ltr' id='par_1_9' title="bbox 741 769 2313 840">
     <span class='ocr_line' id='line_1_9' title="bbox 741 769 2313 840; baseline 0.001 -18"><span class='ocrx_word' id='word_1_52' title='bbox 741 776 830 822; x_wconf 91' lang='lat' dir='ltr'><strong>cta</strong></span> <span class='ocrx_word' id='word_1_53' title='bbox 852 779 936 823; x_wconf 83' lang='lat' dir='ltr'><strong>est</strong></span> <span class='ocrx_word' id='word_1_54' title='bbox 966 783 1161 822; x_wconf 85' lang='lat' dir='ltr'><strong>nomen</strong></span> <span class='ocrx_word' id='word_1_55' title='bbox 1186 772 1514 839; x_wconf 76' lang='grc' dir='ltr'><strong>ἐπινέμησις</strong></span> <span class='ocrx_word' id='word_1_56' title='bbox 1545 769 1671 824; x_wconf 90' lang='lat' dir='ltr'><strong>anni</strong></span> <span class='ocrx_word' id='word_1_57' title='bbox 1697 771 1971 840; x_wconf 87' lang='lat' dir='ltr'><strong>periodus.</strong></span> <span class='ocrx_word' id='word_1_58' title='bbox 2025 769 2130 835; x_wconf 94' lang='lat' dir='ltr'><strong>Qui</strong></span> <span class='ocrx_word' id='word_1_59' title='bbox 2186 783 2313 823; x_wconf 89' lang='lat' dir='ltr'><strong>vero</strong></span> 
     </span>
    </p>
   </div>
   <div class='ocr_carea' id='block_1_10' title="bbox 2422 761 3987 840">
    <p class='ocr_par' dir='ltr' id='par_1_10' title="bbox 2422 761 3987 832">
     <span class='ocr_line' id='line_1_10' title="bbox 2422 761 3987 832; baseline 0.001 -17"><span class='ocrx_word' id='word_1_60' title='bbox 2422 781 2534 816; x_wconf 76' lang='grc' dir='ltr'>νετο</span> <span class='ocrx_word' id='word_1_61' title='bbox 2561 762 2750 831; x_wconf 80' lang='grc' dir='ltr'><strong>κέρδος</strong></span> <span class='ocrx_word' id='word_1_62' title='bbox 2776 763 2804 813; x_wconf 86' lang='grc' dir='ltr'>ὁ</span> <span class='ocrx_word' id='word_1_63' title='bbox 2837 763 2993 823; x_wconf 81' lang='grc' dir='ltr'><strong>πόνος</strong></span> <span class='ocrx_word' id='word_1_64' title='bbox 3018 761 3137 823; x_wconf 82' lang='grc' dir='ltr'>ὅλος</span> <span class='ocrx_word' id='word_1_65' title='bbox 3169 763 3280 824; x_wconf 88' lang='grc' dir='ltr'>τοῖς</span> <span class='ocrx_word' id='word_1_66' title='bbox 3307 763 3715 830; x_wconf 84' lang='grc' dir='ltr'>γεωργήσασιν.</span> <span class='ocrx_word' id='word_1_67' title='bbox 3771 765 3863 832; x_wconf 77' lang='grc' dir='ltr'><strong>ἘΞ</strong></span> <span class='ocrx_word' id='word_1_68' title='bbox 3892 761 3987 817; x_wconf 57' lang='grc' dir='ltr'><strong>οὖν</strong></span> 
     </span>
    </p>
   </div>
   <div class='ocr_carea' id='block_1_11' title="bbox 741 853 2325 932">
    <p class='ocr_par' dir='ltr' id='par_1_11' title="bbox 741 859 2313 932">
     <span class='ocr_line' id='line_1_11' title="bbox 741 859 2313 932; baseline 0.001 -20"><span class='ocrx_word' id='word_1_69' title='bbox 741 874 772 913; x_wconf 91' lang='lat' dir='ltr'><strong>a</strong></span> <span class='ocrx_word' id='word_1_70' title='bbox 797 859 1018 914; x_wconf 82' lang='lat' dir='ltr'><strong>victoria</strong></span> <span class='ocrx_word' id='word_1_71' title='bbox 1044 861 1110 914; x_wconf 90' lang='lat' dir='ltr'><strong>ad</strong></span> <span class='ocrx_word' id='word_1_72' title='bbox 1147 861 1362 914; x_wconf 87' lang='lat' dir='ltr'><strong>Actium</strong></span> <span class='ocrx_word' id='word_1_73' title='bbox 1390 859 1742 917; x_wconf 88' lang='lat' dir='ltr'><strong>indictionem</strong></span> <span class='ocrx_word' id='word_1_74' title='bbox 1767 861 2103 932; x_wconf 79' lang='lat' dir='ltr'><strong>confingunt,</strong></span> <span class='ocrx_word' id='word_1_75' title='bbox 2121 862 2313 914; x_wconf 89' lang='lat' dir='ltr'><strong>duram</strong></span> 
     </span>
    </p>
   </div>
   <div class='ocr_carea' id='block_1_12' title="bbox 2422 853 3988 932">
    <p class='ocr_par' dir='ltr' id='par_1_12' title="bbox 2422 853 3988 926">
     <span class='ocr_line' id='line_1_12' title="bbox 2422 853 3988 926; baseline -0.001 -18"><span class='ocrx_word' id='word_1_76' title='bbox 2422 855 2508 908; x_wconf 83' lang='grc' dir='ltr'><strong>τοῦ</strong></span> <span class='ocrx_word' id='word_1_77' title='bbox 2541 854 2891 925; x_wconf 78' lang='grc' dir='ltr'><strong>διανέμεσθαι</strong></span> <span class='ocrx_word' id='word_1_78' title='bbox 2948 857 3058 915; x_wconf 88' lang='grc' dir='ltr'>τοῖς</span> <span class='ocrx_word' id='word_1_79' title='bbox 3107 853 3367 924; x_wconf 80' lang='grc' dir='ltr'><strong>ὑπηκόοις</strong></span> <span class='ocrx_word' id='word_1_80' title='bbox 3425 855 3524 924; x_wconf 78' lang='grc' dir='ltr'>τὴν</span> <span class='ocrx_word' id='word_1_81' title='bbox 3577 856 3852 922; x_wconf 72' lang='grc' dir='ltr'>σύνταξιν,</span> <span class='ocrx_word' id='word_1_82' title='bbox 3889 857 3988 926; x_wconf 80' lang='grc' dir='ltr'><strong>τὴν</strong></span> 
     </span>
    </p>
   </div>
   <div class='ocr_carea' id='block_1_13' title="bbox 740 952 2314 1024">
    <p class='ocr_par' dir='ltr' id='par_1_13' title="bbox 740 952 2314 1024">
     <span class='ocr_line' id='line_1_13' title="bbox 740 952 2314 1024; baseline 0 -18"><span class='ocrx_word' id='word_1_83' title='bbox 740 953 930 1006; x_wconf 81' lang='lat' dir='ltr'><strong>auditu</strong></span> <span class='ocrx_word' id='word_1_84' title='bbox 961 962 1017 1006; x_wconf 91' lang='lat' dir='ltr'><strong>et</strong></span> <span class='ocrx_word' id='word_1_85' title='bbox 1045 952 1150 1006; x_wconf 86' lang='lat' dir='ltr'><strong>llde</strong></span> <span class='ocrx_word' id='word_1_86' title='bbox 1183 953 1416 1007; x_wconf 81' lang='lat' dir='ltr'><strong>alienam</strong></span> <span class='ocrx_word' id='word_1_87' title='bbox 1446 953 1698 1008; x_wconf 82' lang='lat' dir='ltr'><strong>vocabuli</strong></span> <span class='ocrx_word' id='word_1_88' title='bbox 1718 955 1983 1024; x_wconf 80' lang='lat' dir='ltr'><strong>originem</strong></span> <span class='ocrx_word' id='word_1_89' title='bbox 2021 954 2073 1008; x_wconf 84' lang='lat' dir='ltr'><strong>vi</strong></span> <span class='ocrx_word' id='word_1_90' title='bbox 2117 969 2314 1022; x_wconf 87' lang='lat' dir='ltr'><strong>procu-</strong></span> 
     </span>
    </p>
   </div>
   <div class='ocr_carea' id='block_1_14' title="bbox 741 1044 2351 1114">
    <p class='ocr_par' dir='ltr' id='par_1_14' title="bbox 741 1044 2351 1114">
     <span class='ocr_line' id='line_1_14' title="bbox 741 1044 2351 1114; baseline -0.001 -16"><span class='ocrx_word' id='word_1_91' title='bbox 741 1046 900 1098; x_wconf 87' lang='lat' dir='ltr'><strong>dunt.</strong></span> <span class='ocrx_word' id='word_1_92' title='bbox 931 1044 1033 1099; x_wconf 83' lang='lat' dir='ltr'><strong>Sed</strong></span> <span class='ocrx_word' id='word_1_93' title='bbox 1065 1055 1242 1099; x_wconf 90' lang='lat' dir='ltr'><strong>tamen</strong></span> <span class='ocrx_word' id='word_1_94' title='bbox 1271 1044 1408 1109; x_wconf 46' lang='lat' dir='ltr'><strong>haec,</strong></span> <span class='ocrx_word' id='word_1_95' title='bbox 1436 1053 1601 1114; x_wconf 85' lang='lat' dir='ltr'><strong>prout</strong></span> <span class='ocrx_word' id='word_1_96' title='bbox 1639 1045 1904 1100; x_wconf 85' lang='lat' dir='ltr'><strong>memoria</strong></span> <span class='ocrx_word' id='word_1_97' title='bbox 1938 1044 2068 1098; x_wconf 86' lang='lat' dir='ltr'><strong>mihi</strong></span> <span class='ocrx_word' id='word_1_98' title='bbox 2115 1059 2316 1113; x_wconf 90' lang='lat' dir='ltr'><strong>suppe-</strong></span> <span class='ocrx_word' id='word_1_99' title='bbox 2344 1054 2351 1085; x_wconf 72' lang='grc' dir='ltr'><strong>ι</strong></span> 
     </span>
    </p>
   </div>
   <div class='ocr_carea' id='block_1_15' title="bbox 741 1134 2315 1204">
    <p class='ocr_par' dir='ltr' id='par_1_15' title="bbox 741 1134 2315 1204">
     <span class='ocr_line' id='line_1_15' title="bbox 741 1134 2315 1204; baseline -0.002 -14"><span class='ocrx_word' id='word_1_100' title='bbox 741 1137 935 1190; x_wconf 83' lang='lat' dir='ltr'><strong>ditavit</strong></span> <span class='ocrx_word' id='word_1_101' title='bbox 966 1137 1034 1190; x_wconf 90' lang='lat' dir='ltr'><strong>ad</strong></span> <span class='ocrx_word' id='word_1_102' title='bbox 1065 1144 1214 1189; x_wconf 89' lang='lat' dir='ltr'><strong>tuam</strong></span> <span class='ocrx_word' id='word_1_103' title='bbox 1247 1136 1732 1204; x_wconf 80' lang='lat' dir='ltr'><strong>interrogationem</strong></span> <span class='ocrx_word' id='word_1_104' title='bbox 1788 1137 1930 1190; x_wconf 87' lang='lat' dir='ltr'><strong>dicta</strong></span> <span class='ocrx_word' id='word_1_105' title='bbox 1977 1135 2107 1188; x_wconf 86' lang='lat' dir='ltr'><strong>sint.</strong></span> <span class='ocrx_word' id='word_1_106' title='bbox 2159 1134 2315 1199; x_wconf 82' lang='lat' dir='ltr'><strong>Quod</strong></span> 
     </span>
    </p>
   </div>
   <div class='ocr_carea' id='block_1_16' title="bbox 742 1224 2315 1280">
    <p class='ocr_par' dir='ltr' id='par_1_16' title="bbox 742 1224 2315 1280">
     <span class='ocr_line' id='line_1_16' title="bbox 742 1224 2315 1280; baseline -0.003 0"><span class='ocrx_word' id='word_1_107' title='bbox 742 1227 865 1280; x_wconf 84' lang='lat' dir='ltr'><strong>situ</strong></span> <span class='ocrx_word' id='word_1_108' title='bbox 911 1241 975 1279; x_wconf 76' lang='lat' dir='ltr'><strong>ex</strong></span> <span class='ocrx_word' id='word_1_109' title='bbox 1013 1237 1106 1279; x_wconf 92' lang='lat' dir='ltr'><strong>tuo</strong></span> <span class='ocrx_word' id='word_1_110' title='bbox 1153 1225 1365 1278; x_wconf 90' lang='lat' dir='ltr'><strong>diutino</strong></span> <span class='ocrx_word' id='word_1_111' title='bbox 1396 1225 1643 1279; x_wconf 74' lang='lat' dir='ltr'><strong>historia:</strong></span> <span class='ocrx_word' id='word_1_112' title='bbox 1666 1225 1849 1278; x_wconf 86' lang='lat' dir='ltr'><strong>studio</strong></span> <span class='ocrx_word' id='word_1_113' title='bbox 1909 1224 2163 1278; x_wconf 90' lang='lat' dir='ltr'><strong>haustum</strong></span> <span class='ocrx_word' id='word_1_114' title='bbox 2212 1224 2315 1276; x_wconf 86' lang='lat' dir='ltr'><strong>ali-</strong></span> 
     </span>
    </p>
   </div>
   <div class='ocr_carea' id='block_1_17' title="bbox 743 1313 2311 1386">
    <p class='ocr_par' dir='ltr' id='par_1_17' title="bbox 743 1313 2311 1386">
     <span class='ocr_line' id='line_1_17' title="bbox 743 1313 2311 1386; baseline -0.003 -16"><span class='ocrx_word' id='word_1_115' title='bbox 743 1317 869 1386; x_wconf 83' lang='lat' dir='ltr'><strong>quid</strong></span> <span class='ocrx_word' id='word_1_116' title='bbox 905 1317 1038 1370; x_wconf 80' lang='lat' dir='ltr'><strong>mihi</strong></span> <span class='ocrx_word' id='word_1_117' title='bbox 1073 1317 1386 1385; x_wconf 86' lang='lat' dir='ltr'><strong>protuleris.</strong></span> <span class='ocrx_word' id='word_1_118' title='bbox 1417 1316 1686 1385; x_wconf 87' lang='lat' dir='ltr'><strong>dictisque</strong></span> <span class='ocrx_word' id='word_1_119' title='bbox 1717 1316 1855 1370; x_wconf 92' lang='lat' dir='ltr'><strong>meis</strong></span> <span class='ocrx_word' id='word_1_120' title='bbox 1905 1315 2202 1377; x_wconf 87' lang='lat' dir='ltr'><strong>addideris,</strong></span> <span class='ocrx_word' id='word_1_121' title='bbox 2259 1313 2311 1366; x_wconf 88' lang='lat' dir='ltr'><strong>id</strong></span> 
     </span>
    </p>
   </div>
   <div class='ocr_carea' id='block_1_18' title="bbox 742 1405 1708 1478">
    <p class='ocr_par' dir='ltr' id='par_1_18' title="bbox 742 1405 1708 1478">
     <span class='ocr_line' id='line_1_18' title="bbox 742 1405 1708 1478; baseline -0.004 -16"><span class='ocrx_word' id='word_1_122' title='bbox 742 1409 876 1462; x_wconf 89' lang='lat' dir='ltr'><strong>mihi</strong></span> <span class='ocrx_word' id='word_1_123' title='bbox 906 1407 1369 1478; x_wconf 88' lang='lat' dir='ltr'><strong>jucundissimum</strong></span> <span class='ocrx_word' id='word_1_124' title='bbox 1406 1405 1523 1460; x_wconf 80' lang='lat' dir='ltr'><strong>fore</strong></span> <span class='ocrx_word' id='word_1_125' title='bbox 1551 1407 1708 1460; x_wconf 89' lang='lat' dir='ltr'><strong>scito.</strong></span> 
     </span>
    </p>
   </div>
   <div class='ocr_carea' id='block_1_19' title="bbox 2418 945 3995 1018">
    <p class='ocr_par' dir='ltr' id='par_1_19' title="bbox 2418 945 3995 1018">
     <span class='ocr_line' id='line_1_19' title="bbox 2418 945 3995 1018; baseline 0 -18"><span class='ocrx_word' id='word_1_126' title='bbox 2418 948 2734 1016; x_wconf 82' lang='grc' dir='ltr'><strong>ἐπωνυμίαν</strong></span> <span class='ocrx_word' id='word_1_127' title='bbox 2773 947 2930 1015; x_wconf 87' lang='grc' dir='ltr'>ἐσχεν</span> <span class='ocrx_word' id='word_1_128' title='bbox 2971 945 3126 1016; x_wconf 83' lang='grc' dir='ltr'>ήτοῦ</span> <span class='ocrx_word' id='word_1_129' title='bbox 3156 945 3405 998; x_wconf 77' lang='grc' dir='ltr'><strong>ἐνιαυτοῦ</strong></span> <span class='ocrx_word' id='word_1_130' title='bbox 3449 947 3692 1016; x_wconf 84' lang='grc' dir='ltr'>περίοδος</span> <span class='ocrx_word' id='word_1_131' title='bbox 3735 950 3995 1018; x_wconf 79' lang='grc' dir='ltr'>ὲπινέμη·</span> 
     </span>
    </p>
   </div>
   <div class='ocr_carea' id='block_1_20' title="bbox 2419 1037 3988 1108">
    <p class='ocr_par' dir='ltr' id='par_1_20' title="bbox 2419 1037 3988 1108">
     <span class='ocr_line' id='line_1_20' title="bbox 2419 1037 3988 1108; baseline 0.001 -17"><span class='ocrx_word' id='word_1_132' title='bbox 2419 1055 2523 1101; x_wconf 90' lang='grc' dir='ltr'>σις.</span> <span class='ocrx_word' id='word_1_133' title='bbox 2552 1039 2614 1092; x_wconf 87' lang='grc' dir='ltr'><strong>Οἱ</strong></span> <span class='ocrx_word' id='word_1_134' title='bbox 2642 1038 2686 1090; x_wconf 80' lang='grc' dir='ltr'>δ’</span> <span class='ocrx_word' id='word_1_135' title='bbox 2716 1038 2823 1091; x_wconf 82' lang='grc' dir='ltr'><strong>ἀπὸ</strong></span> <span class='ocrx_word' id='word_1_136' title='bbox 2837 1038 2936 1106; x_wconf 83' lang='grc' dir='ltr'>τῆς</span> <span class='ocrx_word' id='word_1_137' title='bbox 2956 1039 3084 1106; x_wconf 73' lang='grc' dir='ltr'>περὶ</span> <span class='ocrx_word' id='word_1_138' title='bbox 3107 1039 3328 1089; x_wconf 82' lang='grc' dir='ltr'>Ἀκτιον</span> <span class='ocrx_word' id='word_1_139' title='bbox 3355 1037 3510 1105; x_wconf 81' lang='grc' dir='ltr'><strong>νίκης</strong></span> <span class='ocrx_word' id='word_1_140' title='bbox 3543 1039 3644 1108; x_wconf 73' lang='grc' dir='ltr'><strong>τὴν</strong></span> <span class='ocrx_word' id='word_1_141' title='bbox 3675 1040 3988 1092; x_wconf 53' lang='lat' dir='ltr'><strong>nemo“</strong></span> 
     </span>
    </p>
   </div>
   <div class='ocr_carea' id='block_1_21' title="bbox 2419 1129 3996 1201">
    <p class='ocr_par' dir='ltr' id='par_1_21' title="bbox 2419 1129 3996 1201">
     <span class='ocr_line' id='line_1_21' title="bbox 2419 1129 3996 1201; baseline 0.001 -19"><span class='ocrx_word' id='word_1_142' title='bbox 2419 1131 2877 1201; x_wconf 89' lang='grc' dir='ltr'>συμπλάττοντες,</span> <span class='ocrx_word' id='word_1_143' title='bbox 2909 1129 2988 1192; x_wconf 84' lang='grc' dir='ltr'><strong>είς</strong></span> <span class='ocrx_word' id='word_1_144' title='bbox 3014 1129 3075 1180; x_wconf 85' lang='grc' dir='ltr'><strong>τὸ</strong></span> <span class='ocrx_word' id='word_1_145' title='bbox 3107 1129 3488 1200; x_wconf 84' lang='grc' dir='ltr'>λυπηρότατόν</span> <span class='ocrx_word' id='word_1_146' title='bbox 3517 1148 3576 1182; x_wconf 88' lang='grc' dir='ltr'><strong>τε</strong></span> <span class='ocrx_word' id='word_1_147' title='bbox 3623 1136 3687 1201; x_wconf 77' lang='grc' dir='ltr'>τῇ</span> <span class='ocrx_word' id='word_1_148' title='bbox 3720 1135 3858 1201; x_wconf 80' lang='grc' dir='ltr'>ἀκοῇ</span> <span class='ocrx_word' id='word_1_149' title='bbox 3898 1136 3996 1186; x_wconf 67' lang='lat' dir='ltr'><strong>xii</strong></span> 
     </span>
    </p>
   </div>
   <div class='ocr_carea' id='block_1_22' title="bbox 2417 1220 3993 1290">
    <p class='ocr_par' dir='ltr' id='par_1_22' title="bbox 2417 1220 3993 1290">
     <span class='ocr_line' id='line_1_22' title="bbox 2417 1220 3993 1290; baseline 0.001 -16"><span class='ocrx_word' id='word_1_150' title='bbox 2417 1222 2636 1284; x_wconf 80' lang='grc' dir='ltr'><strong>πειθοῦς</strong></span> <span class='ocrx_word' id='word_1_151' title='bbox 2669 1222 2904 1290; x_wconf 84' lang='grc' dir='ltr'><strong>ἀπέσχον</strong></span> <span class='ocrx_word' id='word_1_152' title='bbox 2927 1220 3147 1274; x_wconf 85' lang='grc' dir='ltr'>δοκοῦσί</span> <span class='ocrx_word' id='word_1_153' title='bbox 3179 1238 3270 1290; x_wconf 89' lang='grc' dir='ltr'><strong>μοι</strong></span> <span class='ocrx_word' id='word_1_154' title='bbox 3305 1221 3402 1286; x_wconf 77' lang='grc' dir='ltr'>τὴν</span> <span class='ocrx_word' id='word_1_155' title='bbox 3425 1223 3567 1285; x_wconf 55' lang='grc' dir='ltr'>λέξιν</span> <span class='ocrx_word' id='word_1_156' title='bbox 3615 1224 3993 1284; x_wconf 71' lang='grc' dir='ltr'>ἐκϐιάζεσθάι.</span> 
     </span>
    </p>
   </div>
   <div class='ocr_carea' id='block_1_23' title="bbox 2431 1313 3986 1384">
    <p class='ocr_par' dir='ltr' id='par_1_23' title="bbox 2431 1313 3986 1384">
     <span class='ocr_line' id='line_1_23' title="bbox 2431 1313 3986 1384; baseline -0.001 -18"><span class='ocrx_word' id='word_1_157' title='bbox 2431 1313 2591 1366; x_wconf 78' lang='grc' dir='ltr'><strong>Ἀλλά</strong></span> <span class='ocrx_word' id='word_1_158' title='bbox 2622 1314 2731 1383; x_wconf 76' lang='grc' dir='ltr'><strong>γὰρ</strong></span> <span class='ocrx_word' id='word_1_159' title='bbox 2763 1313 2936 1366; x_wconf 87' lang='grc' dir='ltr'>ταῦτα</span> <span class='ocrx_word' id='word_1_160' title='bbox 2983 1313 3083 1383; x_wconf 83' lang='grc' dir='ltr'><strong>μὲν</strong></span> <span class='ocrx_word' id='word_1_161' title='bbox 3138 1313 3282 1365; x_wconf 83' lang='grc' dir='ltr'><strong>κατά</strong></span> <span class='ocrx_word' id='word_1_162' title='bbox 3316 1313 3378 1364; x_wconf 80' lang='grc' dir='ltr'><strong>το</strong></span> <span class='ocrx_word' id='word_1_163' title='bbox 3411 1316 3702 1382; x_wconf 77' lang='grc' dir='ltr'>πρόχειρον</span> <span class='ocrx_word' id='word_1_164' title='bbox 3735 1315 3825 1383; x_wconf 79' lang='grc' dir='ltr'>τῆς</span> <span class='ocrx_word' id='word_1_165' title='bbox 3861 1317 3986 1384; x_wconf 68' lang='grc' dir='ltr'><strong>μ.νὴΔ</strong></span> 
     </span>
    </p>
   </div>
   <div class='ocr_carea' id='block_1_24' title="bbox 2421 1398 3998 1476">
    <p class='ocr_par' dir='ltr' id='par_1_24' title="bbox 2421 1398 3998 1476">
     <span class='ocr_line' id='line_1_24' title="bbox 2421 1398 3998 1476; baseline 0 -20"><span class='ocrx_word' id='word_1_166' title='bbox 2421 1422 2528 1473; x_wconf 87' lang='grc' dir='ltr'><strong>μης</strong></span> <span class='ocrx_word' id='word_1_167' title='bbox 2577 1405 2706 1473; x_wconf 76' lang='grc' dir='ltr'>περὶ</span> <span class='ocrx_word' id='word_1_168' title='bbox 2735 1398 2810 1457; x_wconf 77' lang='grc' dir='ltr'><strong>ὧν</strong></span> <span class='ocrx_word' id='word_1_169' title='bbox 2839 1406 3136 1476; x_wconf 71' lang='grc' dir='ltr'>ἠρώτησας</span> <span class='ocrx_word' id='word_1_170' title='bbox 3190 1404 3461 1474; x_wconf 78' lang='grc' dir='ltr'>ἀπεδόθη·</span> <span class='ocrx_word' id='word_1_171' title='bbox 3497 1408 3543 1456; x_wconf 86' lang='grc' dir='ltr'>εἰ</span> <span class='ocrx_word' id='word_1_172' title='bbox 3569 1406 3624 1456; x_wconf 85' lang='grc' dir='ltr'><strong>δέ</strong></span> <span class='ocrx_word' id='word_1_173' title='bbox 3671 1422 3720 1457; x_wconf 89' lang='grc' dir='ltr'>τι</span> <span class='ocrx_word' id='word_1_174' title='bbox 3769 1407 3863 1458; x_wconf 73' lang='grc' dir='ltr'><strong>καὶ</strong></span> <span class='ocrx_word' id='word_1_175' title='bbox 3899 1407 3998 1472; x_wconf 73' lang='grc' dir='ltr'>τῆς</span> 
     </span>
    </p>
   </div>
   <div class='ocr_carea' id='block_1_25' title="bbox 741 1493 4000 1571">
    <p class='ocr_par' dir='ltr' id='par_1_25' title="bbox 741 1493 4000 1571">
     <span class='ocr_line' id='line_1_25' title="bbox 741 1493 4000 1571; baseline -0.001 -19"><span class='ocrx_word' id='word_1_176' title='bbox 741 1500 984 1571; x_wconf 78' lang='grc' dir='ltr'>περὶτὴν</span> <span class='ocrx_word' id='word_1_177' title='bbox 1010 1497 1250 1568; x_wconf 78' lang='grc' dir='ltr'>ἱστορίαν</span> <span class='ocrx_word' id='word_1_178' title='bbox 1280 1495 1502 1565; x_wconf 78' lang='grc' dir='ltr'>βαθείας</span> <span class='ocrx_word' id='word_1_179' title='bbox 1521 1496 1712 1565; x_wconf 83' lang='grc' dir='ltr'><strong>σχολῆς</strong></span> <span class='ocrx_word' id='word_1_180' title='bbox 1776 1495 2213 1565; x_wconf 82' lang='grc' dir='ltr'>ἀνελκυσάμενος</span> <span class='ocrx_word' id='word_1_181' title='bbox 2267 1493 2574 1559; x_wconf 80' lang='grc' dir='ltr'>ἐπιδείξεις,</span> <span class='ocrx_word' id='word_1_182' title='bbox 2606 1498 2703 1547; x_wconf 77' lang='grc' dir='ltr'><strong>καὶ</strong></span> <span class='ocrx_word' id='word_1_183' title='bbox 2760 1499 2871 1557; x_wconf 89' lang='grc' dir='ltr'>τοῖς</span> <span class='ocrx_word' id='word_1_184' title='bbox 2928 1498 3240 1568; x_wconf 71' lang='grc' dir='ltr'><strong>εἰρημένοις</strong></span> <span class='ocrx_word' id='word_1_185' title='bbox 3298 1495 3614 1566; x_wconf 81' lang='grc' dir='ltr'>προσθείης,</span> <span class='ocrx_word' id='word_1_186' title='bbox 3683 1497 3775 1550; x_wconf 77' lang='grc' dir='ltr'><strong>καὶ</strong></span> <span class='ocrx_word' id='word_1_187' title='bbox 3835 1498 4000 1550; x_wconf 74' lang='grc' dir='ltr'>τοῦτο</span> 
     </span>
    </p>
   </div>
   <div class='ocr_carea' id='block_1_26' title="bbox 718 1592 1457 1667">
    <p class='ocr_par' dir='ltr' id='par_1_26' title="bbox 718 1592 1457 1667">
     <span class='ocr_line' id='line_1_26' title="bbox 718 1592 1457 1667; baseline -0.004 -19"><span class='ocrx_word' id='word_1_188' title='bbox 718 1601 724 1628; x_wconf 76' lang='grc' dir='ltr'><strong>ί</strong></span> <span class='ocrx_word' id='word_1_189' title='bbox 741 1598 874 1667; x_wconf 76' lang='grc' dir='ltr'>ἡμῖν</span> <span class='ocrx_word' id='word_1_190' title='bbox 903 1595 1256 1665; x_wconf 79' lang='grc' dir='ltr'><strong>χαριέστατον</strong></span> <span class='ocrx_word' id='word_1_191' title='bbox 1280 1592 1457 1645; x_wconf 77' lang='grc' dir='ltr'>ἔσται.</span> 
     </span>
    </p>
   </div>
   <div class='ocr_carea' id='block_1_27' title="bbox 721 1701 2320 1778">
    <p class='ocr_par' dir='ltr' id='par_1_27' title="bbox 721 1701 2320 1778">
     <span class='ocr_line' id='line_1_27' title="bbox 721 1701 2320 1778; baseline -0.007 -14"><span class='ocrx_word' id='word_1_192' title='bbox 721 1707 1069 1778; x_wconf 52' lang='grc' dir='ltr'>κουῶδτιο</span> <span class='ocrx_word' id='word_1_193' title='bbox 1092 1706 1358 1764; x_wconf 77' lang='lat' dir='ltr'><strong>CXXXV.</strong></span> <span class='ocrx_word' id='word_1_194' title='bbox 1415 1706 1608 1778; x_wconf 77' lang='lat' dir='ltr'><strong>[CoisL</strong></span> <span class='ocrx_word' id='word_1_195' title='bbox 1648 1704 1851 1760; x_wconf 83' lang='lat' dir='ltr'><strong>CLVII.</strong></span> <span class='ocrx_word' id='word_1_196' title='bbox 1908 1704 2066 1758; x_wconf 84' lang='lat' dir='ltr'><strong>Taur.</strong></span> <span class='ocrx_word' id='word_1_197' title='bbox 2115 1701 2320 1772; x_wconf 69' lang='lat' dir='ltr'><strong>CLVH</strong></span> 
     </span>
    </p>
   </div>
   <div class='ocr_carea' id='block_1_28' title="bbox 721 1773 2325 1862">
    <p class='ocr_par' dir='ltr' id='par_1_28' title="bbox 721 1773 2325 1862">
     <span class='ocr_line' id='line_1_28' title="bbox 721 1773 2325 1862; baseline -0.006 -7"><span class='ocrx_word' id='word_1_198' title='bbox 721 1773 933 1858; x_wconf 43' lang='lat' dir='ltr'><strong>INonne</strong></span> <span class='ocrx_word' id='word_1_199' title='bbox 982 1802 1091 1856; x_wconf 72' lang='lat' dir='ltr'><strong>lucc</strong></span> <span class='ocrx_word' id='word_1_200' title='bbox 1152 1800 1517 1852; x_wconf 76' lang='lat' dir='ltr'><strong>contradicunt</strong></span> <span class='ocrx_word' id='word_1_201' title='bbox 1548 1799 1648 1851; x_wconf 84' lang='lat' dir='ltr'><strong>sibi</strong></span> <span class='ocrx_word' id='word_1_202' title='bbox 1702 1797 1921 1850; x_wconf 77' lang='lat' dir='ltr'><strong>invicem</strong></span> <span class='ocrx_word' id='word_1_203' title='bbox 1954 1811 1971 1847; x_wconf 91' lang='lat'><strong><em>:</em></strong></span> <span class='ocrx_word' id='word_1_204' title='bbox 2005 1813 2024 1846; x_wconf 75' lang='grc' dir='ltr'>ι</span> <span class='ocrx_word' id='word_1_205' title='bbox 2059 1793 2248 1862; x_wconf 84' lang='lat' dir='ltr'><strong>Siquis</strong></span> <span class='ocrx_word' id='word_1_206' title='bbox 2276 1803 2325 1846; x_wconf 85' lang='lat' dir='ltr'><strong>te</strong></span> 
     </span>
    </p>
   </div>
   <div class='ocr_carea' id='block_1_29' title="bbox 810 1865 2326 1940">
    <p class='ocr_par' dir='ltr' id='par_1_29' title="bbox 810 1865 2326 1940">
     <span class='ocr_line' id='line_1_29' title="bbox 810 1865 2326 1940; baseline -0.007 -15"><span class='ocrx_word' id='word_1_207' title='bbox 810 1872 1125 1940; x_wconf 71' lang='lat' dir='ltr'><strong>percusserit</strong></span> <span class='ocrx_word' id='word_1_208' title='bbox 1158 1874 1211 1922; x_wconf 88' lang='lat' dir='ltr'><strong>in</strong></span> <span class='ocrx_word' id='word_1_209' title='bbox 1241 1869 1520 1921; x_wconf 66' lang='lat' dir='ltr'><strong>maxillam</strong></span> <span class='ocrx_word' id='word_1_210' title='bbox 1545 1868 1811 1940; x_wconf 62' lang='lat' dir='ltr'><strong>deagtram,</strong></span> <span class='ocrx_word' id='word_1_211' title='bbox 1865 1876 2003 1940; x_wconf 60' lang='lat' dir='ltr'><strong>certe</strong></span> <span class='ocrx_word' id='word_1_212' title='bbox 2034 1867 2114 1916; x_wconf 84' lang='lat' dir='ltr'><strong>illi</strong></span> <span class='ocrx_word' id='word_1_213' title='bbox 2144 1875 2194 1940; x_wconf 80' lang='lat' dir='ltr'><strong>et</strong></span> <span class='ocrx_word' id='word_1_214' title='bbox 2242 1865 2326 1940; x_wconf 77' lang='lat' dir='ltr'><strong>al-</strong></span> 
     </span>
    </p>
   </div>
   <div class='ocr_carea' id='block_1_30' title="bbox 815 1935 2318 2005">
    <p class='ocr_par' dir='ltr' id='par_1_30' title="bbox 815 1935 2318 2005">
     <span class='ocr_line' id='line_1_30' title="bbox 815 1935 2318 2005; baseline -0.007 -11"><span class='ocrx_word' id='word_1_215' title='bbox 815 1935 1017 2004; x_wconf 75' lang='lat' dir='ltr'><strong>teram;</strong></span> <span class='ocrx_word' id='word_1_216' title='bbox 1058 1960 1077 1992; x_wconf 72' lang='grc' dir='ltr'>ι</span> <span class='ocrx_word' id='word_1_217' title='bbox 1112 1950 1167 1994; x_wconf 93' lang='lat' dir='ltr'><strong>et</strong></span> <span class='ocrx_word' id='word_1_218' title='bbox 1196 1959 1211 1993; x_wconf 81' lang='grc' dir='ltr'><strong>ι</strong></span> <span class='ocrx_word' id='word_1_219' title='bbox 1257 1957 1275 1990; x_wconf 79' lang='grc' dir='ltr'>ι</span> <span class='ocrx_word' id='word_1_220' title='bbox 1313 1939 1372 1993; x_wconf 80' lang='lat' dir='ltr'><strong>Si</strong></span> <span class='ocrx_word' id='word_1_221' title='bbox 1405 1947 1580 1991; x_wconf 76' lang='lat' dir='ltr'><strong>autem</strong></span> <span class='ocrx_word' id='word_1_222' title='bbox 1627 1937 1775 2001; x_wconf 86' lang='lat' dir='ltr'><strong>bene,</strong></span> <span class='ocrx_word' id='word_1_223' title='bbox 1805 1935 1932 2005; x_wconf 80' lang='lat' dir='ltr'><strong>quid</strong></span> <span class='ocrx_word' id='word_1_224' title='bbox 1963 1950 2042 1989; x_wconf 85' lang='lat' dir='ltr'><strong>me</strong></span> <span class='ocrx_word' id='word_1_225' title='bbox 2063 1936 2219 1988; x_wconf 68' lang='lat' dir='ltr'><strong>ca’dis</strong></span> <span class='ocrx_word' id='word_1_226' title='bbox 2247 1935 2271 1986; x_wconf 74' lang='lat'><strong>1’</strong></span> <span class='ocrx_word' id='word_1_227' title='bbox 2300 1951 2318 1984; x_wconf 74' lang='grc' dir='ltr'>ι</span> 
     </span>
    </p>
   </div>
   <div class='ocr_carea' id='block_1_31' title="bbox 2956 1702 3482 1759">
    <p class='ocr_par' dir='ltr' id='par_1_31' title="bbox 2956 1702 3482 1759">
     <span class='ocr_line' id='line_1_31' title="bbox 2956 1702 3482 1759; baseline 0.013 -7"><span class='ocrx_word' id='word_1_228' title='bbox 2956 1702 3284 1754; x_wconf 78' lang='grc' dir='ltr'><strong>ΕΡΩΤΗΣΙΣ</strong></span> <span class='ocrx_word' id='word_1_229' title='bbox 3314 1706 3482 1759; x_wconf 84' lang='grc' dir='ltr'><strong>ΡΛΕ’.</strong></span> 
     </span>
    </p>
   </div>
   <div class='ocr_carea' id='block_1_32' title="bbox 2431 1791 3999 1867">
    <p class='ocr_par' dir='ltr' id='par_1_32' title="bbox 2431 1791 3999 1867">
     <span class='ocr_line' id='line_1_32' title="bbox 2431 1791 3999 1867; baseline 0.022 -45"><span class='ocrx_word' id='word_1_230' title='bbox 2431 1791 2561 1867; x_wconf 40' lang='lat' dir='ltr'><strong>&quot;(ac</strong></span> <span class='ocrx_word' id='word_1_231' title='bbox 2590 1794 2703 1867; x_wconf 55' lang='grc' dir='ltr'><strong>οὐκ</strong></span> <span class='ocrx_word' id='word_1_232' title='bbox 2732 1792 2902 1867; x_wconf 42' lang='grc' dir='ltr'>ἐστ-ιν</span> <span class='ocrx_word' id='word_1_233' title='bbox 2922 1795 3208 1867; x_wconf 23' lang='grc' dir='ltr'>ἐναξτλίον</span> <span class='ocrx_word' id='word_1_234' title='bbox 3241 1798 3304 1846; x_wconf 82' lang='grc' dir='ltr'>τὸ</span> <span class='ocrx_word' id='word_1_235' title='bbox 3333 1797 3552 1864; x_wconf 69' lang='grc' dir='ltr'>λέγειν’</span> <span class='ocrx_word' id='word_1_236' title='bbox 3587 1818 3604 1849; x_wconf 77' lang='grc' dir='ltr'>ι</span> <span class='ocrx_word' id='word_1_237' title='bbox 3643 1802 3783 1852; x_wconf 81' lang='lat' dir='ltr'><strong>&#39;Ear</strong></span> <span class='ocrx_word' id='word_1_238' title='bbox 3803 1804 3897 1867; x_wconf 78' lang='grc' dir='ltr'><strong>τίς</strong></span> <span class='ocrx_word' id='word_1_239' title='bbox 3923 1817 3999 1855; x_wconf 88' lang='grc' dir='ltr'><strong>σε</strong></span> 
     </span>
    </p>
   </div>
   <div class='ocr_carea' id='block_1_33' title="bbox 2491 1863 3998 1938">
    <p class='ocr_par' dir='ltr' id='par_1_33' title="bbox 2491 1863 3998 1938">
     <span class='ocr_line' id='line_1_33' title="bbox 2491 1863 3998 1938; baseline 0.008 -26"><span class='ocrx_word' id='word_1_240' title='bbox 2491 1864 2727 1938; x_wconf 57' lang='lat' dir='ltr'><strong>paulun</strong></span> <span class='ocrx_word' id='word_1_241' title='bbox 2751 1863 2849 1938; x_wconf 61' lang='grc' dir='ltr'>ἐπὶ</span> <span class='ocrx_word' id='word_1_242' title='bbox 2876 1863 2989 1938; x_wconf 79' lang='grc' dir='ltr'><strong>τῂν</strong></span> <span class='ocrx_word' id='word_1_243' title='bbox 3023 1863 3233 1924; x_wconf 75' lang='grc' dir='ltr'>δεξιὰν</span> <span class='ocrx_word' id='word_1_244' title='bbox 3262 1863 3536 1931; x_wconf 70' lang='grc' dir='ltr'>σιαγόνα,</span> <span class='ocrx_word' id='word_1_245' title='bbox 3584 1872 3848 1937; x_wconf 68' lang='grc' dir='ltr'>στρέψον</span> <span class='ocrx_word' id='word_1_246' title='bbox 3872 1863 3998 1925; x_wconf 58' lang='grc' dir='ltr'><strong>ἀὺ-</strong></span> 
     </span>
    </p>
   </div>
   <div class='ocr_carea' id='block_1_34' title="bbox 2504 1932 3998 2012">
    <p class='ocr_par' dir='ltr' id='par_1_34' title="bbox 2504 1932 3998 2012">
     <span class='ocr_line' id='line_1_34' title="bbox 2504 1932 3998 2012; baseline 0.007 -30"><span class='ocrx_word' id='word_1_247' title='bbox 2504 1932 2582 2012; x_wconf 64' lang='grc' dir='ltr'><strong>Ξῷ</strong></span> <span class='ocrx_word' id='word_1_248' title='bbox 2611 1933 2709 1984; x_wconf 77' lang='grc' dir='ltr'>καὶ</span> <span class='ocrx_word' id='word_1_249' title='bbox 2743 1932 2856 1998; x_wconf 79' lang='grc' dir='ltr'><strong>τὴν</strong></span> <span class='ocrx_word' id='word_1_250' title='bbox 2894 1934 3112 2000; x_wconf 75' lang='grc' dir='ltr'>ἀλλην.</span> <span class='ocrx_word' id='word_1_251' title='bbox 3155 1953 3173 1983; x_wconf 71' lang='grc' dir='ltr'><strong>ι</strong></span> <span class='ocrx_word' id='word_1_252' title='bbox 3208 1963 3273 1971; x_wconf 90' lang='lat'><strong>——</strong></span> <span class='ocrx_word' id='word_1_253' title='bbox 3308 1953 3325 1986; x_wconf 81' lang='grc' dir='ltr'><strong>ι</strong></span> <span class='ocrx_word' id='word_1_254' title='bbox 3365 1939 3432 1989; x_wconf 77' lang='lat' dir='ltr'><strong>El</strong></span> <span class='ocrx_word' id='word_1_255' title='bbox 3477 1939 3544 1989; x_wconf 78' lang='grc' dir='ltr'>δὲ</span> <span class='ocrx_word' id='word_1_256' title='bbox 3569 1932 3781 2005; x_wconf 58' lang='lat' dir='ltr'><strong>acidior},</strong></span> <span class='ocrx_word' id='word_1_257' title='bbox 3831 1945 3892 1994; x_wconf 84' lang='grc' dir='ltr'><strong>τί</strong></span> <span class='ocrx_word' id='word_1_258' title='bbox 3922 1959 3998 2012; x_wconf 83' lang='grc' dir='ltr'>με</span> 
     </span>
    </p>
   </div>
   <div class='ocr_carea' id='block_1_35' title="bbox 2353 2001 2778 2068">
    <p class='ocr_par' dir='ltr' id='par_1_35' title="bbox 2353 2001 2778 2068">
     <span class='ocr_line' id='line_1_35' title="bbox 2353 2001 2778 2068; baseline 0 -16"><span class='ocrx_word' id='word_1_259' title='bbox 2353 2007 2398 2066; x_wconf 81' lang='grc' dir='ltr'><strong><em>Β</em></strong></span> <span class='ocrx_word' id='word_1_260' title='bbox 2493 2001 2721 2068; x_wconf 77' lang='grc' dir='ltr'>δέρεις;</span> <span class='ocrx_word' id='word_1_261' title='bbox 2761 2022 2778 2052; x_wconf 71' lang='grc' dir='ltr'><strong>ι</strong></span> 
     </span>
    </p>
   </div>
   <div class='ocr_carea' id='block_1_36' title="bbox 744 2153 4000 2226">
    <p class='ocr_par' dir='ltr' id='par_1_36' title="bbox 744 2153 4000 2226">
     <span class='ocr_line' id='line_1_36' title="bbox 744 2153 4000 2226; baseline 0.002 -14"><span class='ocrx_word' id='word_1_262' title='bbox 744 2159 998 2212; x_wconf 81' lang='lat' dir='ltr'><strong>Editarum</strong></span> <span class='ocrx_word' id='word_1_263' title='bbox 1026 2173 1053 2208; x_wconf 89' lang='lat' dir='ltr'><strong>a</strong></span> <span class='ocrx_word' id='word_1_264' title='bbox 1088 2159 1267 2208; x_wconf 77' lang='lat' dir='ltr'><strong>Wolﬁo</strong></span> <span class='ocrx_word' id='word_1_265' title='bbox 1283 2158 1471 2208; x_wconf 85' lang='lat' dir='ltr'><strong>decima</strong></span> <span class='ocrx_word' id='word_1_266' title='bbox 1490 2161 1630 2206; x_wconf 80' lang='lat' dir='ltr'><strong>sexta</strong></span> <span class='ocrx_word' id='word_1_267' title='bbox 1654 2155 1803 2226; x_wconf 56' lang='lat' dir='ltr'><strong>(Cyr.</strong></span> <span class='ocrx_word' id='word_1_268' title='bbox 1837 2153 2084 2226; x_wconf 59' lang='lat' dir='ltr'><strong>Rhilot._t.</strong></span> <span class='ocrx_word' id='word_1_269' title='bbox 2106 2153 2167 2226; x_wconf 64' lang='grc' dir='ltr'>Υ,</span> <span class='ocrx_word' id='word_1_270' title='bbox 2530 2156 2778 2226; x_wconf 69' lang='lat' dir='ltr'><strong>_§alland.</strong></span> <span class='ocrx_word' id='word_1_271' title='bbox 2815 2156 3043 2210; x_wconf 74' lang='lat' dir='ltr'><strong>Bibliotli.</strong></span> <span class='ocrx_word' id='word_1_272' title='bbox 3064 2172 3108 2226; x_wconf 14' lang='grc' dir='ltr'><strong>γι.</strong></span> <span class='ocrx_word' id='word_1_273' title='bbox 3137 2161 3269 2223; x_wconf 86' lang='lat' dir='ltr'><strong>XIII,</strong></span> <span class='ocrx_word' id='word_1_274' title='bbox 3303 2177 3352 2226; x_wconf 93' lang='lat' dir='ltr'><strong>p.</strong></span> <span class='ocrx_word' id='word_1_275' title='bbox 3384 2164 3611 2223; x_wconf 77' lang='lat'><strong>729-752,</strong></span> <span class='ocrx_word' id='word_1_276' title='bbox 3635 2180 3685 2213; x_wconf 92' lang='lat' dir='ltr'><strong>n.</strong></span> <span class='ocrx_word' id='word_1_277' title='bbox 3713 2168 3795 2226; x_wconf 77' lang='lat'><strong>32)</strong></span> <span class='ocrx_word' id='word_1_278' title='bbox 3828 2195 3894 2204; x_wconf 95' lang='lat'><strong>—</strong></span> <span class='ocrx_word' id='word_1_279' title='bbox 3929 2172 4000 2219; x_wconf 82' lang='lat' dir='ltr'><strong>De</strong></span> 
     </span>
    </p>
   </div>
   <div class='ocr_carea' id='block_1_37' title="bbox 1599 2216 3124 2281">
    <p class='ocr_par' dir='ltr' id='par_1_37' title="bbox 1599 2216 3124 2281">
     <span class='ocr_line' id='line_1_37' title="bbox 1599 2216 3124 2281; baseline 0.004 -14"><span class='ocrx_word' id='word_1_280' title='bbox 1599 2216 1840 2279; x_wconf 84' lang='lat' dir='ltr'><strong>antilogia</strong></span> <span class='ocrx_word' id='word_1_281' title='bbox 1868 2216 2002 2266; x_wconf 87' lang='lat' dir='ltr'><strong>inter</strong></span> <span class='ocrx_word' id='word_1_282' title='bbox 2028 2222 2219 2265; x_wconf 78' lang='lat' dir='ltr'><strong>textum</strong></span> <span class='ocrx_word' id='word_1_283' title='bbox 2247 2216 2416 2265; x_wconf 78' lang='lat' dir='ltr'><strong>Matth.</strong></span> <span class='ocrx_word' id='word_1_284' title='bbox 2443 2230 2490 2276; x_wconf 80' lang='grc' dir='ltr'>ν,</span> <span class='ocrx_word' id='word_1_285' title='bbox 2529 2217 2589 2266; x_wconf 79' lang='lat'><strong>59</strong></span> <span class='ocrx_word' id='word_1_286' title='bbox 2623 2227 2675 2267; x_wconf 89' lang='lat' dir='ltr'><strong>et</strong></span> <span class='ocrx_word' id='word_1_287' title='bbox 2700 2222 2842 2269; x_wconf 83' lang='lat' dir='ltr'><strong>Joau.</strong></span> <span class='ocrx_word' id='word_1_288' title='bbox 2886 2235 3024 2281; x_wconf 71' lang='lat' dir='ltr'><strong>avni,</strong></span> <span class='ocrx_word' id='word_1_289' title='bbox 3047 2225 3124 2272; x_wconf 71' lang='lat'><strong>25.</strong></span> 
     </span>
    </p>
   </div>
   <div class='ocr_carea' id='block_1_38' title="bbox 819 2351 2319 2423">
    <p class='ocr_par' dir='ltr' id='par_1_38' title="bbox 819 2351 2319 2423">
     <span class='ocr_line' id='line_1_38' title="bbox 819 2351 2319 2423; baseline -0.005 -13"><span class='ocrx_word' id='word_1_290' title='bbox 819 2356 979 2410; x_wconf 80' lang='lat' dir='ltr'><strong>Levis</strong></span> <span class='ocrx_word' id='word_1_291' title='bbox 1037 2361 1356 2423; x_wconf 54' lang='lat' dir='ltr'><strong>pacataeque</strong></span> <span class='ocrx_word' id='word_1_292' title='bbox 1416 2351 1855 2408; x_wconf 80' lang='lat' dir='ltr'><strong>conversationis</strong></span> <span class='ocrx_word' id='word_1_293' title='bbox 1903 2351 2319 2405; x_wconf 81' lang='lat' dir='ltr'><strong>fundamentum</strong></span> 
     </span>
    </p>
   </div>
   <div class='ocr_carea' id='block_1_39' title="bbox 741 2438 2320 2517">
    <p class='ocr_par' dir='ltr' id='par_1_39' title="bbox 741 2438 2320 2517">
     <span class='ocr_line' id='line_1_39' title="bbox 741 2438 2320 2517; baseline -0.005 -15"><span class='ocrx_word' id='word_1_294' title='bbox 741 2450 950 2517; x_wconf 85' lang='lat' dir='ltr'><strong>jaciens</strong></span> <span class='ocrx_word' id='word_1_295' title='bbox 1012 2443 1283 2509; x_wconf 79' lang='lat' dir='ltr'><strong>Salvator,</strong></span> <span class='ocrx_word' id='word_1_296' title='bbox 1319 2443 1572 2513; x_wconf 57' lang='lat' dir='ltr'><strong>praecepti</strong></span> <span class='ocrx_word' id='word_1_297' title='bbox 1622 2443 1797 2497; x_wconf 88' lang='lat' dir='ltr'><strong>instar</strong></span> <span class='ocrx_word' id='word_1_298' title='bbox 1850 2441 2128 2495; x_wconf 89' lang='lat' dir='ltr'><strong>inculcat:</strong></span> <span class='ocrx_word' id='word_1_299' title='bbox 2196 2459 2216 2491; x_wconf 75' lang='grc' dir='ltr'>ι</span> <span class='ocrx_word' id='word_1_300' title='bbox 2255 2438 2320 2494; x_wconf 87' lang='lat' dir='ltr'><strong>Si</strong></span> 
     </span>
    </p>
   </div>
   <div class='ocr_carea' id='block_1_40' title="bbox 746 2530 2318 2610">
    <p class='ocr_par' dir='ltr' id='par_1_40' title="bbox 746 2530 2318 2610">
     <span class='ocr_line' id='line_1_40' title="bbox 746 2530 2318 2610; baseline -0.007 -17"><span class='ocrx_word' id='word_1_301' title='bbox 746 2541 872 2610; x_wconf 88' lang='lat' dir='ltr'><strong>quis</strong></span> <span class='ocrx_word' id='word_1_302' title='bbox 898 2549 949 2591; x_wconf 90' lang='lat' dir='ltr'><strong>te</strong></span> <span class='ocrx_word' id='word_1_303' title='bbox 975 2535 1307 2607; x_wconf 88' lang='lat' dir='ltr'><strong>percusserit</strong></span> <span class='ocrx_word' id='word_1_304' title='bbox 1339 2534 1395 2586; x_wconf 93' lang='lat' dir='ltr'><strong>in</strong></span> <span class='ocrx_word' id='word_1_305' title='bbox 1419 2532 1697 2586; x_wconf 77' lang='lat' dir='ltr'><strong>maxillam</strong></span> <span class='ocrx_word' id='word_1_306' title='bbox 1729 2532 2033 2595; x_wconf 80' lang='lat' dir='ltr'><strong>dexteram,</strong></span> <span class='ocrx_word' id='word_1_307' title='bbox 2064 2539 2212 2585; x_wconf 88' lang='lat' dir='ltr'><strong>verte</strong></span> <span class='ocrx_word' id='word_1_308' title='bbox 2238 2530 2318 2583; x_wconf 90' lang='lat' dir='ltr'><strong>illi</strong></span> 
     </span>
    </p>
   </div>
   <div class='ocr_carea' id='block_1_41' title="bbox 746 2622 2322 2693">
    <p class='ocr_par' dir='ltr' id='par_1_41' title="bbox 746 2622 2322 2693">
     <span class='ocr_line' id='line_1_41' title="bbox 746 2622 2322 2693; baseline -0.006 -9"><span class='ocrx_word' id='word_1_309' title='bbox 746 2640 802 2684; x_wconf 92' lang='lat' dir='ltr'><strong>et</strong></span> <span class='ocrx_word' id='word_1_310' title='bbox 851 2630 1076 2683; x_wconf 87' lang='lat' dir='ltr'><strong>alteram</strong></span> <span class='ocrx_word' id='word_1_311' title='bbox 1106 2627 1218 2690; x_wconf 69' lang='lat' dir='ltr'><strong>W;</strong></span> <span class='ocrx_word' id='word_1_312' title='bbox 1256 2643 1276 2676; x_wconf 78' lang='grc' dir='ltr'><strong>ι</strong></span> <span class='ocrx_word' id='word_1_313' title='bbox 1313 2626 1429 2693; x_wconf 90' lang='lat' dir='ltr'><strong>ipse</strong></span> <span class='ocrx_word' id='word_1_314' title='bbox 1456 2639 1608 2689; x_wconf 86' lang='lat' dir='ltr'><strong>vero,</strong></span> <span class='ocrx_word' id='word_1_315' title='bbox 1638 2625 1707 2678; x_wconf 89' lang='lat' dir='ltr'><strong>ab</strong></span> <span class='ocrx_word' id='word_1_316' title='bbox 1759 2623 2072 2679; x_wconf 89' lang='lat' dir='ltr'><strong>hominibus</strong></span> <span class='ocrx_word' id='word_1_317' title='bbox 2129 2622 2322 2675; x_wconf 77' lang='lat' dir='ltr'><strong>maxil-</strong></span> 
     </span>
    </p>
   </div>
   <div class='ocr_carea' id='block_1_42' title="bbox 750 2711 2324 2782">
    <p class='ocr_par' dir='ltr' id='par_1_42' title="bbox 750 2711 2324 2782">
     <span class='ocr_line' id='line_1_42' title="bbox 750 2711 2324 2782; baseline -0.002 -14"><span class='ocrx_word' id='word_1_318' title='bbox 750 2717 856 2768; x_wconf 87' lang='lat' dir='ltr'><strong>lam</strong></span> <span class='ocrx_word' id='word_1_319' title='bbox 891 2715 1119 2768; x_wconf 84' lang='lat' dir='ltr'><strong>alteram</strong></span> <span class='ocrx_word' id='word_1_320' title='bbox 1174 2728 1493 2782; x_wconf 86' lang='lat' dir='ltr'><strong>percussus,</strong></span> <span class='ocrx_word' id='word_1_321' title='bbox 1550 2725 1649 2780; x_wconf 91' lang='lat' dir='ltr'><strong>pro</strong></span> <span class='ocrx_word' id='word_1_322' title='bbox 1681 2727 1747 2767; x_wconf 93' lang='lat' dir='ltr'><strong>eo</strong></span> <span class='ocrx_word' id='word_1_323' title='bbox 1798 2712 1944 2781; x_wconf 88' lang='lat' dir='ltr'><strong>quod</strong></span> <span class='ocrx_word' id='word_1_324' title='bbox 1984 2712 2206 2766; x_wconf 87' lang='lat' dir='ltr'><strong>alteram</strong></span> <span class='ocrx_word' id='word_1_325' title='bbox 2247 2711 2324 2765; x_wconf 92' lang='lat' dir='ltr'><strong>illi</strong></span> 
     </span>
    </p>
   </div>
   <div class='ocr_carea' id='block_1_43' title="bbox 747 2803 2324 2873">
    <p class='ocr_par' dir='ltr' id='par_1_43' title="bbox 747 2803 2324 2873">
     <span class='ocr_line' id='line_1_43' title="bbox 747 2803 2324 2873; baseline -0.002 -15"><span class='ocrx_word' id='word_1_326' title='bbox 747 2816 1000 2870; x_wconf 68' lang='lat' dir='ltr'><strong>verteret,</strong></span> <span class='ocrx_word' id='word_1_327' title='bbox 1026 2805 1345 2873; x_wconf 90' lang='lat' dir='ltr'><strong>respondit:</strong></span> <span class='ocrx_word' id='word_1_328' title='bbox 1383 2823 1402 2855; x_wconf 70' lang='lat' dir='ltr'><strong>c</strong></span> <span class='ocrx_word' id='word_1_329' title='bbox 1434 2803 1573 2869; x_wconf 84' lang='lat' dir='ltr'><strong>Quid</strong></span> <span class='ocrx_word' id='word_1_330' title='bbox 1596 2819 1684 2858; x_wconf 90' lang='lat' dir='ltr'><strong>me</strong></span> <span class='ocrx_word' id='word_1_331' title='bbox 1711 2807 1875 2860; x_wconf 62' lang='lat' dir='ltr'><strong>caedis</strong></span> <span class='ocrx_word' id='word_1_332' title='bbox 1907 2805 1992 2857; x_wconf 79' lang='lat'><strong>&quot;?</strong></span> <span class='ocrx_word' id='word_1_333' title='bbox 2033 2824 2051 2854; x_wconf 75' lang='grc' dir='ltr'>ι</span> <span class='ocrx_word' id='word_1_334' title='bbox 2088 2804 2160 2858; x_wconf 91' lang='lat' dir='ltr'><strong>Ita</strong></span> <span class='ocrx_word' id='word_1_335' title='bbox 2194 2818 2324 2858; x_wconf 75' lang='lat' dir='ltr'><strong>vero</strong></span> 
     </span>
    </p>
   </div>
   <div class='ocr_carea' id='block_1_44' title="bbox 746 2897 2320 2968">
    <p class='ocr_par' dir='ltr' id='par_1_44' title="bbox 746 2897 2320 2968">
     <span class='ocr_line' id='line_1_44' title="bbox 746 2897 2320 2968; baseline -0.001 -17"><span class='ocrx_word' id='word_1_336' title='bbox 746 2900 881 2968; x_wconf 79' lang='lat' dir='ltr'><strong>egit,</strong></span> <span class='ocrx_word' id='word_1_337' title='bbox 926 2914 1034 2950; x_wconf 91' lang='lat' dir='ltr'><strong>non</strong></span> <span class='ocrx_word' id='word_1_338' title='bbox 1081 2913 1233 2963; x_wconf 87' lang='lat' dir='ltr'><strong>sane,</strong></span> <span class='ocrx_word' id='word_1_339' title='bbox 1268 2897 1431 2966; x_wconf 85' lang='lat' dir='ltr'><strong>quasi</strong></span> <span class='ocrx_word' id='word_1_340' title='bbox 1463 2897 1868 2952; x_wconf 83' lang='lat' dir='ltr'><strong>inconsiderate</strong></span> <span class='ocrx_word' id='word_1_341' title='bbox 1918 2907 1972 2952; x_wconf 89' lang='lat' dir='ltr'><strong>ct</strong></span> <span class='ocrx_word' id='word_1_342' title='bbox 2011 2898 2185 2951; x_wconf 85' lang='lat' dir='ltr'><strong>obiter</strong></span> <span class='ocrx_word' id='word_1_343' title='bbox 2249 2898 2320 2949; x_wconf 90' lang='lat' dir='ltr'><strong>ita</strong></span> 
     </span>
    </p>
   </div>
   <div class='ocr_carea' id='block_1_45' title="bbox 746 2987 2321 3056">
    <p class='ocr_par' dir='ltr' id='par_1_45' title="bbox 746 2987 2321 3056">
     <span class='ocr_line' id='line_1_45' title="bbox 746 2987 2321 3056; baseline -0.002 -16"><span class='ocrx_word' id='word_1_344' title='bbox 746 2989 878 3040; x_wconf 88' lang='lat' dir='ltr'><strong>olim</strong></span> <span class='ocrx_word' id='word_1_345' title='bbox 929 2988 1244 3056; x_wconf 88' lang='lat' dir='ltr'><strong>cogitasset,</strong></span> <span class='ocrx_word' id='word_1_346' title='bbox 1303 2995 1358 3040; x_wconf 88' lang='lat' dir='ltr'><strong>et</strong></span> <span class='ocrx_word' id='word_1_347' title='bbox 1417 3001 1562 3040; x_wconf 88' lang='lat' dir='ltr'><strong>nunc</strong></span> <span class='ocrx_word' id='word_1_348' title='bbox 1613 3001 1780 3055; x_wconf 85' lang='lat' dir='ltr'><strong>opere</strong></span> <span class='ocrx_word' id='word_1_349' title='bbox 1843 2987 1962 3054; x_wconf 87' lang='lat' dir='ltr'><strong>ipso</strong></span> <span class='ocrx_word' id='word_1_350' title='bbox 2012 3001 2321 3038; x_wconf 81' lang='lat' dir='ltr'><strong>sermonem</strong></span> 
     </span>
    </p>
   </div>
   <div class='ocr_carea' id='block_1_46' title="bbox 748 3076 2322 3145">
    <p class='ocr_par' dir='ltr' id='par_1_46' title="bbox 748 3076 2322 3145">
     <span class='ocr_line' id='line_1_46' title="bbox 748 3076 2322 3145; baseline -0.002 -12"><span class='ocrx_word' id='word_1_351' title='bbox 748 3095 908 3133; x_wconf 84' lang='lat' dir='ltr'><strong>suum</strong></span> <span class='ocrx_word' id='word_1_352' title='bbox 949 3087 1234 3133; x_wconf 87' lang='lat' dir='ltr'><strong>everteret.</strong></span> <span class='ocrx_word' id='word_1_353' title='bbox 1285 3076 1399 3131; x_wconf 83' lang='lat' dir='ltr'><strong>lino</strong></span> <span class='ocrx_word' id='word_1_354' title='bbox 1431 3091 1560 3130; x_wconf 88' lang='lat' dir='ltr'><strong>vero</strong></span> <span class='ocrx_word' id='word_1_355' title='bbox 1598 3081 1701 3132; x_wconf 92' lang='lat' dir='ltr'><strong>hoc</strong></span> <span class='ocrx_word' id='word_1_356' title='bbox 1747 3078 1862 3145; x_wconf 91' lang='lat' dir='ltr'><strong>ipso</strong></span> <span class='ocrx_word' id='word_1_357' title='bbox 1911 3077 2056 3131; x_wconf 83' lang='lat' dir='ltr'><strong>facto</strong></span> <span class='ocrx_word' id='word_1_358' title='bbox 2099 3078 2322 3130; x_wconf 80' lang='lat' dir='ltr'><strong>verbum</strong></span> 
     </span>
    </p>
   </div>
   <div class='ocr_carea' id='block_1_47' title="bbox 751 3165 2326 3235">
    <p class='ocr_par' dir='ltr' id='par_1_47' title="bbox 751 3165 2326 3235">
     <span class='ocr_line' id='line_1_47' title="bbox 751 3165 2326 3235; baseline -0.002 -15"><span class='ocrx_word' id='word_1_359' title='bbox 751 3169 883 3221; x_wconf 87' lang='lat' dir='ltr'><strong>illud</strong></span> <span class='ocrx_word' id='word_1_360' title='bbox 907 3182 1067 3221; x_wconf 87' lang='lat' dir='ltr'><strong>suum</strong></span> <span class='ocrx_word' id='word_1_361' title='bbox 1100 3167 1286 3235; x_wconf 90' lang='lat' dir='ltr'><strong>potius</strong></span> <span class='ocrx_word' id='word_1_362' title='bbox 1317 3167 1575 3218; x_wconf 82' lang='lat' dir='ltr'><strong>astruxit.</strong></span> <span class='ocrx_word' id='word_1_363' title='bbox 1608 3165 1742 3219; x_wconf 77' lang='lat' dir='ltr'><strong>Nam</strong></span> <span class='ocrx_word' id='word_1_364' title='bbox 1775 3166 1850 3219; x_wconf 88' lang='lat' dir='ltr'><strong>ibi</strong></span> <span class='ocrx_word' id='word_1_365' title='bbox 1912 3166 2130 3233; x_wconf 88' lang='lat' dir='ltr'><strong>quidem</strong></span> <span class='ocrx_word' id='word_1_366' title='bbox 2189 3180 2326 3233; x_wconf 79' lang='lat' dir='ltr'><strong>pra:-</strong></span> 
     </span>
    </p>
   </div>
   <div class='ocr_carea' id='block_1_48' title="bbox 747 3258 2324 3329">
    <p class='ocr_par' dir='ltr' id='par_1_48' title="bbox 747 3258 2324 3329">
     <span class='ocr_line' id='line_1_48' title="bbox 747 3258 2324 3329; baseline -0.001 -15"><span class='ocrx_word' id='word_1_367' title='bbox 747 3261 1108 3329; x_wconf 78' lang='lat' dir='ltr'><strong>oeptumejns</strong></span> <span class='ocrx_word' id='word_1_368' title='bbox 1134 3268 1354 3313; x_wconf 87' lang='lat' dir='ltr'><strong>mutuas</strong></span> <span class='ocrx_word' id='word_1_369' title='bbox 1414 3258 1645 3326; x_wconf 83' lang='lat' dir='ltr'><strong>injurias</strong></span> <span class='ocrx_word' id='word_1_370' title='bbox 1701 3259 1976 3329; x_wconf 86' lang='lat' dir='ltr'><strong>prohibet,</strong></span> <span class='ocrx_word' id='word_1_371' title='bbox 2041 3273 2135 3326; x_wconf 90' lang='lat' dir='ltr'><strong>per</strong></span> <span class='ocrx_word' id='word_1_372' title='bbox 2185 3275 2324 3327; x_wconf 87' lang='lat' dir='ltr'><strong>quas</strong></span> 
     </span>
    </p>
   </div>
   <div class='ocr_carea' id='block_1_49' title="bbox 745 3351 2322 3421">
    <p class='ocr_par' dir='ltr' id='par_1_49' title="bbox 745 3351 2322 3421">
     <span class='ocr_line' id='line_1_49' title="bbox 745 3351 2322 3421; baseline -0.003 -13"><span class='ocrx_word' id='word_1_373' title='bbox 745 3354 1026 3408; x_wconf 57' lang='lat' dir='ltr'><strong>contentio</strong></span> <span class='ocrx_word' id='word_1_374' title='bbox 1054 3354 1107 3405; x_wconf 89' lang='lat' dir='ltr'><strong>in</strong></span> <span class='ocrx_word' id='word_1_375' title='bbox 1135 3353 1408 3407; x_wconf 86' lang='lat' dir='ltr'><strong>intinitum</strong></span> <span class='ocrx_word' id='word_1_376' title='bbox 1430 3352 1750 3421; x_wconf 89' lang='lat' dir='ltr'><strong>producitur</strong></span> <span class='ocrx_word' id='word_1_377' title='bbox 1783 3370 1795 3404; x_wconf 86' lang='lat'>:</span> <span class='ocrx_word' id='word_1_378' title='bbox 1828 3351 2061 3417; x_wconf 84' lang='lat' dir='ltr'><strong>ideoque</strong></span> <span class='ocrx_word' id='word_1_379' title='bbox 2087 3365 2118 3402; x_wconf 90' lang='lat' dir='ltr'><strong>a</strong></span> <span class='ocrx_word' id='word_1_380' title='bbox 2149 3351 2322 3417; x_wconf 76' lang='lat' dir='ltr'><strong>prima</strong></span> 
     </span>
    </p>
   </div>
   <div class='ocr_carea' id='block_1_50' title="bbox 745 3441 2325 3515">
    <p class='ocr_par' dir='ltr' id='par_1_50' title="bbox 745 3441 2325 3515">
     <span class='ocr_line' id='line_1_50' title="bbox 745 3441 2325 3515; baseline -0.004 -16"><span class='ocrx_word' id='word_1_381' title='bbox 745 3461 987 3515; x_wconf 86' lang='lat' dir='ltr'><strong>quoque,</strong></span> <span class='ocrx_word' id='word_1_382' title='bbox 1016 3461 1136 3513; x_wconf 74' lang='lat' dir='ltr'><strong>qua:</strong></span> <span class='ocrx_word' id='word_1_383' title='bbox 1172 3445 1286 3498; x_wconf 85' lang='lat' dir='ltr'><strong>lieri</strong></span> <span class='ocrx_word' id='word_1_384' title='bbox 1324 3452 1558 3512; x_wconf 84' lang='lat' dir='ltr'><strong>poterat,</strong></span> <span class='ocrx_word' id='word_1_385' title='bbox 1591 3443 2002 3496; x_wconf 88' lang='lat' dir='ltr'><strong>retributionem</strong></span> <span class='ocrx_word' id='word_1_386' title='bbox 2051 3441 2325 3494; x_wconf 83' lang='lat' dir='ltr'><strong>abstinere</strong></span> 
     </span>
    </p>
   </div>
   <div class='ocr_carea' id='block_1_51' title="bbox 742 3528 2322 3606">
    <p class='ocr_par' dir='ltr' id='par_1_51' title="bbox 742 3528 2322 3606">
     <span class='ocr_line' id='line_1_51' title="bbox 742 3528 2322 3606; baseline -0.007 -14"><span class='ocrx_word' id='word_1_387' title='bbox 742 3539 919 3606; x_wconf 87' lang='lat' dir='ltr'><strong>jubet.</strong></span> <span class='ocrx_word' id='word_1_388' title='bbox 974 3535 1119 3590; x_wconf 90' lang='lat' dir='ltr'><strong>Idem</strong></span> <span class='ocrx_word' id='word_1_389' title='bbox 1150 3550 1280 3589; x_wconf 89' lang='lat' dir='ltr'><strong>vero</strong></span> <span class='ocrx_word' id='word_1_390' title='bbox 1307 3535 1472 3588; x_wconf 86' lang='lat' dir='ltr'><strong>etiam</strong></span> <span class='ocrx_word' id='word_1_391' title='bbox 1511 3548 1655 3586; x_wconf 93' lang='lat' dir='ltr'><strong>nunc</strong></span> <span class='ocrx_word' id='word_1_392' title='bbox 1676 3532 1932 3586; x_wconf 80' lang='lat' dir='ltr'><strong>faciebat.</strong></span> <span class='ocrx_word' id='word_1_393' title='bbox 1966 3528 2154 3599; x_wconf 79' lang='lat' dir='ltr'><strong>Neque</strong></span> <span class='ocrx_word' id='word_1_394' title='bbox 2175 3531 2322 3584; x_wconf 89' lang='lat' dir='ltr'><strong>enim</strong></span> 
     </span>
    </p>
   </div>
   <div class='ocr_carea' id='block_1_52' title="bbox 2497 2353 3996 2428">
    <p class='ocr_par' dir='ltr' id='par_1_52' title="bbox 2497 2353 3996 2428">
     <span class='ocr_line' id='line_1_52' title="bbox 2497 2353 3996 2428; baseline 0.002 -20"><span class='ocrx_word' id='word_1_395' title='bbox 2497 2353 2780 2416; x_wconf 84' lang='grc' dir='ltr'>Πολιτείας</span> <span class='ocrx_word' id='word_1_396' title='bbox 2832 2356 3040 2425; x_wconf 80' lang='grc' dir='ltr'>ἡμέρου</span> <span class='ocrx_word' id='word_1_397' title='bbox 3099 2357 3192 2409; x_wconf 75' lang='grc' dir='ltr'>καὶ</span> <span class='ocrx_word' id='word_1_398' title='bbox 3233 2356 3598 2410; x_wconf 78' lang='grc' dir='ltr'><strong>ἀστασιάστου</strong></span> <span class='ocrx_word' id='word_1_399' title='bbox 3624 2359 3860 2428; x_wconf 84' lang='grc' dir='ltr'>κρηπῖδα</span> <span class='ocrx_word' id='word_1_400' title='bbox 3886 2377 3996 2428; x_wconf 81' lang='grc' dir='ltr'>πη-</span> 
     </span>
    </p>
   </div>
   <div class='ocr_carea' id='block_1_53' title="bbox 2422 2445 4000 2520">
    <p class='ocr_par' dir='ltr' id='par_1_53' title="bbox 2422 2445 4000 2520">
     <span class='ocr_line' id='line_1_53' title="bbox 2422 2445 4000 2520; baseline 0.005 -26"><span class='ocrx_word' id='word_1_401' title='bbox 2422 2445 2554 2509; x_wconf 74' lang='grc' dir='ltr'>γνὺς</span> <span class='ocrx_word' id='word_1_402' title='bbox 2587 2445 2615 2495; x_wconf 86' lang='grc' dir='ltr'>ὁ</span> <span class='ocrx_word' id='word_1_403' title='bbox 2641 2445 2854 2514; x_wconf 82' lang='grc' dir='ltr'>Σωτὴρ,</span> <span class='ocrx_word' id='word_1_404' title='bbox 2891 2465 2910 2496; x_wconf 74' lang='grc' dir='ltr'>ι</span> <span class='ocrx_word' id='word_1_405' title='bbox 2960 2447 3084 2500; x_wconf 78' lang='grc' dir='ltr'><strong>Ἐάν</strong></span> <span class='ocrx_word' id='word_1_406' title='bbox 3120 2448 3205 2509; x_wconf 89' lang='grc' dir='ltr'><strong>τίς</strong></span> <span class='ocrx_word' id='word_1_407' title='bbox 3229 2464 3289 2499; x_wconf 88' lang='grc' dir='ltr'><strong>σε</strong></span> <span class='ocrx_word' id='word_1_408' title='bbox 3325 2449 3532 2519; x_wconf 78' lang='grc' dir='ltr'>ῥαπίσῃ</span> <span class='ocrx_word' id='word_1_409' title='bbox 3569 2450 3663 2502; x_wconf 73' lang='grc' dir='ltr'>ἐπὶ</span> <span class='ocrx_word' id='word_1_410' title='bbox 3692 2451 3791 2520; x_wconf 79' lang='grc' dir='ltr'><strong>τὴν</strong></span> <span class='ocrx_word' id='word_1_411' title='bbox 3815 2451 4000 2515; x_wconf 70' lang='grc' dir='ltr'>δεξιὰν</span> 
     </span>
    </p>
   </div>
   <div class='ocr_carea' id='block_1_54' title="bbox 2426 2534 4000 2610">
    <p class='ocr_par' dir='ltr' id='par_1_54' title="bbox 2426 2534 4000 2610">
     <span class='ocr_line' id='line_1_54' title="bbox 2426 2534 4000 2610; baseline 0.004 -25"><span class='ocrx_word' id='word_1_412' title='bbox 2426 2534 2676 2601; x_wconf 77' lang='grc' dir='ltr'>σιαγόνα,</span> <span class='ocrx_word' id='word_1_413' title='bbox 2711 2535 2943 2604; x_wconf 80' lang='grc' dir='ltr'><strong>στρέψον</strong></span> <span class='ocrx_word' id='word_1_414' title='bbox 2977 2537 3125 2606; x_wconf 78' lang='grc' dir='ltr'>αὐτῷ</span> <span class='ocrx_word' id='word_1_415' title='bbox 3146 2541 3240 2590; x_wconf 77' lang='grc' dir='ltr'>καὶ</span> <span class='ocrx_word' id='word_1_416' title='bbox 3261 2539 3359 2609; x_wconf 85' lang='grc' dir='ltr'><strong>τὴν</strong></span> <span class='ocrx_word' id='word_1_417' title='bbox 3384 2540 3574 2610; x_wconf 81' lang='grc' dir='ltr'>ἀλλην,</span> <span class='ocrx_word' id='word_1_418' title='bbox 3608 2559 3626 2590; x_wconf 75' lang='grc' dir='ltr'><strong>ι</strong></span> <span class='ocrx_word' id='word_1_419' title='bbox 3653 2541 3750 2609; x_wconf 82' lang='grc' dir='ltr'><strong>τὴν</strong></span> <span class='ocrx_word' id='word_1_420' title='bbox 3776 2544 4000 2610; x_wconf 70' lang='grc' dir='ltr'>ἐντολὴν</span> 
     </span>
    </p>
   </div>
   <div class='ocr_carea' id='block_1_55' title="bbox 2421 2623 4000 2698">
    <p class='ocr_par' dir='ltr' id='par_1_55' title="bbox 2421 2623 4000 2698">
     <span class='ocr_line' id='line_1_55' title="bbox 2421 2623 4000 2698; baseline 0.004 -24"><span class='ocrx_word' id='word_1_421' title='bbox 2421 2623 2626 2693; x_wconf 79' lang='grc' dir='ltr'>ταύτην</span> <span class='ocrx_word' id='word_1_422' title='bbox 2683 2625 3081 2689; x_wconf 83' lang='grc' dir='ltr'>ὑποϐάλλεται,</span> <span class='ocrx_word' id='word_1_423' title='bbox 3110 2629 3278 2689; x_wconf 71' lang='grc' dir='ltr'>αὐτὸς</span> <span class='ocrx_word' id='word_1_424' title='bbox 3307 2628 3363 2679; x_wconf 82' lang='grc' dir='ltr'>δὲ</span> <span class='ocrx_word' id='word_1_425' title='bbox 3405 2629 3650 2698; x_wconf 83' lang='grc' dir='ltr'>πληγάς,</span> <span class='ocrx_word' id='word_1_426' title='bbox 3687 2629 3787 2691; x_wconf 70' lang='grc' dir='ltr'><strong>τὰς</strong></span> <span class='ocrx_word' id='word_1_427' title='bbox 3819 2629 3878 2692; x_wconf 74' lang='grc' dir='ltr'>ἐξ</span> <span class='ocrx_word' id='word_1_428' title='bbox 3908 2631 4000 2682; x_wconf 83' lang='grc' dir='ltr'><strong>ἀν-</strong></span> 
     </span>
    </p>
   </div>
   <div class='ocr_carea' id='block_1_56' title="bbox 2426 2714 3999 2789">
    <p class='ocr_par' dir='ltr' id='par_1_56' title="bbox 2426 2714 3999 2789">
     <span class='ocr_line' id='line_1_56' title="bbox 2426 2714 3999 2789; baseline 0.004 -23"><span class='ocrx_word' id='word_1_429' title='bbox 2426 2714 2684 2784; x_wconf 82' lang='grc' dir='ltr'>θρώπων,</span> <span class='ocrx_word' id='word_1_430' title='bbox 2716 2719 2809 2769; x_wconf 68' lang='grc' dir='ltr'><strong>ἐπὶ</strong></span> <span class='ocrx_word' id='word_1_431' title='bbox 2858 2720 3063 2789; x_wconf 67' lang='grc' dir='ltr'>κόρρης</span> <span class='ocrx_word' id='word_1_432' title='bbox 3109 2718 3290 2770; x_wconf 84' lang='grc' dir='ltr'>λαϐὼν</span> <span class='ocrx_word' id='word_1_433' title='bbox 3317 2720 3439 2772; x_wconf 75' lang='grc' dir='ltr'>ἀντὶ</span> <span class='ocrx_word' id='word_1_434' title='bbox 3467 2720 3556 2772; x_wconf 85' lang='grc' dir='ltr'><strong>τοῦ</strong></span> <span class='ocrx_word' id='word_1_435' title='bbox 3583 2721 3830 2788; x_wconf 76' lang='grc' dir='ltr'><strong>στρέψαι,</strong></span> <span class='ocrx_word' id='word_1_436' title='bbox 3869 2742 3889 2771; x_wconf 75' lang='grc' dir='ltr'>ι</span> <span class='ocrx_word' id='word_1_437' title='bbox 3937 2723 3999 2773; x_wconf 86' lang='grc' dir='ltr'>Τί</span> 
     </span>
    </p>
   </div>
   <div class='ocr_carea' id='block_1_57' title="bbox 2427 2809 3998 2881">
    <p class='ocr_par' dir='ltr' id='par_1_57' title="bbox 2427 2809 3998 2881">
     <span class='ocr_line' id='line_1_57' title="bbox 2427 2809 3998 2881; baseline 0.004 -22"><span class='ocrx_word' id='word_1_438' title='bbox 2427 2825 2493 2877; x_wconf 90' lang='grc' dir='ltr'><strong>με</strong></span> <span class='ocrx_word' id='word_1_439' title='bbox 2521 2809 2697 2878; x_wconf 79' lang='grc' dir='ltr'>δέρεις</span> <span class='ocrx_word' id='word_1_440' title='bbox 2727 2828 2741 2875; x_wconf 86' lang='grc'>;</span> <span class='ocrx_word' id='word_1_441' title='bbox 2769 2831 2789 2862; x_wconf 72' lang='grc' dir='ltr'><strong>ι</strong></span> <span class='ocrx_word' id='word_1_442' title='bbox 2824 2812 3120 2878; x_wconf 69' lang='grc' dir='ltr'>ἠμείψατο.</span> <span class='ocrx_word' id='word_1_443' title='bbox 3152 2813 3417 2881; x_wconf 72' lang='grc' dir='ltr'>Οὐδαμῶς</span> <span class='ocrx_word' id='word_1_444' title='bbox 3437 2853 3450 2876; x_wconf 97' lang='grc'><strong>,</strong></span> <span class='ocrx_word' id='word_1_445' title='bbox 3484 2814 3558 2876; x_wconf 83' lang='grc' dir='ltr'>ὡς</span> <span class='ocrx_word' id='word_1_446' title='bbox 3611 2814 3676 2865; x_wconf 88' lang='grc' dir='ltr'>ἀν</span> <span class='ocrx_word' id='word_1_447' title='bbox 3704 2817 3780 2875; x_wconf 89' lang='grc' dir='ltr'>εἰς</span> <span class='ocrx_word' id='word_1_448' title='bbox 3805 2815 3864 2865; x_wconf 82' lang='grc' dir='ltr'><strong>τὸ</strong></span> <span class='ocrx_word' id='word_1_449' title='bbox 3894 2817 3998 2866; x_wconf 82' lang='grc' dir='ltr'><strong>ἀπ-</strong></span> 
     </span>
    </p>
   </div>
   <div class='ocr_carea' id='block_1_58' title="bbox 2424 2901 3999 2973">
    <p class='ocr_par' dir='ltr' id='par_1_58' title="bbox 2424 2901 3999 2973">
     <span class='ocr_line' id='line_1_58' title="bbox 2424 2901 3999 2973; baseline 0.004 -23"><span class='ocrx_word' id='word_1_450' title='bbox 2424 2901 2750 2966; x_wconf 72' lang='grc' dir='ltr'>ερίσκεπτον</span> <span class='ocrx_word' id='word_1_451' title='bbox 2790 2903 2901 2970; x_wconf 85' lang='grc'><strong>(19)</strong></span> <span class='ocrx_word' id='word_1_452' title='bbox 2938 2904 3303 2973; x_wconf 86' lang='grc' dir='ltr'>περιτραπείη</span> <span class='ocrx_word' id='word_1_453' title='bbox 3342 2904 3402 2954; x_wconf 86' lang='grc' dir='ltr'><strong>τὸ</strong></span> <span class='ocrx_word' id='word_1_454' title='bbox 3445 2905 3738 2973; x_wconf 80' lang='grc' dir='ltr'>περίεργον</span> <span class='ocrx_word' id='word_1_455' title='bbox 3771 2906 3885 2958; x_wconf 82' lang='grc' dir='ltr'>τῶν</span> <span class='ocrx_word' id='word_1_456' title='bbox 3918 2905 3999 2956; x_wconf 86' lang='grc' dir='ltr'><strong>λο-</strong></span> 
     </span>
    </p>
   </div>
   <div class='ocr_carea' id='block_1_59' title="bbox 2425 2994 3996 3065">
    <p class='ocr_par' dir='ltr' id='par_1_59' title="bbox 2425 2994 3996 3065">
     <span class='ocr_line' id='line_1_59' title="bbox 2425 2994 3996 3065; baseline 0.003 -21"><span class='ocrx_word' id='word_1_457' title='bbox 2425 2994 2661 3061; x_wconf 83' lang='grc' dir='ltr'>γισμῶν,</span> <span class='ocrx_word' id='word_1_458' title='bbox 2685 2998 2796 3056; x_wconf 84' lang='grc' dir='ltr'>τοῖς</span> <span class='ocrx_word' id='word_1_459' title='bbox 2819 2995 2999 3065; x_wconf 81' lang='grc' dir='ltr'>ἔργοις</span> <span class='ocrx_word' id='word_1_460' title='bbox 3025 2996 3116 3047; x_wconf 85' lang='grc' dir='ltr'><strong>τὸν</strong></span> <span class='ocrx_word' id='word_1_461' title='bbox 3146 2997 3300 3062; x_wconf 81' lang='grc' dir='ltr'>λόγον</span> <span class='ocrx_word' id='word_1_462' title='bbox 3323 2997 3433 3065; x_wconf 74' lang='lat'><strong>(‘20)</strong></span> <span class='ocrx_word' id='word_1_463' title='bbox 3457 2998 3996 3065; x_wconf 79' lang='grc' dir='ltr'>καταστρεψάμενος,</span> 
     </span>
    </p>
   </div>
   <div class='ocr_carea' id='block_1_60' title="bbox 2424 3085 3999 3161">
    <p class='ocr_par' dir='ltr' id='par_1_60' title="bbox 2424 3085 3999 3161">
     <span class='ocr_line' id='line_1_60' title="bbox 2424 3085 3999 3161; baseline 0.004 -28"><span class='ocrx_word' id='word_1_464' title='bbox 2424 3085 2624 3151; x_wconf 80' lang='grc' dir='ltr'>τρόπον</span> <span class='ocrx_word' id='word_1_465' title='bbox 2677 3085 2733 3136; x_wconf 89' lang='grc' dir='ltr'><strong>δέ</strong></span> <span class='ocrx_word' id='word_1_466' title='bbox 2796 3105 2917 3140; x_wconf 84' lang='grc' dir='ltr'>τινα</span> <span class='ocrx_word' id='word_1_467' title='bbox 2969 3089 3168 3156; x_wconf 81' lang='grc' dir='ltr'>μᾶλλον</span> <span class='ocrx_word' id='word_1_468' title='bbox 3219 3091 3321 3141; x_wconf 87' lang='grc' dir='ltr'><strong>κάν</strong></span> <span class='ocrx_word' id='word_1_469' title='bbox 3359 3093 3424 3159; x_wconf 83' lang='grc' dir='ltr'>τῇ</span> <span class='ocrx_word' id='word_1_470' title='bbox 3463 3091 3686 3161; x_wconf 78' lang='grc' dir='ltr'>τοιαύτῃ</span> <span class='ocrx_word' id='word_1_471' title='bbox 3718 3091 3918 3159; x_wconf 78' lang='grc' dir='ltr'>πράξει</span> <span class='ocrx_word' id='word_1_472' title='bbox 3940 3092 3999 3140; x_wconf 75' lang='grc' dir='ltr'><strong>τὸ</strong></span> 
     </span>
    </p>
   </div>
   <div class='ocr_carea' id='block_1_61' title="bbox 2427 3175 3996 3250">
    <p class='ocr_par' dir='ltr' id='par_1_61' title="bbox 2427 3175 3996 3250">
     <span class='ocr_line' id='line_1_61' title="bbox 2427 3175 3996 3250; baseline 0.011 -26"><span class='ocrx_word' id='word_1_473' title='bbox 2427 3175 2577 3243; x_wconf 73' lang='grc' dir='ltr'>ῥῆμα</span> <span class='ocrx_word' id='word_1_474' title='bbox 2609 3175 3066 3247; x_wconf 78' lang='grc' dir='ltr'>βεϐαιωσάμενος.</span> <span class='ocrx_word' id='word_1_475' title='bbox 3102 3182 3276 3232; x_wconf 81' lang='grc' dir='ltr'>Κάκεῖ</span> <span class='ocrx_word' id='word_1_476' title='bbox 3305 3181 3404 3248; x_wconf 81' lang='grc' dir='ltr'><strong>μὲν</strong></span> <span class='ocrx_word' id='word_1_477' title='bbox 3432 3180 3536 3250; x_wconf 74' lang='grc' dir='ltr'><strong>γὰρ</strong></span> <span class='ocrx_word' id='word_1_478' title='bbox 3583 3183 3614 3249; x_wconf 88' lang='grc' dir='ltr'><strong>ἠ</strong></span> <span class='ocrx_word' id='word_1_479' title='bbox 3676 3182 3996 3248; x_wconf 76' lang='grc' dir='ltr'>παραίνεσις</span> 
     </span>
    </p>
   </div>
   <div class='ocr_carea' id='block_1_62' title="bbox 2421 3265 3996 3340">
    <p class='ocr_par' dir='ltr' id='par_1_62' title="bbox 2421 3265 3996 3340">
     <span class='ocr_line' id='line_1_62' title="bbox 2421 3265 3996 3340; baseline 0.005 -26"><span class='ocrx_word' id='word_1_480' title='bbox 2421 3265 2522 3332; x_wconf 83' lang='grc' dir='ltr'><strong>τὴν</strong></span> <span class='ocrx_word' id='word_1_481' title='bbox 2557 3266 2849 3332; x_wconf 80' lang='grc' dir='ltr'>ἀμοιϐαίαν</span> <span class='ocrx_word' id='word_1_482' title='bbox 2887 3271 3162 3339; x_wconf 81' lang='grc' dir='ltr'>τιμωρίαν</span> <span class='ocrx_word' id='word_1_483' title='bbox 3206 3273 3590 3340; x_wconf 78' lang='grc' dir='ltr'>περιέκοπτεν,</span> <span class='ocrx_word' id='word_1_484' title='bbox 3632 3272 3702 3324; x_wconf 88' lang='grc' dir='ltr'><strong>δι’</strong></span> <span class='ocrx_word' id='word_1_485' title='bbox 3731 3268 3798 3340; x_wconf 78' lang='grc' dir='ltr'>ἧς</span> <span class='ocrx_word' id='word_1_486' title='bbox 3835 3275 3916 3334; x_wconf 87' lang='grc' dir='ltr'>εἰς</span> <span class='ocrx_word' id='word_1_487' title='bbox 3937 3275 3996 3323; x_wconf 85' lang='grc' dir='ltr'><strong>τὸ</strong></span> 
     </span>
    </p>
   </div>
   <div class='ocr_carea' id='block_1_63' title="bbox 2423 3355 3995 3430">
    <p class='ocr_par' dir='ltr' id='par_1_63' title="bbox 2423 3355 3995 3430">
     <span class='ocr_line' id='line_1_63' title="bbox 2423 3355 3995 3430; baseline 0.004 -23"><span class='ocrx_word' id='word_1_488' title='bbox 2423 3355 2701 3425; x_wconf 86' lang='grc' dir='ltr'>ἀπειρονὴ</span> <span class='ocrx_word' id='word_1_489' title='bbox 2731 3359 2918 3423; x_wconf 84' lang='grc' dir='ltr'>στάσις</span> <span class='ocrx_word' id='word_1_490' title='bbox 2948 3361 3297 3429; x_wconf 84' lang='grc' dir='ltr'>προέρχεται.</span> <span class='ocrx_word' id='word_1_491' title='bbox 3331 3363 3422 3412; x_wconf 82' lang='grc' dir='ltr'><strong>Διὸ</strong></span> <span class='ocrx_word' id='word_1_492' title='bbox 3463 3363 3562 3429; x_wconf 75' lang='grc' dir='ltr'><strong>τῆς</strong></span> <span class='ocrx_word' id='word_1_493' title='bbox 3617 3361 3844 3430; x_wconf 79' lang='grc' dir='ltr'>πρώτης</span> <span class='ocrx_word' id='word_1_494' title='bbox 3874 3365 3995 3414; x_wconf 87' lang='grc' dir='ltr'>ἀντ-</span> 
     </span>
    </p>
   </div>
   <div class='ocr_carea' id='block_1_64' title="bbox 2425 3448 3995 3512">
    <p class='ocr_par' dir='ltr' id='par_1_64' title="bbox 2425 3448 3995 3512">
     <span class='ocr_line' id='line_1_64' title="bbox 2425 3448 3995 3512; baseline 0.005 -20"><span class='ocrx_word' id='word_1_495' title='bbox 2425 3448 2816 3512; x_wconf 79' lang='grc' dir='ltr'>επιχειρήσεως</span> <span class='ocrx_word' id='word_1_496' title='bbox 2866 3449 3178 3512; x_wconf 79' lang='grc' dir='ltr'>ἐξίστασθαι</span> <span class='ocrx_word' id='word_1_497' title='bbox 3227 3449 3524 3511; x_wconf 70' lang='grc' dir='ltr'>διετάξατο.</span> <span class='ocrx_word' id='word_1_498' title='bbox 3561 3452 3673 3501; x_wconf 76' lang='grc' dir='ltr'>Καὶ</span> <span class='ocrx_word' id='word_1_499' title='bbox 3715 3450 3810 3501; x_wconf 87' lang='grc' dir='ltr'><strong>νῦν</strong></span> <span class='ocrx_word' id='word_1_500' title='bbox 3843 3451 3899 3501; x_wconf 87' lang='grc' dir='ltr'><strong>δέ</strong></span> <span class='ocrx_word' id='word_1_501' title='bbox 3937 3452 3995 3500; x_wconf 66' lang='grc' dir='ltr'><strong>τὸ</strong></span> 
     </span>
    </p>
   </div>
   <div class='ocr_carea' id='block_1_65' title="bbox 2423 3533 3994 3609">
    <p class='ocr_par' dir='ltr' id='par_1_65' title="bbox 2423 3533 3994 3609">
     <span class='ocr_line' id='line_1_65' title="bbox 2423 3533 3994 3609; baseline 0.006 -27"><span class='ocrx_word' id='word_1_502' title='bbox 2423 3533 2554 3584; x_wconf 79' lang='grc' dir='ltr'>αὐτὸ</span> <span class='ocrx_word' id='word_1_503' title='bbox 2580 3534 2927 3605; x_wconf 77' lang='grc' dir='ltr'>διεπράξατο.</span> <span class='ocrx_word' id='word_1_504' title='bbox 2952 3540 3027 3590; x_wconf 74' lang='grc' dir='ltr'><strong>Οὐ</strong></span> <span class='ocrx_word' id='word_1_505' title='bbox 3055 3540 3164 3608; x_wconf 85' lang='grc' dir='ltr'><strong>γάρ</strong></span> <span class='ocrx_word' id='word_1_506' title='bbox 3195 3540 3410 3608; x_wconf 83' lang='grc' dir='ltr'>ἀμύνης</span> <span class='ocrx_word' id='word_1_507' title='bbox 3456 3543 3598 3609; x_wconf 80' lang='grc' dir='ltr'><strong>χειρὶ</strong></span> <span class='ocrx_word' id='word_1_508' title='bbox 3630 3541 3730 3609; x_wconf 83' lang='grc' dir='ltr'>τὴν</span> <span class='ocrx_word' id='word_1_509' title='bbox 3765 3543 3994 3608; x_wconf 72' lang='grc' dir='ltr'>ῥαπίσα-</span> 
     </span>
    </p>
   </div>
   <div class='ocr_carea' id='block_1_66' title="bbox 749 3622 2325 3701">
    <p class='ocr_par' dir='ltr' id='par_1_66' title="bbox 749 3622 2318 3696">
     <span class='ocr_line' id='line_1_66' title="bbox 749 3622 2318 3696; baseline -0.003 -15"><span class='ocrx_word' id='word_1_510' title='bbox 749 3631 942 3683; x_wconf 88' lang='lat' dir='ltr'><strong>nltrice</strong></span> <span class='ocrx_word' id='word_1_511' title='bbox 977 3643 1140 3681; x_wconf 90' lang='lat' dir='ltr'><strong>manu</strong></span> <span class='ocrx_word' id='word_1_512' title='bbox 1201 3628 1440 3696; x_wconf 67' lang='lat' dir='ltr'><strong>injuriae,</strong></span> <span class='ocrx_word' id='word_1_513' title='bbox 1494 3641 1527 3679; x_wconf 93' lang='lat' dir='ltr'><strong>a</strong></span> <span class='ocrx_word' id='word_1_514' title='bbox 1583 3625 1942 3694; x_wconf 89' lang='lat' dir='ltr'><strong>percutientis</strong></span> <span class='ocrx_word' id='word_1_515' title='bbox 2007 3624 2098 3676; x_wconf 90' lang='lat' dir='ltr'><strong>illa</strong></span> <span class='ocrx_word' id='word_1_516' title='bbox 2143 3622 2318 3688; x_wconf 61' lang='lat' dir='ltr'><strong>factae,</strong></span> 
     </span>
    </p>
   </div>
   <div class='ocr_carea' id='block_1_67' title="bbox 2422 3622 3995 3701">
    <p class='ocr_par' dir='ltr' id='par_1_67' title="bbox 2429 3625 3995 3701">
     <span class='ocr_line' id='line_1_67' title="bbox 2429 3625 3995 3701; baseline 0.005 -28"><span class='ocrx_word' id='word_1_517' title='bbox 2429 3639 2527 3674; x_wconf 93' lang='grc' dir='ltr'><strong>σαν</strong></span> <span class='ocrx_word' id='word_1_518' title='bbox 2553 3625 2652 3692; x_wconf 77' lang='grc' dir='ltr'>τῆς</span> <span class='ocrx_word' id='word_1_519' title='bbox 2680 3626 2889 3695; x_wconf 73' lang='grc' dir='ltr'>ὕϐρεως</span> <span class='ocrx_word' id='word_1_520' title='bbox 2929 3627 3087 3696; x_wconf 83' lang='grc' dir='ltr'>δίκην</span> <span class='ocrx_word' id='word_1_521' title='bbox 3129 3631 3515 3698; x_wconf 75' lang='grc' dir='ltr'>εἰσεπράξατο,</span> <span class='ocrx_word' id='word_1_522' title='bbox 3569 3632 3913 3701; x_wconf 74' lang='grc' dir='ltr'>δικαιολογία</span> <span class='ocrx_word' id='word_1_523' title='bbox 3943 3633 3995 3682; x_wconf 66' lang='grc' dir='ltr'><strong>δὲ</strong></span> 
     </span>
    </p>
   </div>
   <div class='ocr_carea' id='block_1_68' title="bbox 747 3716 2320 3793">
    <p class='ocr_par' dir='ltr' id='par_1_68' title="bbox 747 3716 2320 3793">
     <span class='ocr_line' id='line_1_68' title="bbox 747 3716 2320 3793; baseline -0.005 -18"><span class='ocrx_word' id='word_1_524' title='bbox 747 3737 940 3793; x_wconf 61' lang='lat' dir='ltr'><strong>pinnas</strong></span> <span class='ocrx_word' id='word_1_525' title='bbox 964 3720 1198 3788; x_wconf 88' lang='lat' dir='ltr'><strong>repetiit,</strong></span> <span class='ocrx_word' id='word_1_526' title='bbox 1246 3720 1341 3773; x_wconf 92' lang='lat' dir='ltr'><strong>sed</strong></span> <span class='ocrx_word' id='word_1_527' title='bbox 1377 3718 1434 3770; x_wconf 92' lang='lat' dir='ltr'><strong>in</strong></span> <span class='ocrx_word' id='word_1_528' title='bbox 1469 3717 1548 3771; x_wconf 88' lang='lat' dir='ltr'><strong>rei</strong></span> <span class='ocrx_word' id='word_1_529' title='bbox 1575 3716 1972 3785; x_wconf 82' lang='lat' dir='ltr'><strong>indignitatem,</strong></span> <span class='ocrx_word' id='word_1_530' title='bbox 1996 3728 2178 3769; x_wconf 71' lang='lat' dir='ltr'><strong>causa:</strong></span> <span class='ocrx_word' id='word_1_531' title='bbox 2205 3727 2320 3767; x_wconf 75' lang='lat' dir='ltr'><strong>sua:</strong></span> 
     </span>
    </p>
   </div>
   <div class='ocr_carea' id='block_1_69' title="bbox 747 3809 2036 3886">
    <p class='ocr_par' dir='ltr' id='par_1_69' title="bbox 747 3809 2036 3886">
     <span class='ocr_line' id='line_1_69' title="bbox 747 3809 2036 3886; baseline -0.005 -16"><span class='ocrx_word' id='word_1_532' title='bbox 747 3816 1144 3886; x_wconf 89' lang='lat' dir='ltr'><strong>patrocinatus,</strong></span> <span class='ocrx_word' id='word_1_533' title='bbox 1183 3812 1365 3866; x_wconf 83' lang='lat' dir='ltr'><strong>verbis</strong></span> <span class='ocrx_word' id='word_1_534' title='bbox 1395 3820 1604 3864; x_wconf 90' lang='lat' dir='ltr'><strong>tantum</strong></span> <span class='ocrx_word' id='word_1_535' title='bbox 1633 3809 2036 3863; x_wconf 84' lang='lat' dir='ltr'><strong>animadvertit.</strong></span> 
     </span>
    </p>
   </div>
   <div class='ocr_carea' id='block_1_70' title="bbox 819 3903 2321 3976">
    <p class='ocr_par' dir='ltr' id='par_1_70' title="bbox 819 3903 2321 3976">
     <span class='ocr_line' id='line_1_70' title="bbox 819 3903 2321 3976; baseline -0.004 -14"><span class='ocrx_word' id='word_1_536' title='bbox 819 3907 1055 3976; x_wconf 82' lang='lat' dir='ltr'><strong>Propius</strong></span> <span class='ocrx_word' id='word_1_537' title='bbox 1108 3920 1236 3960; x_wconf 88' lang='lat' dir='ltr'><strong>vero</strong></span> <span class='ocrx_word' id='word_1_538' title='bbox 1267 3904 1380 3966; x_wconf 89' lang='lat' dir='ltr'><strong>illa,</strong></span> <span class='ocrx_word' id='word_1_539' title='bbox 1430 3917 1553 3972; x_wconf 75' lang='lat' dir='ltr'><strong>qua:</strong></span> <span class='ocrx_word' id='word_1_540' title='bbox 1609 3903 1712 3957; x_wconf 83' lang='lat' dir='ltr'><strong>sibi</strong></span> <span class='ocrx_word' id='word_1_541' title='bbox 1755 3903 1984 3956; x_wconf 88' lang='lat' dir='ltr'><strong>invicem</strong></span> <span class='ocrx_word' id='word_1_542' title='bbox 2019 3916 2321 3972; x_wconf 80' lang='lat' dir='ltr'><strong>repugnare</strong></span> 
     </span>
    </p>
   </div>
   <div class='ocr_carea' id='block_1_71' title="bbox 747 3993 2322 4070">
    <p class='ocr_par' dir='ltr' id='par_1_71' title="bbox 747 3993 2322 4070">
     <span class='ocr_line' id='line_1_71' title="bbox 747 3993 2322 4070; baseline -0.004 -18"><span class='ocrx_word' id='word_1_543' title='bbox 747 4009 1028 4070; x_wconf 87' lang='lat' dir='ltr'><strong>putantur,</strong></span> <span class='ocrx_word' id='word_1_544' title='bbox 1069 3997 1142 4050; x_wconf 88' lang='lat' dir='ltr'><strong>ita</strong></span> <span class='ocrx_word' id='word_1_545' title='bbox 1177 3994 1636 4049; x_wconf 88' lang='lat' dir='ltr'><strong>conciliabuntur.</strong></span> <span class='ocrx_word' id='word_1_546' title='bbox 1697 3993 1774 4047; x_wconf 91' lang='lat' dir='ltr'><strong>lbi</strong></span> <span class='ocrx_word' id='word_1_547' title='bbox 1807 3993 2015 4046; x_wconf 91' lang='lat' dir='ltr'><strong>scilicet</strong></span> <span class='ocrx_word' id='word_1_548' title='bbox 2045 3993 2152 4046; x_wconf 91' lang='lat' dir='ltr'><strong>illis</strong></span> <span class='ocrx_word' id='word_1_549' title='bbox 2176 4002 2322 4045; x_wconf 91' lang='lat' dir='ltr'><strong>vetat</strong></span> 
     </span>
    </p>
   </div>
   <div class='ocr_carea' id='block_1_72' title="bbox 749 4083 2318 4155">
    <p class='ocr_par' dir='ltr' id='par_1_72' title="bbox 749 4083 2318 4155">
     <span class='ocr_line' id='line_1_72' title="bbox 749 4083 2318 4155; baseline -0.006 -12"><span class='ocrx_word' id='word_1_550' title='bbox 749 4089 1026 4150; x_wconf 89' lang='lat' dir='ltr'><strong>resistere,</strong></span> <span class='ocrx_word' id='word_1_551' title='bbox 1085 4087 1180 4155; x_wconf 89' lang='lat' dir='ltr'><strong>qui</strong></span> <span class='ocrx_word' id='word_1_552' title='bbox 1237 4086 1290 4138; x_wconf 96' lang='lat' dir='ltr'><strong>in</strong></span> <span class='ocrx_word' id='word_1_553' title='bbox 1334 4099 1536 4153; x_wconf 88' lang='lat' dir='ltr'><strong>corpus</strong></span> <span class='ocrx_word' id='word_1_554' title='bbox 1565 4093 1621 4139; x_wconf 91' lang='lat' dir='ltr'><strong>et</strong></span> <span class='ocrx_word' id='word_1_555' title='bbox 1663 4098 1748 4148; x_wconf 90' lang='lat' dir='ltr'><strong>ea,</strong></span> <span class='ocrx_word' id='word_1_556' title='bbox 1781 4097 1904 4153; x_wconf 76' lang='lat' dir='ltr'><strong>quae</strong></span> <span class='ocrx_word' id='word_1_557' title='bbox 1948 4083 2091 4136; x_wconf 90' lang='lat' dir='ltr'><strong>circa</strong></span> <span class='ocrx_word' id='word_1_558' title='bbox 2114 4097 2318 4150; x_wconf 86' lang='lat' dir='ltr'><strong>corpus</strong></span> 
     </span>
    </p>
   </div>
   <div class='ocr_carea' id='block_1_73' title="bbox 745 4173 2320 4247">
    <p class='ocr_par' dir='ltr' id='par_1_73' title="bbox 745 4173 2320 4247">
     <span class='ocr_line' id='line_1_73' title="bbox 745 4173 2320 4247; baseline -0.008 -11"><span class='ocrx_word' id='word_1_559' title='bbox 745 4188 897 4244; x_wconf 84' lang='lat' dir='ltr'><strong>sunt,</strong></span> <span class='ocrx_word' id='word_1_560' title='bbox 933 4178 1168 4247; x_wconf 86' lang='lat' dir='ltr'><strong>injurias</strong></span> <span class='ocrx_word' id='word_1_561' title='bbox 1195 4191 1255 4231; x_wconf 88' lang='lat' dir='ltr'><strong>se</strong></span> <span class='ocrx_word' id='word_1_562' title='bbox 1292 4185 1574 4245; x_wconf 66' lang='lat' dir='ltr'><strong>praestant.</strong></span> <span class='ocrx_word' id='word_1_563' title='bbox 1632 4173 1732 4230; x_wconf 84' lang='lat' dir='ltr'><strong>Hie</strong></span> <span class='ocrx_word' id='word_1_564' title='bbox 1761 4189 1890 4229; x_wconf 87' lang='lat' dir='ltr'><strong>vero</strong></span> <span class='ocrx_word' id='word_1_565' title='bbox 1926 4174 2032 4227; x_wconf 90' lang='lat' dir='ltr'><strong>nisi</strong></span> <span class='ocrx_word' id='word_1_566' title='bbox 2056 4174 2320 4226; x_wconf 71' lang='lat' dir='ltr'><strong>crimina~</strong></span> 
     </span>
    </p>
   </div>
   <div class='ocr_carea' id='block_1_74' title="bbox 747 4265 2317 4338">
    <p class='ocr_par' dir='ltr' id='par_1_74' title="bbox 747 4265 2317 4338">
     <span class='ocr_line' id='line_1_74' title="bbox 747 4265 2317 4338; baseline -0.003 -14"><span class='ocrx_word' id='word_1_567' title='bbox 747 4273 980 4330; x_wconf 89' lang='lat' dir='ltr'><strong>tionem,</strong></span> <span class='ocrx_word' id='word_1_568' title='bbox 1035 4269 1195 4337; x_wconf 90' lang='lat' dir='ltr'><strong>quasi</strong></span> <span class='ocrx_word' id='word_1_569' title='bbox 1261 4276 1596 4338; x_wconf 82' lang='lat' dir='ltr'><strong>perverteret</strong></span> <span class='ocrx_word' id='word_1_570' title='bbox 1644 4276 1699 4321; x_wconf 89' lang='lat' dir='ltr'><strong>et</strong></span> <span class='ocrx_word' id='word_1_571' title='bbox 1730 4267 2010 4321; x_wconf 85' lang='lat' dir='ltr'><strong>seduceret</strong></span> <span class='ocrx_word' id='word_1_572' title='bbox 2045 4265 2317 4328; x_wconf 90' lang='lat' dir='ltr'><strong>homines,</strong></span> 
     </span>
    </p>
   </div>
   <div class='ocr_carea' id='block_1_75' title="bbox 746 4357 2317 4429">
    <p class='ocr_par' dir='ltr' id='par_1_75' title="bbox 746 4357 2317 4429">
     <span class='ocr_line' id='line_1_75' title="bbox 746 4357 2317 4429; baseline -0.001 -17"><span class='ocrx_word' id='word_1_573' title='bbox 746 4375 885 4429; x_wconf 86' lang='lat' dir='ltr'><strong>quos</strong></span> <span class='ocrx_word' id='word_1_574' title='bbox 924 4362 1041 4428; x_wconf 88' lang='lat' dir='ltr'><strong>ipse</strong></span> <span class='ocrx_word' id='word_1_575' title='bbox 1083 4359 1226 4411; x_wconf 89' lang='lat' dir='ltr'><strong>male</strong></span> <span class='ocrx_word' id='word_1_576' title='bbox 1269 4358 1489 4411; x_wconf 90' lang='lat' dir='ltr'><strong>habitus</strong></span> <span class='ocrx_word' id='word_1_577' title='bbox 1516 4369 1662 4412; x_wconf 88' lang='lat' dir='ltr'><strong>recte</strong></span> <span class='ocrx_word' id='word_1_578' title='bbox 1702 4357 1934 4411; x_wconf 90' lang='lat' dir='ltr'><strong>ducebat</strong></span> <span class='ocrx_word' id='word_1_579' title='bbox 1956 4367 2010 4411; x_wconf 90' lang='lat' dir='ltr'><strong>et</strong></span> <span class='ocrx_word' id='word_1_580' title='bbox 2047 4357 2317 4420; x_wconf 81' lang='lat' dir='ltr'><strong>servabat,</strong></span> 
     </span>
    </p>
   </div>
   <div class='ocr_carea' id='block_1_76' title="bbox 746 4447 2317 4516">
    <p class='ocr_par' dir='ltr' id='par_1_76' title="bbox 746 4447 2317 4516">
     <span class='ocr_line' id='line_1_76' title="bbox 746 4447 2317 4516; baseline -0.001 -12"><span class='ocrx_word' id='word_1_581' title='bbox 746 4451 831 4504; x_wconf 89' lang='lat' dir='ltr'><strong>vel</strong></span> <span class='ocrx_word' id='word_1_582' title='bbox 872 4450 1052 4504; x_wconf 87' lang='lat' dir='ltr'><strong>verbis</strong></span> <span class='ocrx_word' id='word_1_583' title='bbox 1084 4449 1296 4502; x_wconf 91' lang='lat' dir='ltr'><strong>amoliri</strong></span> <span class='ocrx_word' id='word_1_584' title='bbox 1325 4449 1674 4511; x_wconf 84' lang='lat' dir='ltr'><strong>instituisset,</strong></span> <span class='ocrx_word' id='word_1_585' title='bbox 1710 4448 1930 4516; x_wconf 91' lang='lat' dir='ltr'><strong>quando</strong></span> <span class='ocrx_word' id='word_1_586' title='bbox 1954 4447 2317 4502; x_wconf 88' lang='lat' dir='ltr'><strong>calumniato-</strong></span> 
     </span>
    </p>
   </div>
   <div class='ocr_carea' id='block_1_77' title="bbox 747 4539 2316 4608">
    <p class='ocr_par' dir='ltr' id='par_1_77' title="bbox 747 4539 2316 4608">
     <span class='ocr_line' id='line_1_77' title="bbox 747 4539 2316 4608; baseline -0.001 -14"><span class='ocrx_word' id='word_1_587' title='bbox 747 4554 839 4594; x_wconf 87' lang='lat' dir='ltr'><strong>res</strong></span> <span class='ocrx_word' id='word_1_588' title='bbox 863 4541 938 4594; x_wconf 92' lang='lat' dir='ltr'><strong>illi</strong></span> <span class='ocrx_word' id='word_1_589' title='bbox 970 4555 1070 4594; x_wconf 90' lang='lat' dir='ltr'><strong>sua</strong></span> <span class='ocrx_word' id='word_1_590' title='bbox 1101 4539 1347 4608; x_wconf 86' lang='lat' dir='ltr'><strong>colaphis</strong></span> <span class='ocrx_word' id='word_1_591' title='bbox 1375 4539 1594 4594; x_wconf 81' lang='lat' dir='ltr'><strong>ﬁrmare</strong></span> <span class='ocrx_word' id='word_1_592' title='bbox 1618 4539 1926 4604; x_wconf 88' lang='lat' dir='ltr'><strong>audebant;</strong></span> <span class='ocrx_word' id='word_1_593' title='bbox 1957 4539 2064 4593; x_wconf 88' lang='lat' dir='ltr'><strong>illis</strong></span> <span class='ocrx_word' id='word_1_594' title='bbox 2099 4539 2316 4607; x_wconf 89' lang='lat' dir='ltr'><strong>quidem</strong></span> 
     </span>
    </p>
   </div>
   <div class='ocr_carea' id='block_1_78' title="bbox 747 4629 2319 4698">
    <p class='ocr_par' dir='ltr' id='par_1_78' title="bbox 747 4629 2319 4698">
     <span class='ocr_line' id='line_1_78' title="bbox 747 4629 2319 4698; baseline -0.002 -12"><span class='ocrx_word' id='word_1_595' title='bbox 747 4633 978 4688; x_wconf 89' lang='lat' dir='ltr'><strong>liberam</strong></span> <span class='ocrx_word' id='word_1_596' title='bbox 1043 4630 1374 4685; x_wconf 87' lang='lat' dir='ltr'><strong>criminandi</strong></span> <span class='ocrx_word' id='word_1_597' title='bbox 1436 4638 1755 4698; x_wconf 86' lang='lat' dir='ltr'><strong>potestatem</strong></span> <span class='ocrx_word' id='word_1_598' title='bbox 1830 4629 2070 4695; x_wconf 76' lang='lat' dir='ltr'><strong>fecisset,</strong></span> <span class='ocrx_word' id='word_1_599' title='bbox 2127 4637 2204 4694; x_wconf 85' lang='lat' dir='ltr'><strong>et,</strong></span> <span class='ocrx_word' id='word_1_600' title='bbox 2262 4638 2319 4683; x_wconf 91' lang='lat' dir='ltr'><strong>ut</strong></span> 
     </span>
    </p>
   </div>
   <div class='ocr_carea' id='block_1_79' title="bbox 748 4719 2318 4794">
    <p class='ocr_par' dir='ltr' id='par_1_79' title="bbox 748 4719 2318 4794">
     <span class='ocr_line' id='line_1_79' title="bbox 748 4719 2318 4794; baseline -0.002 -17"><span class='ocrx_word' id='word_1_601' title='bbox 748 4723 936 4794; x_wconf 88' lang='lat' dir='ltr'><strong>pejora</strong></span> <span class='ocrx_word' id='word_1_602' title='bbox 989 4721 1275 4786; x_wconf 89' lang='lat' dir='ltr'><strong>auderent,</strong></span> <span class='ocrx_word' id='word_1_603' title='bbox 1335 4731 1530 4774; x_wconf 91' lang='lat' dir='ltr'><strong>auctor</strong></span> <span class='ocrx_word' id='word_1_604' title='bbox 1573 4719 1785 4785; x_wconf 77' lang='lat' dir='ltr'><strong>fuisset,</strong></span> <span class='ocrx_word' id='word_1_605' title='bbox 1836 4735 1897 4775; x_wconf 90' lang='lat' dir='ltr'><strong>se</strong></span> <span class='ocrx_word' id='word_1_606' title='bbox 1927 4720 2106 4789; x_wconf 89' lang='lat' dir='ltr'><strong>ipsum</strong></span> <span class='ocrx_word' id='word_1_607' title='bbox 2135 4734 2318 4774; x_wconf 90' lang='lat' dir='ltr'><strong>veroa</strong></span> 
     </span>
    </p>
   </div>
   <div class='ocr_carea' id='block_1_80' title="bbox 747 4808 2316 4878">
    <p class='ocr_par' dir='ltr' id='par_1_80' title="bbox 747 4808 2316 4878">
     <span class='ocr_line' id='line_1_80' title="bbox 747 4808 2316 4878; baseline -0.003 -12"><span class='ocrx_word' id='word_1_608' title='bbox 747 4811 1020 4866; x_wconf 87' lang='lat' dir='ltr'><strong>calumnia</strong></span> <span class='ocrx_word' id='word_1_609' title='bbox 1071 4809 1160 4863; x_wconf 87' lang='lat' dir='ltr'><strong>illa</strong></span> <span class='ocrx_word' id='word_1_610' title='bbox 1211 4820 1267 4864; x_wconf 91' lang='lat' dir='ltr'><strong>ct</strong></span> <span class='ocrx_word' id='word_1_611' title='bbox 1308 4809 1626 4872; x_wconf 86' lang='lat' dir='ltr'><strong>mendaciis,</strong></span> <span class='ocrx_word' id='word_1_612' title='bbox 1689 4823 1813 4877; x_wconf 64' lang='lat' dir='ltr'><strong>qua:</strong></span> <span class='ocrx_word' id='word_1_613' title='bbox 1846 4809 2009 4877; x_wconf 89' lang='lat' dir='ltr'><strong>impie</strong></span> <span class='ocrx_word' id='word_1_614' title='bbox 2051 4808 2103 4860; x_wconf 93' lang='lat' dir='ltr'><strong>in</strong></span> <span class='ocrx_word' id='word_1_615' title='bbox 2136 4809 2316 4878; x_wconf 88' lang='lat' dir='ltr'><strong>ipsum</strong></span> 
     </span>
    </p>
   </div>
   <div class='ocr_carea' id='block_1_81' title="bbox 2425 3714 3534 3791">
    <p class='ocr_par' dir='ltr' id='par_1_81' title="bbox 2425 3714 3534 3791">
     <span class='ocr_line' id='line_1_81' title="bbox 2425 3714 3534 3791; baseline 0.008 -25"><span class='ocrx_word' id='word_1_616' title='bbox 2425 3714 2561 3786; x_wconf 80' lang='grc' dir='ltr'>μόνῃ</span> <span class='ocrx_word' id='word_1_617' title='bbox 2591 3718 2849 3784; x_wconf 75' lang='grc' dir='ltr'>ῥημάτων</span> <span class='ocrx_word' id='word_1_618' title='bbox 2871 3717 2968 3787; x_wconf 80' lang='grc' dir='ltr'><strong>τὴν</strong></span> <span class='ocrx_word' id='word_1_619' title='bbox 2999 3719 3213 3773; x_wconf 81' lang='grc' dir='ltr'>ἀδικίαν</span> <span class='ocrx_word' id='word_1_620' title='bbox 3236 3721 3534 3791; x_wconf 79' lang='grc' dir='ltr'>διήλεγξεν.</span> 
     </span>
    </p>
   </div>
   <div class='ocr_carea' id='block_1_82' title="bbox 2502 3894 3992 3974">
    <p class='ocr_par' dir='ltr' id='par_1_82' title="bbox 2502 3894 3992 3974">
     <span class='ocr_line' id='line_1_82' title="bbox 2502 3894 3992 3974; baseline 0.008 -30"><span class='ocrx_word' id='word_1_621' title='bbox 2502 3894 2718 3965; x_wconf 85' lang='grc' dir='ltr'>’Λχθείη</span> <span class='ocrx_word' id='word_1_622' title='bbox 2746 3895 2791 3948; x_wconf 85' lang='grc' dir='ltr'>δ’</span> <span class='ocrx_word' id='word_1_623' title='bbox 2835 3897 2900 3949; x_wconf 89' lang='grc' dir='ltr'>ἀν</span> <span class='ocrx_word' id='word_1_624' title='bbox 2932 3899 3259 3970; x_wconf 76' lang='grc' dir='ltr'>οἰκειότερον</span> <span class='ocrx_word' id='word_1_625' title='bbox 3289 3903 3370 3964; x_wconf 80' lang='grc' dir='ltr'><strong>είς</strong></span> <span class='ocrx_word' id='word_1_626' title='bbox 3416 3905 3737 3972; x_wconf 72' lang='grc' dir='ltr'>συμφωνίαν</span> <span class='ocrx_word' id='word_1_627' title='bbox 3792 3905 3992 3974; x_wconf 74' lang='grc' dir='ltr'>μᾶλλον</span> 
     </span>
    </p>
   </div>
   <div class='ocr_carea' id='block_1_83' title="bbox 2421 3986 3992 4065">
    <p class='ocr_par' dir='ltr' id='par_1_83' title="bbox 2421 3986 3992 4065">
     <span class='ocr_line' id='line_1_83' title="bbox 2421 3986 3992 4065; baseline 0.009 -29"><span class='ocrx_word' id='word_1_628' title='bbox 2421 3986 2479 4037; x_wconf 87' lang='grc' dir='ltr'><strong>τὸ</strong></span> <span class='ocrx_word' id='word_1_629' title='bbox 2505 3988 2759 4055; x_wconf 80' lang='grc' dir='ltr'>νομισθὲν</span> <span class='ocrx_word' id='word_1_630' title='bbox 2799 3990 3287 4059; x_wconf 79' lang='grc' dir='ltr'>ἀντιφθέγγεσθαι,</span> <span class='ocrx_word' id='word_1_631' title='bbox 3340 3996 3424 4047; x_wconf 81' lang='grc' dir='ltr'><strong>ὅτι</strong></span> <span class='ocrx_word' id='word_1_632' title='bbox 3454 3996 3574 4046; x_wconf 87' lang='grc' dir='ltr'>ἐκεῖ</span> <span class='ocrx_word' id='word_1_633' title='bbox 3599 3997 3699 4065; x_wconf 83' lang='grc' dir='ltr'><strong>μὲν</strong></span> <span class='ocrx_word' id='word_1_634' title='bbox 3745 4001 3857 4060; x_wconf 84' lang='grc' dir='ltr'>τοῖς</span> <span class='ocrx_word' id='word_1_635' title='bbox 3883 4000 3992 4052; x_wconf 80' lang='grc' dir='ltr'>ἀδι-</span> 
     </span>
    </p>
   </div>
   <div class='ocr_carea' id='block_1_84' title="bbox 2423 4076 3993 4159">
    <p class='ocr_par' dir='ltr' id='par_1_84' title="bbox 2423 4076 3993 4159">
     <span class='ocr_line' id='line_1_84' title="bbox 2423 4076 3993 4159; baseline 0.009 -32"><span class='ocrx_word' id='word_1_636' title='bbox 2423 4076 2702 4141; x_wconf 81' lang='grc' dir='ltr'>κοῦσινείς</span> <span class='ocrx_word' id='word_1_637' title='bbox 2724 4078 2787 4130; x_wconf 85' lang='grc' dir='ltr'>τὸ</span> <span class='ocrx_word' id='word_1_638' title='bbox 2808 4081 2968 4149; x_wconf 83' lang='grc' dir='ltr'>σῶμα</span> <span class='ocrx_word' id='word_1_639' title='bbox 2992 4086 3086 4136; x_wconf 83' lang='grc' dir='ltr'><strong>καὶ</strong></span> <span class='ocrx_word' id='word_1_640' title='bbox 3115 4087 3247 4152; x_wconf 78' lang='grc' dir='ltr'>περὶ</span> <span class='ocrx_word' id='word_1_641' title='bbox 3277 4084 3438 4155; x_wconf 85' lang='grc' dir='ltr'>σῶμα</span> <span class='ocrx_word' id='word_1_642' title='bbox 3464 4088 3538 4157; x_wconf 80' lang='grc' dir='ltr'>μὴ</span> <span class='ocrx_word' id='word_1_643' title='bbox 3556 4087 3664 4139; x_wconf 83' lang='grc' dir='ltr'>δεῖν</span> <span class='ocrx_word' id='word_1_644' title='bbox 3690 4090 3993 4159; x_wconf 79' lang='grc' dir='ltr'>ἀπείρηκεν</span> 
     </span>
    </p>
   </div>
   <div class='ocr_carea' id='block_1_85' title="bbox 2422 4169 3993 4249">
    <p class='ocr_par' dir='ltr' id='par_1_85' title="bbox 2422 4169 3993 4249">
     <span class='ocr_line' id='line_1_85' title="bbox 2422 4169 3993 4249; baseline 0.01 -31"><span class='ocrx_word' id='word_1_645' title='bbox 2422 4169 2866 4226; x_wconf 87' lang='grc' dir='ltr'>ἀντανίστασθαι.</span> <span class='ocrx_word' id='word_1_646' title='bbox 2941 4173 3205 4227; x_wconf 81' lang='grc' dir='ltr'>Ἐνταῦθα</span> <span class='ocrx_word' id='word_1_647' title='bbox 3243 4176 3300 4228; x_wconf 85' lang='grc' dir='ltr'>δὲ</span> <span class='ocrx_word' id='word_1_648' title='bbox 3359 4178 3566 4246; x_wconf 84' lang='grc' dir='ltr'>πλάνης</span> <span class='ocrx_word' id='word_1_649' title='bbox 3619 4182 3861 4249; x_wconf 75' lang='grc' dir='ltr'>γραφὴν,</span> <span class='ocrx_word' id='word_1_650' title='bbox 3902 4185 3993 4233; x_wconf 82' lang='grc' dir='ltr'><strong>καὶ</strong></span> 
     </span>
    </p>
   </div>
   <div class='ocr_carea' id='block_1_86' title="bbox 2423 4259 3991 4337">
    <p class='ocr_par' dir='ltr' id='par_1_86' title="bbox 2423 4259 3991 4337">
     <span class='ocr_line' id='line_1_86' title="bbox 2423 4259 3991 4337; baseline 0.011 -30"><span class='ocrx_word' id='word_1_651' title='bbox 2423 4259 2625 4332; x_wconf 79' lang='grc' dir='ltr'>βλάϐης</span> <span class='ocrx_word' id='word_1_652' title='bbox 2657 4260 2981 4332; x_wconf 84' lang='grc' dir='ltr'>ἀνθρώπων,</span> <span class='ocrx_word' id='word_1_653' title='bbox 3014 4266 3106 4328; x_wconf 85' lang='grc' dir='ltr'><strong>οῦς</strong></span> <span class='ocrx_word' id='word_1_654' title='bbox 3127 4268 3328 4337; x_wconf 80' lang='grc' dir='ltr'>ὡδήγει</span> <span class='ocrx_word' id='word_1_655' title='bbox 3371 4287 3429 4321; x_wconf 90' lang='grc' dir='ltr'><strong>τε</strong></span> <span class='ocrx_word' id='word_1_656' title='bbox 3463 4273 3555 4322; x_wconf 79' lang='grc' dir='ltr'><strong>καὶ</strong></span> <span class='ocrx_word' id='word_1_657' title='bbox 3590 4271 3837 4334; x_wconf 69' lang='grc' dir='ltr'>διέσωζε,</span> <span class='ocrx_word' id='word_1_658' title='bbox 3871 4273 3991 4324; x_wconf 71' lang='grc' dir='ltr'>διω-</span> 
     </span>
    </p>
   </div>
   <div class='ocr_carea' id='block_1_87' title="bbox 2421 4353 3979 4431">
    <p class='ocr_par' dir='ltr' id='par_1_87' title="bbox 2421 4353 3979 4431">
     <span class='ocr_line' id='line_1_87' title="bbox 2421 4353 3979 4431; baseline 0.009 -28"><span class='ocrx_word' id='word_1_659' title='bbox 2421 4353 2672 4422; x_wconf 85' lang='grc' dir='ltr'>κόμενος,</span> <span class='ocrx_word' id='word_1_660' title='bbox 2741 4357 2790 4405; x_wconf 80' lang='grc' dir='ltr'>εξ</span> <span class='ocrx_word' id='word_1_661' title='bbox 2830 4356 2967 4426; x_wconf 87' lang='grc' dir='ltr'>μηδὲ</span> <span class='ocrx_word' id='word_1_662' title='bbox 2992 4360 3201 4426; x_wconf 75' lang='grc' dir='ltr'>ῥήμασι</span> <span class='ocrx_word' id='word_1_663' title='bbox 3223 4360 3480 4431; x_wconf 82' lang='grc' dir='ltr'>διανέστη</span> <span class='ocrx_word' id='word_1_664' title='bbox 3511 4363 3794 4427; x_wconf 83' lang='grc' dir='ltr'>λύσασθαι,</span> <span class='ocrx_word' id='word_1_665' title='bbox 3824 4365 3860 4416; x_wconf 87' lang='grc' dir='ltr'>ἀ</span> <span class='ocrx_word' id='word_1_666' title='bbox 3888 4383 3979 4417; x_wconf 88' lang='grc' dir='ltr'>κα-</span> 
     </span>
    </p>
   </div>
   <div class='ocr_carea' id='block_1_88' title="bbox 2418 4445 3988 4522">
    <p class='ocr_par' dir='ltr' id='par_1_88' title="bbox 2418 4445 3988 4522">
     <span class='ocr_line' id='line_1_88' title="bbox 2418 4445 3988 4522; baseline 0.01 -28"><span class='ocrx_word' id='word_1_667' title='bbox 2418 4445 2776 4508; x_wconf 80' lang='grc' dir='ltr'>τασκευάζειν</span> <span class='ocrx_word' id='word_1_668' title='bbox 2833 4450 2946 4510; x_wconf 81' lang='grc' dir='ltr'>τοῖς</span> <span class='ocrx_word' id='word_1_669' title='bbox 3015 4451 3361 4520; x_wconf 80' lang='grc' dir='ltr'>ῥαπίσμασιν</span> <span class='ocrx_word' id='word_1_670' title='bbox 3422 4456 3470 4505; x_wconf 92' lang='grc' dir='ltr'>οί</span> <span class='ocrx_word' id='word_1_671' title='bbox 3527 4455 3988 4522; x_wconf 62' lang='grc' dir='ltr'>συκοῳαντοῦντες</span> 
     </span>
    </p>
   </div>
   <div class='ocr_carea' id='block_1_89' title="bbox 2420 4536 3988 4612">
    <p class='ocr_par' dir='ltr' id='par_1_89' title="bbox 2420 4536 3988 4612">
     <span class='ocr_line' id='line_1_89' title="bbox 2420 4536 3988 4612; baseline 0.008 -27"><span class='ocrx_word' id='word_1_672' title='bbox 2420 4536 2857 4606; x_wconf 79' lang='grc' dir='ltr'>ἐμηχανήσαντο,</span> <span class='ocrx_word' id='word_1_673' title='bbox 2886 4541 3134 4604; x_wconf 79' lang='grc' dir='ltr'>ἐκείνους</span> <span class='ocrx_word' id='word_1_674' title='bbox 3181 4543 3280 4612; x_wconf 84' lang='grc' dir='ltr'>μὲν</span> <span class='ocrx_word' id='word_1_675' title='bbox 3303 4545 3383 4606; x_wconf 90' lang='grc' dir='ltr'>εἰς</span> <span class='ocrx_word' id='word_1_676' title='bbox 3408 4545 3601 4611; x_wconf 65' lang='grc' dir='ltr'>ἄφεσιν</span> <span class='ocrx_word' id='word_1_677' title='bbox 3631 4545 3869 4598; x_wconf 82' lang='grc' dir='ltr'>ἀπέλυεν</span> <span class='ocrx_word' id='word_1_678' title='bbox 3898 4545 3988 4598; x_wconf 85' lang='grc' dir='ltr'><strong>τοῦ</strong></span> 
     </span>
    </p>
   </div>
   <div class='ocr_carea' id='block_1_90' title="bbox 2421 4628 3990 4707">
    <p class='ocr_par' dir='ltr' id='par_1_90' title="bbox 2421 4628 3990 4707">
     <span class='ocr_line' id='line_1_90' title="bbox 2421 4628 3990 4707; baseline 0.009 -30"><span class='ocrx_word' id='word_1_679' title='bbox 2421 4628 2789 4697; x_wconf 82' lang='grc' dir='ltr'>ἐγκλήματος,</span> <span class='ocrx_word' id='word_1_680' title='bbox 2826 4632 2919 4682; x_wconf 73' lang='grc' dir='ltr'><strong>καὶ</strong></span> <span class='ocrx_word' id='word_1_681' title='bbox 2953 4633 3088 4700; x_wconf 79' lang='grc' dir='ltr'>πρὸς</span> <span class='ocrx_word' id='word_1_682' title='bbox 3117 4634 3317 4702; x_wconf 83' lang='grc' dir='ltr'>θράσος</span> <span class='ocrx_word' id='word_1_683' title='bbox 3351 4634 3550 4703; x_wconf 78' lang='grc' dir='ltr'>μᾶλλον</span> <span class='ocrx_word' id='word_1_684' title='bbox 3579 4635 3870 4707; x_wconf 86' lang='grc' dir='ltr'>ἐπέτριϐεν</span> <span class='ocrx_word' id='word_1_685' title='bbox 3889 4637 3990 4707; x_wconf 82' lang='grc' dir='ltr'>τῆς</span> 
     </span>
    </p>
   </div>
   <div class='ocr_carea' id='block_1_91' title="bbox 2420 4721 3989 4798">
    <p class='ocr_par' dir='ltr' id='par_1_91' title="bbox 2420 4721 3989 4798">
     <span class='ocr_line' id='line_1_91' title="bbox 2420 4721 3989 4798; baseline 0.007 -26"><span class='ocrx_word' id='word_1_686' title='bbox 2420 4721 2785 4790; x_wconf 88' lang='grc' dir='ltr'>ἀνοσιότητος,</span> <span class='ocrx_word' id='word_1_687' title='bbox 2816 4722 2978 4775; x_wconf 79' lang='grc' dir='ltr'>αὑτὸν</span> <span class='ocrx_word' id='word_1_688' title='bbox 3005 4724 3061 4776; x_wconf 80' lang='grc' dir='ltr'><strong>δὲ</strong></span> <span class='ocrx_word' id='word_1_689' title='bbox 3087 4725 3183 4794; x_wconf 84' lang='grc' dir='ltr'>τῆς</span> <span class='ocrx_word' id='word_1_690' title='bbox 3217 4727 3581 4794; x_wconf 77' lang='grc' dir='ltr'>συκοφαντίας</span> <span class='ocrx_word' id='word_1_691' title='bbox 3613 4731 3708 4782; x_wconf 71' lang='grc' dir='ltr'><strong>καὶ</strong></span> <span class='ocrx_word' id='word_1_692' title='bbox 3734 4729 3830 4782; x_wconf 89' lang='grc' dir='ltr'><strong>τοῦ</strong></span> <span class='ocrx_word' id='word_1_693' title='bbox 3860 4730 3989 4798; x_wconf 76' lang='grc' dir='ltr'><strong>ψεύ-</strong></span> 
     </span>
    </p>
   </div>
   <div class='ocr_carea' id='block_1_92' title="bbox 2417 4809 3988 4887">
    <p class='ocr_par' dir='ltr' id='par_1_92' title="bbox 2417 4809 3988 4887">
     <span class='ocr_line' id='line_1_92' title="bbox 2417 4809 3988 4887; baseline 0.008 -25"><span class='ocrx_word' id='word_1_694' title='bbox 2417 4809 2562 4873; x_wconf 88' lang='grc' dir='ltr'>δους,</span> <span class='ocrx_word' id='word_1_695' title='bbox 2598 4811 2742 4878; x_wconf 81' lang='grc' dir='ltr'>ἀπερ</span> <span class='ocrx_word' id='word_1_696' title='bbox 2771 4811 2937 4865; x_wconf 84' lang='grc' dir='ltr'>αὐτοῦ</span> <span class='ocrx_word' id='word_1_697' title='bbox 2985 4814 3262 4879; x_wconf 80' lang='grc' dir='ltr'>δυσσεϐῶς</span> <span class='ocrx_word' id='word_1_698' title='bbox 3321 4820 3602 4887; x_wconf 87' lang='grc' dir='ltr'>κατέχεον,</span> <span class='ocrx_word' id='word_1_699' title='bbox 3657 4821 3756 4873; x_wconf 83' lang='grc' dir='ltr'><strong>οὒκ</strong></span> <span class='ocrx_word' id='word_1_700' title='bbox 3789 4822 3859 4874; x_wconf 86' lang='grc' dir='ltr'><strong>ἀν</strong></span> <span class='ocrx_word' id='word_1_701' title='bbox 3892 4823 3988 4882; x_wconf 84' lang='grc' dir='ltr'><strong>τάς</strong></span> 
     </span>
    </p>
   </div>
   <div class='ocr_carea' id='block_1_93' title="bbox 748 4897 2325 4982">
    <p class='ocr_par' dir='ltr' id='par_1_93' title="bbox 748 4897 2318 4968">
     <span class='ocr_line' id='line_1_93' title="bbox 748 4897 2318 4968; baseline -0.003 -10"><span class='ocrx_word' id='word_1_702' title='bbox 748 4903 1093 4966; x_wconf 85' lang='lat' dir='ltr'><strong>cvomebant,</strong></span> <span class='ocrx_word' id='word_1_703' title='bbox 1162 4917 1270 4955; x_wconf 91' lang='lat' dir='ltr'><strong>non</strong></span> <span class='ocrx_word' id='word_1_704' title='bbox 1313 4901 1616 4955; x_wconf 82' lang='lat' dir='ltr'><strong>liberasset.</strong></span> <span class='ocrx_word' id='word_1_705' title='bbox 1678 4897 1780 4954; x_wconf 89' lang='lat' dir='ltr'><strong>Ubi</strong></span> <span class='ocrx_word' id='word_1_706' title='bbox 1826 4900 1992 4968; x_wconf 90' lang='lat' dir='ltr'><strong>igitur</strong></span> <span class='ocrx_word' id='word_1_707' title='bbox 2032 4899 2173 4953; x_wconf 90' lang='lat' dir='ltr'><strong>inter</strong></span> <span class='ocrx_word' id='word_1_708' title='bbox 2202 4900 2318 4954; x_wconf 60' lang='lat' dir='ltr'><strong>haec</strong></span> 
     </span>
    </p>
   </div>
   <div class='ocr_carea' id='block_1_94' title="bbox 2422 4897 3984 4982">
    <p class='ocr_par' dir='ltr' id='par_1_94' title="bbox 2422 4901 3984 4982">
     <span class='ocr_line' id='line_1_94' title="bbox 2422 4901 3984 4982; baseline 0.01 -30"><span class='ocrx_word' id='word_1_709' title='bbox 2422 4901 2596 4964; x_wconf 72' lang='grc' dir='ltr'>αἰτίας</span> <span class='ocrx_word' id='word_1_710' title='bbox 2632 4902 2919 4957; x_wconf 85' lang='grc' dir='ltr'>ἀπελύετο.</span> <span class='ocrx_word' id='word_1_711' title='bbox 2961 4905 3067 4957; x_wconf 85' lang='grc' dir='ltr'><strong>Ποῦ</strong></span> <span class='ocrx_word' id='word_1_712' title='bbox 3110 4909 3401 4979; x_wconf 85' lang='grc' dir='ltr'>τοιγαροῦν</span> <span class='ocrx_word' id='word_1_713' title='bbox 3449 4914 3667 4965; x_wconf 80' lang='grc' dir='ltr'>ἐναντία</span> <span class='ocrx_word' id='word_1_714' title='bbox 3719 4914 3916 4980; x_wconf 86' lang='grc' dir='ltr'>ταῦτα,</span> <span class='ocrx_word' id='word_1_715' title='bbox 3954 4914 3984 4982; x_wconf 83' lang='grc' dir='ltr'>ἢ</span> 
     </span>
    </p>
   </div>
   <div class='ocr_carea' id='block_1_95' title="bbox 750 4990 2002 5062">
    <p class='ocr_par' dir='ltr' id='par_1_95' title="bbox 750 4990 2002 5062">
     <span class='ocr_line' id='line_1_95' title="bbox 750 4990 2002 5062; baseline -0.001 -18"><span class='ocrx_word' id='word_1_716' title='bbox 750 5008 929 5062; x_wconf 84' lang='lat' dir='ltr'><strong>pugna</strong></span> <span class='ocrx_word' id='word_1_717' title='bbox 959 5001 1063 5056; x_wconf 85' lang='lat' dir='ltr'><strong>est,</strong></span> <span class='ocrx_word' id='word_1_718' title='bbox 1097 5001 1151 5045; x_wconf 91' lang='lat' dir='ltr'><strong>et</strong></span> <span class='ocrx_word' id='word_1_719' title='bbox 1179 4990 1452 5059; x_wconf 85' lang='lat' dir='ltr'><strong>quomodo</strong></span> <span class='ocrx_word' id='word_1_720' title='bbox 1481 4991 1584 5044; x_wconf 91' lang='lat' dir='ltr'><strong>sibi</strong></span> <span class='ocrx_word' id='word_1_721' title='bbox 1621 4990 2002 5044; x_wconf 87' lang='lat' dir='ltr'><strong>contradicunt</strong></span> 
     </span>
    </p>
   </div>
   <div class='ocr_carea' id='block_1_96' title="bbox 749 5082 2316 5152">
    <p class='ocr_par' dir='ltr' id='par_1_96' title="bbox 749 5082 2316 5152">
     <span class='ocr_line' id='line_1_96' title="bbox 749 5082 2316 5152; baseline -0.002 -13"><span class='ocrx_word' id='word_1_722' title='bbox 749 5095 855 5139; x_wconf 90' lang='lat' dir='ltr'><strong>tem</strong></span> <span class='ocrx_word' id='word_1_723' title='bbox 889 5093 950 5139; x_wconf 76' lang='lat' dir='ltr'><strong>te</strong></span> <span class='ocrx_word' id='word_1_724' title='bbox 1001 5099 1068 5138; x_wconf 92' lang='lat' dir='ltr'><strong>ne</strong></span> <span class='ocrx_word' id='word_1_725' title='bbox 1102 5083 1340 5138; x_wconf 85' lang='lat' dir='ltr'><strong>vicissim</strong></span> <span class='ocrx_word' id='word_1_726' title='bbox 1378 5085 1582 5149; x_wconf 66' lang='lat' dir='ltr'><strong>caedas;</strong></span> <span class='ocrx_word' id='word_1_727' title='bbox 1639 5093 1714 5148; x_wconf 91' lang='lat' dir='ltr'><strong>et,</strong></span> <span class='ocrx_word' id='word_1_728' title='bbox 1772 5083 1818 5138; x_wconf 87' lang='lat' dir='ltr'><strong>si</strong></span> <span class='ocrx_word' id='word_1_729' title='bbox 1849 5084 1972 5152; x_wconf 85' lang='lat' dir='ltr'><strong>quis</strong></span> <span class='ocrx_word' id='word_1_730' title='bbox 2005 5082 2183 5137; x_wconf 90' lang='lat' dir='ltr'><strong>dicam</strong></span> <span class='ocrx_word' id='word_1_731' title='bbox 2219 5082 2316 5136; x_wconf 88' lang='lat' dir='ltr'><strong>tibi</strong></span> 
     </span>
    </p>
   </div>
   <div class='ocr_carea' id='block_1_97' title="bbox 748 5175 2310 5244">
    <p class='ocr_par' dir='ltr' id='par_1_97' title="bbox 748 5175 2310 5244">
     <span class='ocr_line' id='line_1_97' title="bbox 748 5175 2310 5244; baseline 0.001 -14"><span class='ocrx_word' id='word_1_732' title='bbox 748 5176 1082 5232; x_wconf 85' lang='lat' dir='ltr'><strong>seductionis</strong></span> <span class='ocrx_word' id='word_1_733' title='bbox 1143 5185 1237 5229; x_wconf 87' lang='lat' dir='ltr'><strong>aut</strong></span> <span class='ocrx_word' id='word_1_734' title='bbox 1291 5175 2030 5244; x_wconf 80' lang='lat' dir='ltr'><strong>improbitatislscripserit,</strong></span> <span class='ocrx_word' id='word_1_735' title='bbox 2083 5183 2179 5230; x_wconf 91' lang='lat' dir='ltr'><strong>aut</strong></span> <span class='ocrx_word' id='word_1_736' title='bbox 2237 5185 2310 5240; x_wconf 91' lang='lat' dir='ltr'><strong>te,</strong></span> 
     </span>
    </p>
   </div>
   <div class='ocr_carea' id='block_1_98' title="bbox 855 5357 1760 5425">
    <p class='ocr_par' dir='ltr' id='par_1_98' title="bbox 855 5357 1760 5425">
     <span class='ocr_line' id='line_1_98' title="bbox 855 5357 1760 5425; baseline -0.001 -13"><span class='ocrx_word' id='word_1_737' title='bbox 855 5357 922 5388; x_wconf 79' lang='lat'><strong>“&#39;</strong></span> <span class='ocrx_word' id='word_1_738' title='bbox 953 5358 1144 5413; x_wconf 83' lang='lat' dir='ltr'><strong>Matth.</strong></span> <span class='ocrx_word' id='word_1_739' title='bbox 1181 5377 1231 5422; x_wconf 79' lang='grc' dir='ltr'>ν,</span> <span class='ocrx_word' id='word_1_740' title='bbox 1264 5363 1368 5425; x_wconf 78' lang='lat'><strong>59;</strong></span> <span class='ocrx_word' id='word_1_741' title='bbox 1401 5359 1526 5414; x_wconf 82' lang='lat' dir='ltr'><strong>Luc.</strong></span> <span class='ocrx_word' id='word_1_742' title='bbox 1572 5379 1643 5421; x_wconf 73' lang='lat' dir='ltr'><strong>VI,</strong></span> <span class='ocrx_word' id='word_1_743' title='bbox 1674 5362 1760 5415; x_wconf 74' lang='lat'><strong>29.</strong></span> 
     </span>
    </p>
   </div>
   <div class='ocr_carea' id='block_1_99' title="bbox 1875 5359 2405 5427">
    <p class='ocr_par' dir='ltr' id='par_1_99' title="bbox 1875 5359 2405 5427">
     <span class='ocr_line' id='line_1_99' title="bbox 1875 5359 2405 5427; baseline 0.002 -15"><span class='ocrx_word' id='word_1_744' title='bbox 1875 5363 1917 5392; x_wconf 75' lang='grc'><strong>⁸⁸</strong></span> <span class='ocrx_word' id='word_1_745' title='bbox 1944 5359 2100 5413; x_wconf 81' lang='lat' dir='ltr'><strong>Joan.</strong></span> <span class='ocrx_word' id='word_1_746' title='bbox 2133 5378 2283 5427; x_wconf 81' lang='lat' dir='ltr'><strong>xvm,</strong></span> <span class='ocrx_word' id='word_1_747' title='bbox 2316 5365 2405 5417; x_wconf 74' lang='lat'><strong>23.</strong></span> 
     </span>
    </p>
   </div>
   <div class='ocr_carea' id='block_1_100' title="bbox 2048 4978 3984 5074">
    <p class='ocr_par' dir='ltr' id='par_1_100' title="bbox 2048 4978 3984 5074">
     <span class='ocr_line' id='line_1_100' title="bbox 2048 4978 3984 5074; baseline 0.005 -30"><span class='ocrx_word' id='word_1_748' title='bbox 2048 5005 2065 5043; x_wconf 88' lang='lat'><strong>:</strong></span> <span class='ocrx_word' id='word_1_749' title='bbox 2105 4991 2318 5044; x_wconf 69' lang='lat' dir='ltr'><strong>wden-</strong></span> <span class='ocrx_word' id='word_1_750' title='bbox 2351 4978 2394 5033; x_wconf 80' lang='grc' dir='ltr'>Ῑ)</span> <span class='ocrx_word' id='word_1_751' title='bbox 2426 4993 2728 5060; x_wconf 83' lang='grc' dir='ltr'>μαχόμενα,</span> <span class='ocrx_word' id='word_1_752' title='bbox 2747 4992 2851 5045; x_wconf 84' lang='grc' dir='ltr'><strong>Τὸν</strong></span> <span class='ocrx_word' id='word_1_753' title='bbox 2883 4996 3193 5064; x_wconf 74' lang='grc' dir='ltr'>ῥαπίσαντα</span> <span class='ocrx_word' id='word_1_754' title='bbox 3237 4978 3311 5068; x_wconf 73' lang='grc' dir='ltr'><strong>μὴ</strong></span> <span class='ocrx_word' id='word_1_755' title='bbox 3345 5002 3772 5074; x_wconf 74' lang='grc' dir='ltr'>ἀντιρῤαπίσῃε,</span> <span class='ocrx_word' id='word_1_756' title='bbox 3816 4978 3911 5055; x_wconf 77' lang='grc' dir='ltr'><strong>τὸν</strong></span> 
     </span>
    </p>
   </div>
   <div class='ocr_carea' id='block_1_101' title="bbox 2424 5084 3983 5164">
    <p class='ocr_par' dir='ltr' id='par_1_101' title="bbox 2424 5084 3983 5164">
     <span class='ocr_line' id='line_1_101' title="bbox 2424 5084 3983 5164; baseline 0.008 -30"><span class='ocrx_word' id='word_1_757' title='bbox 2424 5084 2768 5152; x_wconf 71' lang='grc' dir='ltr'>γραφόμενόν</span> <span class='ocrx_word' id='word_1_758' title='bbox 2801 5103 2859 5138; x_wconf 91' lang='grc' dir='ltr'><strong>σε</strong></span> <span class='ocrx_word' id='word_1_759' title='bbox 2887 5086 3094 5157; x_wconf 82' lang='grc' dir='ltr'>πλάνης</span> <span class='ocrx_word' id='word_1_760' title='bbox 3122 5091 3153 5158; x_wconf 80' lang='grc' dir='ltr'><strong>ἧ</strong></span> <span class='ocrx_word' id='word_1_761' title='bbox 3183 5089 3499 5152; x_wconf 86' lang='grc' dir='ltr'>δυσσεϐείας</span> <span class='ocrx_word' id='word_1_762' title='bbox 3522 5093 3554 5161; x_wconf 86' lang='grc' dir='ltr'>ἦ</span> <span class='ocrx_word' id='word_1_763' title='bbox 3584 5095 3685 5164; x_wconf 81' lang='grc' dir='ltr'><strong>τὴν</strong></span> <span class='ocrx_word' id='word_1_764' title='bbox 3712 5095 3983 5163; x_wconf 85' lang='grc' dir='ltr'>σωτηρίαν</span> 
     </span>
    </p>
   </div>
   <div class='ocr_carea' id='block_1_102' title="bbox 2422 5177 3982 5256">
    <p class='ocr_par' dir='ltr' id='par_1_102' title="bbox 2422 5177 3982 5256">
     <span class='ocr_line' id='line_1_102' title="bbox 2422 5177 3982 5256; baseline 0.007 -27"><span class='ocrx_word' id='word_1_765' title='bbox 2422 5177 2795 5247; x_wconf 76' lang='grc' dir='ltr'>κηρύττοντά,</span> <span class='ocrx_word' id='word_1_766' title='bbox 2857 5180 2933 5244; x_wconf 82' lang='grc' dir='ltr'>ῶς</span> <span class='ocrx_word' id='word_1_767' title='bbox 2987 5183 3284 5253; x_wconf 84' lang='grc' dir='ltr'>εἰσηγητὴν</span> <span class='ocrx_word' id='word_1_768' title='bbox 3323 5185 3621 5252; x_wconf 84' lang='grc' dir='ltr'>ἀπωλείας,</span> <span class='ocrx_word' id='word_1_769' title='bbox 3668 5186 3856 5242; x_wconf 82' lang='grc' dir='ltr'>τοῦτον</span> <span class='ocrx_word' id='word_1_770' title='bbox 3911 5186 3982 5256; x_wconf 83' lang='grc' dir='ltr'><strong>μὴ</strong></span> 
     </span>
    </p>
   </div>
   <div class='ocr_carea' id='block_1_103' title="bbox 2259 5563 2483 5618">
    <p class='ocr_par' dir='ltr' id='par_1_103' title="bbox 2259 5563 2483 5618">
     <span class='ocr_line' id='line_1_103' title="bbox 2259 5563 2483 5618; baseline 0.018 -4"><span class='ocrx_word' id='word_1_771' title='bbox 2259 5563 2483 5618; x_wconf 68' lang='grc' dir='ltr'><strong>ΝΟΤΛΞ.</strong></span> 
     </span>
    </p>
   </div>
   <div class='ocr_carea' id='block_1_104' title="bbox 820 5722 2499 5792">
    <p class='ocr_par' dir='ltr' id='par_1_104' title="bbox 820 5722 2499 5792">
     <span class='ocr_line' id='line_1_104' title="bbox 820 5722 2499 5792; baseline 0.004 -16"><span class='ocrx_word' id='word_1_772' title='bbox 820 5722 935 5792; x_wconf 75' lang='lat' dir='ltr'><strong>(I9)</strong></span> <span class='ocrx_word' id='word_1_773' title='bbox 961 5722 1170 5791; x_wconf 72' lang='lat' dir='ltr'><strong>Sequor</strong></span> <span class='ocrx_word' id='word_1_774' title='bbox 1203 5723 1440 5776; x_wconf 69' lang='lat' dir='ltr'><strong>Uolbert.</strong></span> <span class='ocrx_word' id='word_1_775' title='bbox 1480 5737 1572 5791; x_wconf 82' lang='lat' dir='ltr'><strong>qui</strong></span> <span class='ocrx_word' id='word_1_776' title='bbox 1606 5733 1677 5776; x_wconf 81' lang='lat' dir='ltr'><strong>ita</strong></span> <span class='ocrx_word' id='word_1_777' title='bbox 1729 5724 1890 5776; x_wconf 85' lang='lat' dir='ltr'><strong>habet</strong></span> <span class='ocrx_word' id='word_1_778' title='bbox 1922 5737 2019 5790; x_wconf 88' lang='lat' dir='ltr'><strong>pro</strong></span> <span class='ocrx_word' id='word_1_779' title='bbox 2044 5723 2499 5791; x_wconf 81' lang='grc' dir='ltr'>εὑπερίσκεπτον.</span> 
     </span>
    </p>
   </div>
   <div class='ocr_carea' id='block_1_105' title="bbox 818 5792 2296 5865">
    <p class='ocr_par' dir='ltr' id='par_1_105' title="bbox 818 5792 2296 5865">
     <span class='ocr_line' id='line_1_105' title="bbox 818 5792 2296 5865; baseline 0.001 -17"><span class='ocrx_word' id='word_1_780' title='bbox 818 5793 932 5863; x_wconf 71' lang='lat'><strong>(20)</strong></span> <span class='ocrx_word' id='word_1_781' title='bbox 970 5793 1040 5848; x_wconf 87' lang='lat' dir='ltr'><strong>Ita</strong></span> <span class='ocrx_word' id='word_1_782' title='bbox 1069 5795 1249 5849; x_wconf 83' lang='lat' dir='ltr'><strong>scribo</strong></span> <span class='ocrx_word' id='word_1_783' title='bbox 1275 5809 1371 5865; x_wconf 91' lang='lat' dir='ltr'><strong>pro</strong></span> <span class='ocrx_word' id='word_1_784' title='bbox 1395 5793 1500 5847; x_wconf 82' lang='grc' dir='ltr'><strong>τῶν</strong></span> <span class='ocrx_word' id='word_1_785' title='bbox 1526 5792 1719 5860; x_wconf 83' lang='grc' dir='ltr'>λόγων,</span> <span class='ocrx_word' id='word_1_786' title='bbox 1769 5795 1908 5862; x_wconf 82' lang='lat' dir='ltr'><strong>quod</strong></span> <span class='ocrx_word' id='word_1_787' title='bbox 1931 5805 2013 5849; x_wconf 83' lang='lat' dir='ltr'><strong>est</strong></span> <span class='ocrx_word' id='word_1_788' title='bbox 2037 5794 2092 5847; x_wconf 88' lang='lat' dir='ltr'><strong>in</strong></span> <span class='ocrx_word' id='word_1_789' title='bbox 2123 5793 2296 5849; x_wconf 85' lang='lat' dir='ltr'><strong>libris.</strong></span> 
     </span>
    </p>
   </div>
  </div>
