4174 6450
214 436 317 503 ἰιι

1148 435 1246 495 ΑΙ)
1281 432 1871 497 AMPHILOCHIUM
1895 426 2238 503 QUAISTIO
2265 424 2530 487 CXXXV.

3333 425 3439 487 7f!

216 548 515 618 ἐπιτρέψῃς
545 544 719 600 ταῦτά
747 561 829 600 σοι
856 546 1176 613 περιάπτειν
1197 589 1211 608 ,
1250 545 1373 615 μηδ’
1406 543 1773 598 ὑποκατακλι-

1894 540 2068 595 salutis
2089 550 2419 608 praeconem,
2465 531 2722 606 perniciei
2760 533 3035 590 doctorem
3080 536 3440 605 pronuntiant

216 641 333 704 θεὶς
371 639 507 709 (21).
561 639 635 708 μὴ
665 638 840 707 φωνῇ.
892 636 968 705 μὴ
996 633 1231 689 διαθέσει
1269 636 1477 707 σιγώσῃ
1513 637 1624 706 (99)
1660 635 1781 704 μηδ’

215 733 374 786 ἄλλον
402 726 542 783 εἶναι
568 728 770 798 τρόπον
793 728 1040 788 ὑπαίτιος
1062 742 1079 791 ς
1116 726 1276 781 Ἀλλὰ
1297 726 1374 797 τῷ
1403 728 1501 796 μὲν
1519 727 1618 794 τῆς
1647 725 1784 794 άλη-

216 823 371 885 θείας
423 820 773 889 φιλοθεάμονι
817 818 937 872 οὐδὲ
972 819 1244 889 πρόφασιν
1280 817 1360 870 έτι
1402 818 1472 870 τὰ
1518 818 1784 886 είρημένα

215 913 677 983 ἀμφισϐητήσεως
706 910 1009 964 ὑπολείπει.
1039 910 1115 980 Τὸ
1145 909 1225 972 δὲ,
1264 928 1282 960 t
1317 910 1409 977 Μὴ
1428 906 1629 960 ποιεῖτε
1668 904 1780 976 (23)

214 1007 316 1076 τὴν
344 1004 714 1074 ἐλεημοσύνην
743 1002 898 1072 ὑμῶν
924 1002 1230 1073 ἔμπροσθεν
1258 1001 1367 1055 τῶν
1395 1000 1717 1071 ἀνθρώπων·
1757 1020 1777 1053 ι

217 1097 333 1159 καὶ,
376 1113 394 1147 ι
437 1096 503 1147 Ὃ
527 1094 672 1147 ποιεῖ
706 1095 740 1159 ὴ
775 1092 923 1158 δεξιά
967 1108 1085 1155 σου,
1125 1093 1200 1161 μὴ
1221 1092 1416 1159 γνώτω
1459 1090 1785 1161 ἡάριστερά

218 1202 314 1238 σου
334 1201 349 1214 ⁸
388 1206 409 1237 ι
438 1182 553 1248 καὶ,
585 1202 605 1234 ι
636 1182 806 1236 Ὅταν
827 1180 1118 1253 νηστεῦῃς,
1150 1182 1226 1251 μὴ
1254 1180 1521 1250 σαλπίσῃς
1544 1177 1785 1249 ἐμπροσ-

216 1276 313 1339 θέν
342 1292 458 1335 σου,
494 1274 684 1345 ῶσπερ
730 1276 778 1327 οἱ
824 1271 1139 1342 ὑποκριταὶ,
1205 1291 1224 1324 ι
1271 1271 1408 1342 πρὸς
1454 1272 1536 1337 τὸ,
1572 1290 1591 1324 ‹
1629 1271 1785 1323 Οὕτω

216 1366 490 1433 λαμψάτω
520 1365 583 1417 τὸ
622 1363 737 1430 φῶς
772 1361 927 1431 ὑμῶν
975 1361 1285 1431 ἔμπροσθεν
1320 1362 1429 1415 τῶν
1490 1360 1782 1431 άθρώπων,

216 1458 367 1517 ὅπως
393 1455 545 1507 ἴδωσι
576 1453 647 1505 τά
697 1451 838 1503 καλὰ
860 1450 1015 1519 ὑμῶν
1045 1450 1211 1520 ἔργα,
1236 1450 1332 1503 καὶ
1382 1449 1650 1516 δοξάσωσι
1694 1451 1787 1502 τὸν

218 1546 443 1615 Πατέρα
478 1543 632 1613 ὑμῶν
659 1543 750 1595 τὸν
778 1544 835 1594 έν
864 1544 977 1604 τοῖς
1026 1541 1300 1608 οὐρανοῖς,
1353 1560 1372 1592 ι
1408 1539 1661 1593 τοσοῦτον
1687 1541 1788 1591 ἁπ-

220 1641 337 1709 έχει
390 1637 487 1689 τοῦ
526 1634 791 1709 μάχεσθαι
837 1635 972 1702 (ΞΔ),
1016 1632 1157 1685 ῶστε
1186 1633 1280 1684 καὶ
1312 1632 1410 1700 τὴν
1438 1633 1519 1683 ὅτι
1552 1630 1785 1700 μάλιστα

222 1728 549 1800 συμφωνίαν
580 1724 759 1795 κρίσει
779 1728 845 1795 τῇ
875 1727 981 1794 ἐμῇ
1014 1722 1437 1785 κατασκευάζει.
1475 1722 1657 1774 Κακία
1691 1722 1787 1790 μὲν

220 1822 334 1892 γὰρ
368 1822 402 1887 ὴ
426 1818 687 1881 ἐπίδειξις
711 1818 805 1870 καὶ
841 1816 902 1868 τὸ
932 1814 1169 1885 θηράσαι
1212 1814 1327 1883 (25)
1359 1812 1541 1878 δόξαν,
1571 1811 1788 1878 νέμεσίν

1884 632 2036 685 illum
2078 629 2180 684 ista
2211 628 2308 683 tibi
2339 627 2635 698 impingere
2664 638 2731 682 ne
2764 627 3006 695 patiaris,
3060 642 3255 698 neque,
3314 633 3440 683 sub-

1883 724 2103 777 mittens
2160 730 2234 783 te,
2294 720 2375 773 vel
2410 734 2557 783 voce,
2611 720 2692 773 vel
2724 718 2933 774 silentis
2961 719 3167 784 habitu,
3220 719 3301 773 vel
3335 720 3443 777 ulla

1883 814 1986 868 alia
2026 812 2240 868 ratione
2288 826 2417 867 reus
2463 813 2638 881 eulpae
2685 812 2936 867 videaris.
2998 809 3182 881 Itaque
3219 814 3446 867 conlato

1883 905 2079 974 cuique
2127 903 2369 958 veritatis
2432 904 2722 958 scrutatori
2759 919 2856 958 nec
2896 903 3117 956 minima
3154 904 3437 958 dubitandi

1883 1013 2049 1052 causa
2097 1011 2163 1051 ex
2196 995 2358 1051 dictis
2390 994 2496 1050 illis
2516 996 2896 1049 subnascetur.
2956 996 3047 1049 Illa
3074 1012 3202 1049 vero
3233 994 3443 1049 Domini

1883 1086 2026 1141 dicta
2080 1103 2093 1140 :
2159 1106 2177 1136 ι
2209 1084 2286 1139 Ne
2331 1083 2544 1140 faciatis
2594 1084 2965 1155 eleemosynas
3004 1095 3214 1140 vestras
3260 1101 3447 1140 coram

1886 1176 2197 1231 hominibus
2221 1176 2302 1242 “;
2335 1194 2355 1227 ι
2413 1187 2468 1230 et
2524 1194 2538 1228 :
2603 1193 2622 1225 ι
2652 1175 2784 1241 Qua
2821 1176 2951 1231 facit
2989 1177 3208 1232 dextera
3235 1187 3347 1239 tua,
3385 1193 3450 1230 ea

1886 1262 1992 1318 non
2038 1265 2185 1318 norit
2234 1264 2455 1318 sinistra
2480 1271 2568 1318 tua
2594 1265 2635 1295 "
2666 1283 2680 1328 ;
2715 1283 2734 1317 ι
2778 1274 2832 1320 et
2881 1285 2895 1321 :
2956 1284 2973 1317 I
3007 1266 3062 1319 Si
3091 1267 3447 1335 jejunaveris.

1886 1370 1953 1409 ne
2002 1355 2257 1409 buccines
2305 1362 2431 1409 ante
2486 1364 2557 1418 te,
2614 1364 2673 1409 ut
2730 1356 3125 1426 hypocrita)“;
3160 1378 3178 1409 ι
3239 1366 3450 1411 tantum

1886 1448 2057 1511 abest,
2106 1455 2164 1500 ut
2199 1461 2322 1501 cum
2370 1446 2478 1499 illis
2521 1463 2535 1499 :
2593 1464 2612 1497 ι
2639 1446 2713 1500 Ita
2747 1448 2920 1502 luceat
2942 1449 3035 1502 lux
3065 1460 3240 1502 vestra
3263 1462 3448 1502 coram

1889 1534 2231 1599 hominibus,
2312 1544 2370 1588 ut
2419 1534 2559 1589 bona
2626 1546 2801 1590 vestra
2864 1553 3028 1605 opera
3088 1539 3345 1601 videant,
3399 1547 3457 1590 et

1890 1623 2102 1679 Patrem
2140 1634 2377 1680 vestrum
2409 1626 2463 1679 in
2488 1627 2640 1682 caelis
2671 1628 2890 1681 laudent
2914 1628 2957 1659 “
2979 1668 2992 1689 .
3028 1648 3047 1680 ι
3097 1639 3359 1698 pugnent,
3392 1640 3453 1683 ut

1890 1731 2015 1771 meo
2067 1719 2283 1786 quidem
2334 1717 2542 1785 judicio
2592 1734 2778 1773 secum
2814 1720 3041 1774 invicem
3083 1721 3296 1791 egregie
3318 1736 3452 1775 con-

1891 1807 2121 1877 spirent.
2171 1807 2370 1863 Vitium
2392 1811 2538 1864 enim
2561 1820 2645 1865 est
2679 1813 2969 1867 ostentatio
3003 1813 3198 1876 omnis,
3255 1820 3309 1869 et
3373 1812 3457 1867 af-

221 1932 285 1967 τε
320 1914 415 1964 σὺν
433 1912 558 1982 δίκῃ
587 1911 680 1961 καὶ
699 1908 887 1977 ψόγον,
909 1908 972 1959 οὐ
999 1908 1345 1976 γραφόμενον
1370 1903 1478 1957 άπὸ
1497 1902 1606 1955 τῶν
1633 1920 1796 1955 σπευ-

1902 1897 2157 1953 fectatum
2214 1899 2400 1969 gloria:
2452 1901 2715 1967 studium,
2770 1902 3170 1972 vindictatnque
3195 1914 3248 1957 et
3274 1918 3459 1972 repre~

228 2004 419 2065 δαίων,
452 1996 698 2052 κινοῦσα.
740 1998 805 2049 Ἦ
833 1996 891 2049 δὲ
915 1994 1061 2064 φυγὴ
1087 1994 1186 2061 τῆς
1215 1990 1518 2055 κενοδοξίας
1539 1993 1709 2060 ἀρετή
1737 1990 1798 2042 τέ

226 2092 379 2148 ἐστιν
410 2089 505 2145 καὶ
544 2088 744 2157 σεμνοῦ
772 2087 936 2157 ἤθους
967 2086 1063 2138 καὶ
1086 2085 1196 2137 τῶν
1232 2085 1467 2137 συνετῶν
1495 2081 1799 2153 ἀνθρώπων

223 2184 545 2237 ἁποτίκτειν
572 2176 718 2233 οἶδεν
742 2179 821 2240 είς
845 2177 979 2231 Θεὸν
1007 2176 1106 2247 τὴν
1144 2175 1493 2246 εὐχαριστίαν
1513 2215 1528 2239 ,
1558 2174 1640 2227 ὅτι
1676 2172 1798 2242 βλέ-

223 2291 391 2328 πουσι
420 2273 518 2342 μὲν
560 2268 886 2333 δοξοκοπίαν
915 2266 1352 2337 ἀτιμαζομένην,
1397 2264 1599 2334 ἀρετὴν
1627 2263 1684 2316 δὲ
1716 2281 1797 2316 τι-

226 2367 512 2438 μωμένην.
536 2364 663 2426 Πῶς
684 2362 777 2416 οὖν
811 2362 863 2414 οἱ
895 2359 1297 2429 ένδεικνύμενοι
1318 2360 1477 2425 δόξαν
1506 2357 1566 2421 ἐξ
1592 2356 1800 2426 ἀνθρώ-

223 2474 347 2508 πων
384 2454 682 2523 θηρῶνται,
711 2451 773 2514 ἐξ
817 2442 881 2502 οῦ
927 2449 1130 2520 μᾶλλον
1164 2450 1350 2511 αὐτοῖς
1376 2449 1571 2501 ἕπεται
1596 2445 1795 2516 ψόγος;

223 2547 340 2600 Καὶ
380 2545 496 2608 πῶς
528 2545 789 2612 ἀπέχουσι
829 2540 922 2595 τὸν
954 2540 1145 2611 μισθὸν
1188 2540 1400 2604 αὑτῶν;
1449 2540 1549 2593 οὐκ
1599 2538 1707 2593 ἀπό
1735 2555 1799 2605 γε

222 2638 336 2691 τῶν
375 2634 637 2704 θεοφιλῶν
666 2636 761 2688 καὶ
800 2632 1101 2686 σπουδαίων
1123 2673 1138 2696 ,
1177 2634 1305 2694 τοὺς
1334 2631 1393 2685 δὲ
1427 2630 1654 2692 πολλοὺς
1697 2630 1792 2682 καὶ

223 2730 512 2797 ἀγελαίους
539 2727 650 2795 (26)
679 2724 1104 2785 διαπλανῶντες,
1133 2725 1227 2775 καὶ
1265 2720 1434 2792 μηδὲν
1463 2722 1625 2774 πλέον
1654 2721 1797 2791 έχον-

224 2833 331 2876 τας
354 2811 753 2880 διασκέψασθαι
780 2809 877 2863 τοῦ
907 2811 1260 2879 φαινομένου.
1300 2810 1363 2863 Εἰ
1405 2811 1584 2861 τοίνυν
1612 2810 1673 2861 τὸ
1711 2826 1801 2861 κε-

225 2906 442 2969 νόδοξον
467 2902 702 2972 φαύλους
732 2903 901 2967 ποιεῖ,
929 2900 1023 2953 καὶ
1053 2900 1153 2969 τὴν
1176 2898 1235 2963 ἐξ
1255 2898 1557 2968 ἀνθρώπων
1581 2901 1800 2969 νέμεσιν

226 2995 461 3062 ἐγείρει,
502 2990 624 3061 ἠδὲ
672 2989 864 3043 τούτου
910 2987 1057 3058 φυγὴ
1089 2987 1351 3040 τάναντία
1403 2987 1652 3055 πράττει,
1707 2988 1801 3042 καὶ

223 3085 358 3147 τοὺς
377 3082 816 3150 ἐπιεικεστέρους
836 3081 914 3141 είς
928 3078 1235 3146 δοξολογίαν
1258 3077 1392 3130 Θεοῦ
1413 3079 1798 3148 παραπέμπει,

1899 1988 2246 2056 bensionem,
2302 2006 2432 2059 (μηθ’
2450 1992 2691 2061 alioquin
2724 2010 2787 2046 ex
2841 1995 3003 2048 rebus
3034 1996 3313 2064 pra-claris
3348 2011 3456 2049 non

1897 2083 2160 2148 nascitur,
2211 2084 2413 2137 excitat
2443 2101 2457 2137 :
2490 2098 2641 2139 vanae
2668 2100 2795 2139 vero
2827 2086 3012 2155 gloria:
3053 2084 3178 2153 fuga
3207 2098 3260 2141 et
3289 2087 3460 2141 virtus

1896 2184 2000 2238 cst,
2052 2182 2108 2227 et
2162 2175 2422 2229 honestos
2466 2175 2642 2238 decet,
2700 2176 3063 2245 cordatosqne
3115 2177 3363 2230 homines
3392 2177 3459 2230 ad

1898 2267 2098 2334 gratias
2125 2264 2230 2320 Deo
2257 2266 2492 2333 agendas
2530 2276 2825 2334 permovet,
2860 2266 3079 2336 quando
3105 2268 3460 2321 ambitionem

1898 2357 2195 2421 contemni,
2242 2358 2500 2411 virtutem
2538 2372 2669 2411 vero
2717 2359 2770 2411 in
2816 2360 2989 2427 pretio
3035 2359 3221 2413 haberi
3257 2359 3459 2414 vident.

1898 2448 2181 2514 Quomodo
2215 2448 2394 2518 itaque
2413 2457 2748 2504 ostentantes
2774 2463 2832 2504 se
2856 2450 3083 2520 gloriam
3111 2450 3180 2503 ab
3220 2449 3427 2503 homini
3447 2480 3461 2492 -

1898 2539 2002 2595 bus
2067 2548 2444 2607 aucupantur,
2508 2540 2653 2594 unde
2711 2540 3041 2594 contumelia
3101 2542 3284 2610 potius
3353 2541 3463 2595 illis

1900 2631 2183 2686 nascitur?
2245 2629 2312 2684 Et
2343 2630 2615 2701 quomodo
2643 2629 2889 2685 referunt
2921 2632 3221 2686 mercedem
3265 2630 3462 2687 suam?

1899 2736 2007 2776 non
2039 2736 2171 2776 sane
2198 2721 2265 2775 ab
2300 2720 2634 2787 hominibus,
2670 2720 2779 2776 Deo
2810 2720 2992 2776 charis
3017 2730 3071 2776 et
3103 2722 3324 2776 virtutis
3349 2721 3463 2776 cul-

1900 2813 2131 2875 toribus,
2183 2814 2333 2867 sed‘a
2366 2812 2528 2883 vulgo
2551 2822 2604 2867 et
2638 2813 2899 2883 gregariis
2928 2813 3263 2876 hominibus,
3299 2829 3462 2882 quos.

1903 2914 2160 2974 tanquam
2192 2914 2412 2958 externa
2454 2913 2666 2958 tantum
2706 2905 2953 2974 judicare
3002 2909 3265 2971 valentes,
3312 2907 3463 2961 deci-

1903 2997 2083 3064 piunt.
2153 2995 2309 3060 Quod
2367 2996 2413 3049 si
2475 2998 2655 3065 itaque
2695 3010 2847 3051 vana;
2879 2997 3064 3066 gloriae
3092 2998 3462 3052 studiuth-

1902 3085 2077 3140 mines
2112 3085 2283 3139 malos
2314 3084 2491 3150 efﬁcit,
2531 3086 2920 3155 hominumque
2959 3088 3217 3142 imidiam
3265 3089 3462 3153 irritat,

226 3177 350 3236 πῶς
381 3174 504 3243 οὐχὶ
539 3172 864 3227 συστατικὸν
891 3173 1209 3241 εὑρίσκεται
1243 3169 1440 3239 μᾶλλον
1461 3168 1555 3221 τοῦ
1583 3169 1695 3238 (27)
1726 3168 1796 3239 μὴ

1901 3175 2142 3241 ejusdem
2169 3191 2295 3231 vero
2322 3176 2446 3246 fuga
2486 3178 2666 3230 omnia
2699 3177 2801 3231 alia
2830 3179 3106 3240 conciliat.
3136 3190 3188 3233 et
3229 3181 3463 3251 optimos

224 3264 658 3327 ἐπιδείκνυσθαι,
680 3262 813 3333 μηδὲ
833 3259 1130 3324 κενοδοξεῖν
1152 3261 1212 3312 τό
1232 3277 1246 3290 ·
1275 3279 1293 3311 ι
1329 3259 1512 3323 Οῦτως
1534 3260 1796 3328 λαμψάτω

1905 3282 2150 3335 quosque
2180 3268 2246 3321 ad
2298 3267 2466 3322 dit-ini
2504 3266 2753 3323 Numinis
2785 3270 2989 3324 Iaudem
3020 3271 3227 3334 incitat,
3283 3288 3463 3328 nonne

224 3358 292 3411 τὸ
322 3356 439 3427 φῶς
461 3356 613 3424 ὑμῶν
642 3353 951 3425 ἔμπροσθεν
975 3352 1084 3405 τῶν
1112 3351 1417 3423 ἀνθρώπων
1441 3368 1456 3415 ;
1495 3370 1516 3403 ι

1905 3356 2108 3410 dictum
2154 3358 2284 3411 illud
2340 3376 2354 3411 :
2417 3357 2539 3413 tlta
2574 3359 2846 3429 splendeat
2905 3362 2995 3415 lux
3047 3373 3227 3416 vestra
3276 3378 3462 3418 coram

228 3452 633 3516 hominibus“
695 3447 1078 3504 commendare
1120 3446 1222 3501 hoc
1305 3447 1360 3501 in
1410 3447 1603 3516 primis
1678 3447 2101 3517 cxistimabitur,
2167 3469 2235 3508 ne
2306 3456 2429 3523 quis
2506 3470 2564 3509 se
2618 3464 2854 3510 ostentet
2904 3468 2959 3511 ct
2999 3474 3193 3512 vanam
3237 3461 3463 3529 gloriam

226 3540 571 3612 aucupetur!

314 3642 475 3697 ’Δλλέι
499 3642 616 3705 πῶς
647 3641 849 3710 λάμψει
880 3640 943 3692 τὸ
971 3640 1086 3708 φῶς
1118 3636 1430 3709 ἔμπροσθεν
1453 3635 1562 3688 τῶν
1583 3634 1793 3704 ἀνθρώ-

226 3754 373 3798 πων,
407 3734 569 3805 μηδὲν
606 3733 715 3785 τῶν
742 3734 798 3785 ἐν
821 3735 1001 3802 κρυφῇ
1034 3729 1427 3801 πραττομένων
1467 3727 1792 3790 συνιέντων;

226 3829 467 3898 Εἴρηται
500 3826 597 3896 μὲν
626 3827 747 3895 ἠδη.
775 3826 921 3893 Πλὴν
944 3823 1089 3876 οῦτω
1118 3821 1337 3891 μᾶλλον.
1370 3820 1429 3872 '0
1452 3818 1560 3888 γάρ
1586 3818 1795 3887 βλέπων

227 3919 296 3969 ἐν
321 3915 401 3985 τῷ
426 3914 653 3985 κρυπτῷ
702 3913 911 3981 Πατὴρ,
965 3910 1126 3972 αὐτὸς
1171 3909 1271 3977 τῆς
1309 3908 1456 3960 ἔνδον
1505 3905 1794 3976 ἀστραπῆς

224 4012 335 4076 τὴν
373 4006 568 4075 αἴγλην
634 4002 857 4064 δυνατός
886 4005 1034 4055 ἐστιν
1069 4002 1150 4059 εἰς
1182 4001 1244 4051 τὸ
1288 3997 1518 4067 φανερὸν
1562 3995 1794 4063 ὲναυγά-

228 4107 348 4146 σαι.
398 4092 604 4153 ’Δλλως
633 4106 693 4143 τε
731 4089 881 4142 δυσὶν
920 4088 952 4141 δ
1001 4087 1287 4149 σπουδαῖος
1336 4084 1795 4155 χαρακτηρίζεται

225 4182 489 4253 τρόποις,
543 4182 638 4235 καὶ
710 4181 831 4234 δυσὶ
894 4180 1132 4250 μάλιστα
1191 4176 1463 4249 γράφεται
1518 4174 1794 4244 χρώμασι,

224 4276 301 4343 τῇ
327 4272 439 4343 (28)
470 4270 592 4327 καθ’
625 4272 885 4341 ὁμοίωσιν
929 4266 1025 4324 τοῦ
1056 4270 1299 4324 Πλάστου
1346 4268 1557 4336 ἀρετῶν
1586 4266 1797 4337 αἱρέσει

227 4364 333 4418 καὶ
360 4364 556 4427 κακίας
587 4367 756 4433 φυγῇ.
794 4363 857 4415 Ἢ
890 4363 991 4432 μὲν
1027 4357 1248 4429 οῦν.τῆς
1273 4359 1471 4421 κακίας
1505 4357 1651 4427 φυγὴ
1682 4354 1793 4428 (29)

226 4450 443 4519 λάμπει
473 4452 686 4512 πάντως
725 4450 1036 4520 ἔμπροσθεν
1065 4448 1175 4501 τῶν
1221 4447 1546 4517 ἀνθρώπιον,
1569 4446 1673 4499 κᾶν
1689 4446 1797 4498 έσω

226 4554 316 4602 τις
351 4538 488 4608 (30),
520 4540 620 4609 ὅση
658 4540 919 4608 δύναμις,
961 4539 1171 4610 κατέχῃ
1215 4538 1317 4607 τὴν
1346 4536 1691 4608 λαμπηδόνα.
1722 4537 1796 4590 Τὸ

224 4628 344 4697 γάρ
379 4627 455 4697 μὴ
485 4632 644 4699 χεῖρα
684 4630 851 4682 κακὸν
875 4625 1037 4690 εἶναι,
1076 4628 1150 4697 μὴ
1184 4630 1314 4697 περὶ
1344 4626 1524 4698 ῦόριν,
1558 4627 1634 4698 μὴ
1668 4628 1795 4697 περὶ

1974 3631 2260 3698 Quomodo
2318 3648 2447 3687 vero
2497 3635 2696 3690 lucebit
2746 3636 2837 3689 lux
2892 3652 3073 3690 coram
3127 3638 3461 3705 hominibus,

1902 3724 1993 3794 qui
2038 3722 2173 3777 nihil
2200 3738 2411 3788 eorum,
2470 3741 2591 3794 qua).
2620 3726 2674 3780 in
2714 3726 2948 3782 obscuro
2977 3740 3232 3797 aguntur,
3253 3732 3462 3799 perspi-

1898 3818 2089 3872 ciunt?
2151 3816 2206 3871 Id
2261 3817 2479 3886 quidem
2535 3818 2643 3888 jam
2673 3819 2982 3889 expositum
3009 3832 3110 3885 est,
3153 3821 3248 3875 sed
3283 3837 3350 3877 ex
3380 3838 3462 3877 se-

1897 3908 2190 3978 quentibus
2228 3909 2461 3977 amplius
2489 3910 2838 3980 intelligetur.
2901 3910 3061 3967 Pater
3104 3912 3331 3975 scilicet.
3365 3915 3463 3985 qui

1897 3999 2129 4053 obscura
2188 4000 2467 4069 perspicit,
2543 4001 2884 4070 splendorem
2934 4004 3081 4060 intus
3118 4005 3372 4061 latentem
3403 4008 3457 4061 in

1898 4086 2143 4157 apricum
2228 4087 2470 4156 proferre
2515 4098 2709 4157 potest.
2778 4087 3044 4145 Praeterea
3100 4107 3228 4147 vero
3286 4095 3461 4150 bonus

1898 4177 2129 4246 quisque
2180 4192 2247 4232 ex
2283 4178 2491 4233 duabus
2523 4180 2685 4235 rebus
2723 4182 3083 4248 cognoscitur,
3144 4195 3199 4238 et
3249 4186 3462 4240 duabus

1900 4268 2242 4337 pOtissimum
2306 4271 2447 4325 notis
2487 4270 2858 4340 distinguitur,
2924 4274 3050 4329 hinc
3093 4291 3158 4329 ex
3197 4277 3457 4331 virtutum

1899 4360 2099 4421 studio,
2155 4374 2266 4428 quo
2323 4360 2592 4415 conditori
2647 4364 2707 4415 lit
2760 4363 2978 4429 similis,
3031 4365 3159 4420 hinc
3211 4382 3275 4423 ex
3326 4366 3458 4438 fuga

1897 4447 2174 4503 vitiorum.
2232 4446 2350 4503 Jam
2376 4465 2502 4505 vero
2540 4452 2796 4508 vitiorum
2820 4454 2943 4524 fuga
2982 4472 3194 4527 semper
3216 4458 3462 4529 splendet

1898 4553 2084 4593 coram
2148 4539 2482 4605 hominibus,
2549 4544 2762 4600 etiamsi
2814 4547 2957 4615 quis,
3020 4549 3199 4616 quoad
3259 4560 3457 4619 potest,

1900 4634 2201 4703 lampadem
2234 4638 2372 4690 inlra
2397 4653 2457 4692 se
2494 4624 2788 4694 contineat.
2851 4641 2909 4694 Si
2957 4644 3081 4709 quis
3105 4643 3250 4697 enim
3291 4660 3459 4701 manu

226 4720 514 4787 χρήματα,
548 4721 670 4789 μηδ’
688 4721 899 4791 ἀκρατῆ
925 4720 1178 4786 γλῶσσαν
1200 4722 1327 4789 περ).
1354 4718 1632 4789 διαὸολὴν,
1663 4721 1791 4792 περί

1894 4742 1999 4779 non
2035 4728 2277 4781 abutitur
2323 4729 2466 4783 circa
2522 4731 2748 4799 injurias
2790 4742 2843 4786 et
2898 4735 3041 4788 circa
3070 4737 3460 4804 pecuniam;si

225 4809 449 4877 ὅρκους,
490 4812 616 4879 περὶ
641 4810 822 4878 ὃμοια,
858 4809 950 4861 καὶ
977 4808 1164 4870 ἁπλῶς
1199 4810 1258 4860 ὲν
1292 4810 1429 4863 πᾶσι
1456 4810 1567 4880 (51)
1599 4810 1789 4881 μηδενὶ

1896 4817 2092 4887 lingua:
2154 4828 2418 4889 temperat
2482 4822 2625 4875 circa
2674 4823 2998 4888 calumnias,
3048 4825 3456 4897 jusjurandum,

302 4948 351 4979 “
382 4947 568 5003 Matth.
599 4965 672 5014 Vt,
712 4949 763 5002 I.
797 4950 842 4989 δ’
874 4948 1005 5002 ibid.
1039 4947 1094 5002 5.
1128 4948 1173 4979 “
1208 4948 1337 5003 ibid.
1373 4949 1459 5003 Ili.
1492 4949 1536 4981 δ’
1571 4949 1760 5007 Matth.
1790 4970 1843 5018 ν,
1874 4953 1958 5008 I6.

1736 5125 1967 5185 NOTAE"

299 5241 419 5309 (‘21)
444 5239 541 5310 bis.
574 5240 1062 5310 ὑποκατακληθείς.

301 5308 415 5382 (22)
444 5309 519 5382 Ita
548 5319 695 5382 recte
720 5310 872 5363 Colb.
899 5308 999 5381 pro
1027 5308 1288 5382 στιγώσῃ.

298 5380 415 5447 (25)
450 5379 628 5433 Codex
655 5382 791 5433 alter
818 5379 1074 5436 ποιεῖται.

298 5449 413 5519 (24)
477 5448 679 5520 Ἀνέχει
735 5451 827 5504 τοῦ
886 5451 1189 5521 μάχεσθαι,
1233 5449 1388 5507 Colb.
1446 5466 1546 5522 pro
1601 5450 1793 5520 ἀπεχε-

296 5538 374 5573 αι.

300 5588 414 5657 (‘25)
441 5589 587 5644 Idem
613 5605 711 5659 pro
742 5590 916 5660 θήρης
944 5590 1058 5646 καί.

298 5659 414 5729 (26)
440 5660 532 5731 Sic
559 5661 737 5731 scribo
757 5677 854 5730 pro
874 5659 1095 5731 ἔχοντες
1118 5678 1131 5691 ο
1169 5661 1400 5717 refertur
1426 5663 1568 5716 enim
1598 5662 1662 5714 ad
1688 5674 1783 5712 vo-

218 5746 346 5787 αιιιι
376 5729 682 5796 ἀγελαίους.

300 5799 523 5865 (ξητοῦ
552 5802 742 5870 scripsi
764 5816 862 5871 pro
893 5801 974 5867 τό,
1032 5811 1085 5858 et
1135 5818 1257 5856 mox
1313 5802 1393 5868 τό,
1441 5818 1536 5871 pro
1566 5801 1677 5853 τοῦ.
1713 5798 1781 5853 lta

1880 5243 2024 5296 enim
2059 5256 2251 5295 sensus
2272 5240 2442 5309 jubet.

1955 5311 2069 5378 (‘38)
2100 5312 2173 5364 Ita
2200 5312 2553 5380 scribendum
2584 5326 2683 5380 pro
2714 5312 2792 5365 τό.

1957 5376 2071 5450 (29)
2094 5383 2129 5451 η
2152 5379 2254 5453 μὲν
2285 5376 2377 5433 οὖν
2399 5381 2506 5453 τῆς
2537 5376 2729 5444 κακίας
2752 5387 2897 5453 φυγή
2922 5388 3090 5441 debeo
3116 5386 3449 5449 Colbertinot

1889 5466 2011 5519 qua:
2058 5451 2219 5525 verba
2260 5466 2327 5503 ex
2363 5451 2719 5525 alteronnale
2749 5451 3070 5512 exciderant
3108 5458 3178 5511 ob
3208 5462 3453 5525 proxime

1892 5521 2214 5593 antecedens
2244 5537 2256 5572 :
2296 5522 2409 5593 75x1).
2437 5520 2635 5583 κακίας
2667 5527 2835 5593 φυγῇ.

1966 5590 2080 5660 (30)
2104 5589 2248 5660 Idem
2283 5590 2435 5643 Colb.
2469 5607 2565 5658 pro
2592 5591 2751 5643 ὲσώϐ.

1892 5730 1919 5782 λ
1960 5662 2070 5785 (53:)
2101 5659 2192 5713 Sic
2222 5662 2567 5717 scribendum
2602 5677 2699 5733 pro
2727 5664 2894 5735 πάσῃ,
2916 5672 2971 5720 et
3004 5681 3124 5720 mox
3157 5670 3327 5739 λαϐῇ-δ
3353 5686 3452 5736 τιτο

1926 5749 1954 5783 1
1995 5748 2017 5784 ε
2045 5750 2091 5785 ν.

1926 5748 2091 5785 αυειν.
