4174 6450
214 461 321 529 με

1121 460 1222 520 ΔΙ)
1254 458 1847 522 AMPHILOCHIUM
1868 458 2213 531 QUBSTIO
2240 460 2513 522 CXXXV.

3313 449 3423 517 ἠδ

214 569 395 634 οὕτως
436 567 687 639 οὐδαμῶς
713 568 815 623 οὐκ
849 565 1001 621 εστιν
1037 568 1253 621 ἐναντία
1276 566 1387 622 τῶν
1421 568 1764 623 Δισποτικῶν

1839 620 1842 627 ,
1869 568 2059 624 vitium
2090 584 2232 639 sape
2259 568 2443 625 virtuti
2462 583 2523 626 se
2553 569 2774 635 miscet;
2820 568 2909 622 hic
2933 581 3081 632 vero,
3115 580 3214 636 per
3236 566 3421 619 occqu

216 661 474 731 ῥημάτων
493 664 528 732 ιι
558 659 868 732 νομοθεσία.

286 923 441 985 ’Ῑδοις
468 921 515 975 δ’
567 919 636 975 ἀν
684 921 782 974 καὶ
835 920 1010 985 ἄλλως
1057 920 1210 975 οὐδὲν
1264 916 1428 993 ἦττον
1473 922 1535 976 τὺ
1580 926 1766 996 ῥηθέν.

227 1018 490 1089 Ἐλέγχων
520 1015 630 1086 γάρ
657 1017 784 1081 τοὺς
822 1016 1149 1087 Φαρισαίους
1179 1018 1208 1069 ό
1235 1018 1445 1088 Σωτὴρ,
1478 1019 1573 1073 καὶ
1604 1036 1771 1089 μετα-

220 1110 496 1179 ρυθμίζων
517 1109 698 1162 αὐτῶν
717 1111 781 1161 τὸ
804 1126 1214 1179 κατεσχηματισ
1222 1109 1383 1180 μένον
1412 1113 1507 1165 καὶ
1540 1112 1772 1167 ὓπουλον

215 1203 293 1263 είς
310 1201 369 1253 τὸ
396 1200 625 1270 κόσμιόν
653 1218 714 1253 τε
740 1202 835 1253 καὶ
872 1201 965 1253 τὸν
1002 1201 1241 1271 χρηστὸν
1283 1192 1501 1273 τρόπον,
1542 1206 1773 1257 ἀπεῖπεν

218 1292 317 1359 μὲν
346 1292 527 1354 αὐτοῖς
560 1293 785 1359 φεύγειν
806 1291 868 1344 τὸ
898 1290 1034 1361 πρδς
1054 1290 1371 1361 ἀνθρώπους
1401 1292 1523 1363 ζῇ),
1558 1294 1775 1347 διώκειν

216 1385 295 1449 δὲ,
331 1385 429 1437 ὅσα
473 1382 763 1455 θεραπεύει
807 1382 961 1437 Θεόν.
1012 1383 1151 1445 Τοὺς
1197 1383 1292 1436 οὖν
1335 1385 1433 1454 τὴν
1471 1385 1776 1451 κενοδοξίαν

217 1475 499 1537 νοσοῦντας
546 1475 911 1528 ἀπαλλάσσων
956 1475 1057 1544 τῆς
1113 1476 1293 1539 νόσου,
1348 1475 1486 1546 πρὸς
1533 1477 1776 1539 ἐκείνους

216 1567 376 1635 φησίν
391 1585 406 1600 ·
444 1587 463 1619 ι
486 1567 577 1635 Μὴ
603 1568 806 1619 ποιεῖτε
828 1569 928 1637 τὴν
950 1567 1323 1636 ἐλεημοσύνην
1347 1567 1501 1636 ὑμῶν
1530 1567 1777 1638 ἔμπροσ-

217 1658 307 1709 θεν
332 1657 440 1709 τῶν
463 1655 782 1727 ἀνθρώπιον·
824 1675 845 1706 ι
866 1658 982 1718 καὶ,
1005 1676 1023 1707 ι
1044 1658 1107 1710 Ὀ
1131 1661 1275 1709 ποιεῖ
1303 1660 1335 1726 ἡ
1371 1656 1522 1721 δεξιά
1550 1675 1665 1722 σου,
1703 1657 1778 1728 μὴ

214 1746 406 1813 γνώτω
432 1749 467 1818 ἠ
494 1748 757 1819 ἀριστερά
780 1766 896 1812 σου,
935 1766 954 1798 ι
988 1750 1083 1801 καὶ
1109 1750 1207 1801 ὅσα
1225 1750 1407 1817 ὅμοια.
1434 1750 1573 1812 Τοὺς
1595 1750 1777 1818 ἐμπα-

217 1838 329 1901 θεῖς
396 1839 810 1910 περικαθαίρων
857 1839 953 1892 τοῦ
1002 1840 1229 1904 πάθους,
1286 1842 1412 1905 τοὺς
1473 1842 1776 1913 ὑποκριτάς

1869 670 1981 714 tum
2042 676 2234 731 nempe
2277 662 2493 716 virtutis
2549 661 2906 724 exercitium,
2970 656 3088 712 vitii
3145 656 3426 725 subreptin

1870 752 2083 820 penitus
2104 760 2345 807 cavetur.
2410 751 2505 805 illa
2544 751 2725 819 itaque
2763 748 2978 803 Domini
3026 757 3293 817 pracepta
3319 746 3425 801 sibi

1870 845 2182 913 neutiquam
2207 847 2582 900 adversantur.

1940 936 2086 999 Hec,
2153 952 2275 1006 quze
2307 937 2452 991 dicta
2481 941 2630 1000 sunt,
2693 936 2795 989 alia
2822 948 3043 1004 quoque
3067 932 3278 987 ratione
3304 932 3430 986 illu-

1870 1036 2041 1081 strare
2058 1036 2112 1081 et
2134 1026 2437 1096 perspicere
2453 1026 2596 1080 licet.
2632 1022 2937 1079 Pharisaeos
2958 1024 3104 1078 enim
3127 1023 3428 1093 castigans.

1873 1131 2159 1184 moresque
2209 1131 2397 1171 eorum
2443 1114 2729 1169 simulatos
2765 1125 2821 1169 et
2843 1114 3117 1170 sublestos
3145 1114 3213 1167 ad
3243 1128 3428 1167 veram

1874 1204 2211 1259 honestatem
2254 1215 2307 1258 et
2356 1204 2679 1273 probitatem
2710 1203 3136 1272 compositurus,
3161 1202 3331 1256 vetuit
3361 1217 3432 1255 ne

1845 1296 1940 1348 ‘ad
1994 1294 2271 1349 hominum
2323 1294 2588 1363 judicium
2647 1296 2811 1348 vitam
2865 1308 3021 1349 suam
3056 1303 3299 1363 agerent,
3335 1293 3430 1347 sed

1874 1399 1937 1438 ea
1988 1386 2169 1453 potius
2232 1394 2716 1450 consectarentur,
2765 1399 2886 1453 qua:
2942 1381 3053 1437 Deo
3106 1385 3429 1452 probantur.

1876 1473 1986 1530 llos
2018 1475 2201 1543 itaque
2236 1490 2267 1528 a
2327 1489 2477 1528 vana:
2528 1474 2715 1543 gloriae
2766 1474 2947 1530 studio
2975 1482 3327 1539 avocaturus,
3360 1472 3434 1528 ita

1875 1581 1970 1622 eos
1994 1567 2288 1635 alloquitur
2324 1584 2339 1620 :
2378 1564 2483 1622 «Ne
2514 1566 2728 1623 faciatis
2752 1568 3149 1637 eleemosynam
3196 1565 3433 1622 vestram

1875 1672 2061 1712 coram
2092 1656 2433 1722 hominibus;
2457 1674 2477 1708 ι
2511 1667 2567 1710 et
2614 1674 2629 1711 :
2676 1676 2695 1709 ι
2727 1656 2881 1722 Quod
2906 1656 3035 1713 facit
3062 1657 3289 1712 dextera
3316 1667 3432 1721 tua,

1877 1750 2007 1805 illud
2038 1749 2246 1804 nesciat
2276 1749 2525 1815 sinistra;
2551 1768 2571 1801 ι
2617 1750 2832 1819 aliaque
2861 1751 2947 1806 his
2976 1751 3196 1806 similia.
3246 1750 3436 1805 Homi-

1878 1857 1975 1897 nes
1996 1842 2202 1911 itaque,
2232 1841 2513 1898 aﬂ'ectibus
2544 1843 2908 1913 indulgentes,
2938 1858 2967 1896 a
2998 1845 3143 1899 malo
3170 1845 3274 1899 hoc
3305 1860 3432 1913 pur-

215 1929 452 1982 ἐλαύνων
508 1930 610 1999 τῆς
661 1931 886 2002 σκηνῆς,
941 1932 1068 1995 τοὺς
1121 1932 1225 1984 ὑπὸ
1269 1932 1418 2002 ζόφῳ
1452 1936 1543 1986 καὶ
1594 1933 1771 2005 πλάνῃ

1839 1943 1983 2003 :gat,
2036 1934 2349 2003 hypocritas
2392 1948 2461 1988 ex
2518 1937 2729 1990 theatro
2782 1936 3085 2005 propulsat,
3157 1937 3430 2002 homines,

214 2019 686 2089 πολιτευομένους,
738 2022 819 2084 είς
858 2022 950 2074 τὸν
997 2022 1213 2090 ἀπλανῆ
1264 2024 1359 2077 καὶ
1393 2024 1635 2095 καθαρὸν
1674 2027 1771 2094 τῆς

213 2110 419 2180 ἀρετῆς
448 2112 562 2181 βίον
593 2113 933 2180 μετακαλῶν,
970 2115 1029 2179 ἐξ
1070 2108 1130 2167 οὗ
1156 2113 1438 2180 διαυγάζει
1468 2117 1502 2182 ὴ
1531 2116 1779 2169 ἀπάθεια»

213 2204 309 2258 καὶ
356 2205 391 2274 ἡ
444 2204 649 2273 ἀληθὴς
696 2205 847 2271 δόξα,
882 2205 978 2258 καὶ
1022 2208 1054 2277 ή
1104 2205 1425 2275 λαμπρότης
1468 2208 1500 2275 ἡ
1544 2207 1769 2279 ψυχική.

213 2296 399 2357 Οὕτως
423 2296 524 2349 οὐκ
566 2296 712 2349 ἐστιν
743 2296 994 2366 ἀλλήλοις
1026 2297 1243 2350 ἐναντία
1269 2297 1337 2351 τά
1369 2298 1485 2349 οεῖα
1524 2300 1617 2351 καὶ
1655 2300 1772 2369 ἱερά

216 2388 556 2455 Λὸγια.ὦστε
585 2388 897 2442 τούναντίον
926 2382 1035 2441 οὔδ’
1062 2390 1127 2443 ἄν
1155 2406 1207 2441 τι
1238 2389 1447 2454 γένοιτο
1470 2388 1577 2442 τῶν
1597 2390 1770 2461 ἔργων

211 2480 570 2549 ἀπαστράψαι
595 2479 693 2547 τὴν
734 2479 1076 2549 λαμπηδόνα,
1108 2482 1155 2532 εἰ
1206 2484 1281 2549 μὴ
1325 2482 1423 2549 τῆς
1471 2482 1773 2547 κενοδοξίας

209 2571 299 2621 τὸν
362 2570 526 2638 ζόφον
564 2570 827 2640 πρότερον
874 2570 1223 2639 διασκεδάσῃ,
1279 2569 1374 2622 καὶ
1430 2572 1667 2641 περιέλοι
1716 2574 1775 2634 ἐξ

209 2680 396 2715 αυτου.

282 2841 492 2904 Ἀλλως
521 2860 581 2895 τε
607 2842 665 2896 δέ
688 2883 704 2908 ,
738 2844 788 2895 εί
814 2842 874 2895 τὺ
902 2844 975 2912 μὴ
1017 2843 1393 2905 σκανδαλίζειν
1427 2844 1518 2896 τὸν
1548 2843 1774 2911 πλησίον

209 2932 505 3002 σύνδρομόν
543 2934 678 2995 ἐστι,
723 2934 922 3002 μᾶλλον
959 2934 1015 2987 δέ
1050 2936 1462 3005 προηγούμενον
1487 2932 1581 2986 τοῦ
1616 2950 1771 3003 περι-

208 3025 420 3093 λάμψαι
452 3026 563 3085 τοῖς
590 3024 773 3095 ἔργοις
795 3027 921 3088 τοὺς
949 3025 1289 3097 ἀνθρώπους,
1311 3026 1371 3077 τὸ
1392 3026 1470 3090 δὲ,
1503 3026 1578 3095 μὴ
1602 3027 1774 3078 ποιεῖν

208 3116 349 3185 πρὸς
378 3116 657 3180 ἐπίδειξιν,
688 3119 746 3170 ἐν
776 3116 855 3186 τῷ
886 3118 960 3186 μὴ
1006 3118 1383 3181 σκανδαλίζειν
1418 3117 1492 3179 ὡς
1528 3119 1584 3169 ἐν
1620 3118 1775 3187 μέρει

207 3206 371 3270 νόμος
399 3207 713 3275 περιέχεται
743 3206 822 3275 τῷ
862 3206 987 3275 ὅλῳ.
1034 3207 1143 3260 Καὶ
1191 3208 1250 3259 τὸ
1290 3206 1513 3274 φεύγειν
1544 3208 1653 3277 ἄρα
1678 3206 1774 3277 τὴν

207 3296 520 3361 κενοδοξίαν
574 3298 1008 3366 προπαρασκευὴ
1057 3297 1266 3363 γίνεται
1315 3297 1407 3349 τοῦ
1468 3297 1774 3367 ἔμπροσθεν

206 3386 319 3438 τῶν
360 3386 663 3457 ἀνθρώπων
700 3387 790 3440 διά
834 3386 943 3439 τῶν
984 3386 1164 3456 ἔργων
1213 3387 1547 3455 ἀναλάμψαι.
1615 3389 1772 3441 vim

206 3477 318 3545 γὰρ
340 3477 409 3530 τά
440 3478 539 3546 μὲν
573 3478 825 3547 Κυριακά
851 3476 1006 3544 λόγια
1037 3478 1134 3547 σὴν
1158 3478 1269 3546 (55)
1316 3479 1688 3548 συνεξαίτησίν
1716 3498 1772 3532 τε

210 3572 307 3621 καὶ
345 3570 508 3639 χάριν
557 3570 832 3640 διαφόροις
876 3568 1154 3633 ἐπιϐολαῖς
1201 3572 1322 3623 ἀντὶ
1349 3571 1444 3623 τοῦ
1488 3573 1775 3640 διαφωνεῖν

208 3660 499 3728 ἐπεδείχθη
540 3660 737 3728 μᾶλλον
756 3661 1111 3730 ἀσπαζόμενα
1130 3660 1230 3729 τὴν
1261 3662 1597 3730 συμφωνίαν.

286 3942 443 3993 Ἐστι
470 3941 529 3994 δὲ
560 3943 652 3995 καί
677 3944 1018 3997 Δεσποτικῶν
1045 3945 1078 4012 ἡ
1105 3945 1338 4014 μίμησις
1367 3946 1566 4014 νόμων,
1590 3947 1776 4000 κάκεῖ-

207 4034 305 4086 θεν
360 4032 473 4103 ἔχει
528 4032 627 4103 τὴν
683 4035 930 4103 πρόοδον,
978 4036 1040 4089 τὸ
1097 4035 1336 4089 πλείοσιν
1389 4040 1775 4109 ἐπιχειρήμασι

208 4124 526 4194 μεθοδεύειν
571 4125 640 4177 τά
687 4127 1000 4189 στασιάζειν
1038 4127 1285 4197 ἀλλήλοις
1342 4129 1601 4183 δοκοῦντα
1667 4131 1777 4183 τῶν

208 4216 635 4285 προϐλημάτων.
671 4217 781 4269 Καὶ
810 4217 918 4287 γὰρ
957 4218 1116 4279 αὐτὸς
1136 4220 1164 4270 ὁ
1195 4219 1375 4280 κοινὸς
1410 4219 1502 4271 καὶ
1526 4221 1778 4289 mam:

206 4311 307 4361 καί
340 4308 689 4373 Διδάσκαλος,
729 4310 822 4361 καὶ
872 4309 1062 4378 Σωτὴρ
1119 4310 1414 4381 εἰσηγητὴς
1460 4312 1651 4380 ὁρᾶται
1684 4312 1777 4363 τοῦ

206 4399 460 4460 κανόνος,
484 4392 565 4459 οἷς
601 4399 879 4467 ἐποίησεν.
914 4399 1027 4453 Οὐκ
1055 4397 1221 4469 ἄχαρι
1267 4398 1314 4451 δ’
1359 4400 1487 4462 ἴσως
1512 4400 1571 4451 ἐν
1594 4398 1777 4468 ταυτῷ

206 4508 296 4543 σοι
326 4490 787 4555 συνδιεξαπλῶσαι
825 4491 920 4543 καὶ
948 4490 1046 4560 τὴν
1074 4490 1311 4561 θεωρίαν
1334 4490 1430 4544 τοῦ
1462 4491 1646 4561 τρίτου
1677 4492 1777 4562 ζη-

1879 2026 2017 2078 inter
2046 2024 2273 2078 nebulas
2329 2032 2384 2079 et
2425 2040 2638 2080 errores
2664 2026 2828 2080 vitam
2862 2035 3102 2096 agentes,
3158 2031 3225 2081 ad
3264 2028 3431 2081 vitam

1879 2117 2209 2185 inculpatam
2227 2126 2283 2173 et
2312 2131 2449 2186 puro
2475 2118 2690 2172 virtutis
2706 2117 2886 2173 studio
2906 2132 3211 2183 coruscam,
3231 2136 3296 2174 ex
3324 2135 3433 2189 qua

1880 2208 2141 2263 immunis
2189 2208 2258 2262 ab
2309 2208 2589 2263 affectibus
2615 2209 2849 2271 animus,
2886 2223 3118 2279 veraque
3149 2211 3339 2280 gloria,
3380 2220 3435 2265 et

1878 2297 2075 2352 mentis
2099 2297 2353 2367 splendor
2382 2297 2599 2360 emicat,
2628 2297 2894 2366 perducit.
2926 2296 3215 2367 Propterea
3249 2299 3433 2353 divina

1878 2394 1931 2441 et
1957 2400 2112 2440 sacra
2155 2386 2244 2441 ilia
2288 2387 2507 2441 oracula
2546 2386 2682 2441 adeo
2709 2386 2810 2442 sibi
2836 2388 3064 2443 invicem
3096 2404 3206 2443 non
3239 2390 3435 2443 adver—

1879 2490 2087 2546 santur,
2157 2487 2220 2535 ut
2269 2481 2447 2547 potius
2504 2480 2712 2547 lampas
2742 2479 3004 2534 bonorum
3036 2495 3262 2550 operum
3290 2483 3431 2549 apud

1880 2571 2151 2629 neminem
2202 2570 2384 2627 lucere
2436 2572 2623 2641 possit,
2666 2572 2769 2624 nisi
2803 2572 2897 2640 qui
2940 2573 3089 2641 prius
3123 2587 3273 2626 vanae
3311 2589 3429 2626 am-

1879 2662 2104 2718 bitionis
2170 2663 2452 2731 caliginem
2520 2663 2825 2731 dispulerit,
2892 2679 3058 2732 seque
3115 2664 3184 2719 ab
3240 2664 3329 2718 illa
3372 2665 3431 2718 li-

1880 2755 2100 2809 berarit.

1953 2847 2097 2900 idem
2127 2847 2229 2902 hoc
2280 2848 2443 2903 etiam
2498 2851 2604 2903 alia
2641 2850 2850 2903 ratione
2883 2847 3161 2916 probatur.
3204 2846 3359 2913 Quod
3388 2848 3435 2902 si

1880 2938 2261 2993 ot'fendiculum
2283 2954 2390 2993 non
2420 2955 2619 3009 ponere
2653 2942 2902 3011 proximo
2952 2939 3303 3009 coniunctum
3328 2948 3430 3004 est,

1881 3028 1961 3080 vel
1990 3028 2248 3095 praevium
2278 3029 2458 3096 petius
2485 3030 2581 3092 illi,
2625 3040 2684 3083 ut
2740 3039 2884 3083 recte
2916 3027 3057 3083 facta
3092 3031 3160 3082 ab
3197 3029 3434 3083 homini-

1882 3117 1983 3171 bus
2015 3117 2451 3186 conspiciantur;
2500 3120 2632 3172 nihil
2675 3132 2853 3173 autem
2897 3118 2963 3171 ad
3014 3120 3432 3173 ostentationem

1882 3206 2078 3271 facere,
2124 3218 2379 3277 tanquam
2428 3224 2553 3278 pars
2586 3219 2833 3278 respectu
2895 3211 3079 3273 totius,
3111 3210 3429 3279 requiritur,

1801 3286 1842 3342 C
1877 3306 1936 3349 ut
1972 3295 2257 3351 offensioni
2288 3312 2394 3350 non
2423 3299 2625 3363 simus;
2659 3299 3008 3367 consequitur
3072 3297 3255 3368 fugam
3278 3313 3435 3352 vanze

1878 3387 2191 3441 ambitionis
2239 3402 2542 3456 praeparare
2589 3389 2884 3452 hominem,
2919 3397 2979 3442 ut
3025 3389 3282 3457 operibus
3320 3392 3437 3443 suis

1877 3496 2060 3535 coram
2106 3481 2419 3535 hominibus
2464 3483 2643 3534 lucere
2686 3482 2878 3550 possit.
2938 3480 3125 3549 itaque
3167 3482 3232 3534 ad
3290 3483 3431 3552 peti-

1880 3573 2078 3626 tionem
2110 3583 2257 3627 tuam
2292 3584 2489 3644 tuaque
2517 3588 2684 3627 causa
2713 3574 2878 3628 variis
2926 3573 3101 3627 modis
3151 3583 3434 3628 ostensum

1877 3681 1905 3717 a
1932 3680 2016 3719 me
2043 3675 2147 3731 est,
2180 3666 2392 3721 Domini
2448 3667 2619 3722 nostri
2659 3667 2802 3721 dicta
2831 3666 2968 3721 adeo
3040 3666 3144 3721 sibi
3195 3667 3431 3721 invicem

1877 3770 1987 3810 non
2045 3757 2345 3822 adversari,
2417 3766 2477 3810 ut
2560 3756 2847 3811 consensio
2900 3755 3087 3825 potius
3147 3753 3436 3810 manifeste

1879 3859 2157 3917 appareat.

1948 3936 2134 3993 imitor
2160 3953 2292 3993 vero
2317 3938 2405 3993 hic
2453 3937 2667 3993 Domini
2714 3938 2886 3993 nostri
2922 3936 3252 4007 exemplum,
3288 3938 3431 4007 quod

1877 4030 2025 4095 facit,
2055 4040 2116 4085 ut
2142 4030 2393 4100 pluribus
2422 4030 2595 4084 modis
2638 4040 2693 4084 et
2720 4031 3052 4100 argumentis
3100 4030 3155 4083 in
3207 4044 3435 4084 concor—

1876 4122 2018 4176 diam
2050 4122 2139 4176 illa
2172 4122 2503 4190 redigantur,
2533 4135 2653 4188 qu:e
2699 4136 2884 4176 secum
2934 4121 3165 4177 invicem
3194 4137 3435 4191 pugnare

1878 4213 2148 4267 videntur.
2172 4211 2293 4282 Ipse
2310 4214 2457 4267 enim
2475 4212 2780 4267 communis
2801 4222 3046 4266 nostrum
3080 4222 3135 4268 et
3156 4216 3432 4275 conditor,

1876 4315 1934 4361 et
1960 4307 2170 4370 doctor,
2194 4315 2247 4360 et
2274 4304 2550 4369 Servator,
2579 4319 2643 4359 ex
2688 4305 2775 4369 iis,
2810 4320 2931 4373 qua:
2960 4305 3073 4375 ipse
3116 4304 3263 4369 fecit,
3296 4308 3436 4359 hanc

1881 4396 2122 4464 regulam
2155 4393 2415 4449 docuisse
2459 4393 2802 4463 intelligitur.
2842 4394 2975 4448 Dum
3030 4394 3085 4450 in
3140 4395 3245 4449 hoc
3286 4410 3433 4455 sum,

1879 4486 2370 4555 noninjucundum
2416 4485 2511 4540 tibi
2556 4484 2789 4540 fortasse
2815 4485 2999 4552 fuerit,
3055 4486 3217 4540 etiam
3267 4487 3437 4540 tertiae

202 4584 475 4652 τήματος.
509 4583 639 4634 Ὅτε
689 4582 798 4650 γάρ
829 4583 890 4634 τὸ
944 4583 1235 4651 ἀχάριστον
1278 4583 1373 4636 καὶ
1426 4583 1775 4652 ἀναίσχυντον

1839 4611 1856 4663 )
1882 4577 2199 4647 quaestionis
2225 4590 2454 4630 examen
2497 4577 2794 4645 suscipere.
2826 4578 2961 4631 Cum
3009 4578 3156 4631 enim
3188 4578 3435 4645 improba

202 4676 363 4735 ἔθνος
392 4674 497 4726 τῶν
538 4673 808 4729 Ἰουδαίων
839 4674 935 4741 τῆς
960 4676 1017 4725 ἐν
1044 4672 1305 4742 Σαϐϐάτῳ
1326 4672 1628 4740 σιτολογίας
1651 4674 1778 4737 τοὺς

205 4766 463 4837 μαθητάς
491 4764 667 4826 αἰτίας
705 4765 1086 4833 εἰσέπραττεν,
1117 4765 1215 4833 οὐχ
1254 4764 1334 4816 ἐνί
1383 4780 1446 4831 γε
1483 4764 1669 4833 τρόπῳ
1715 4765 1777 4817 τὸ

204 4855 609 4925 ἐπηρεαστικδν
631 4855 812 4908 αὐτῶν
840 4855 1218 4920 ἐπεστόμισεν.
1256 4853 1413 4905 Ἀλλά
1443 4854 1654 4923 πρῶτον
1677 4854 1776 4922 μέν

202 4950 311 5020 τὴν
337 4948 585 5014 ἀνάγκην
620 4947 804 5009 αὐτοῖς
835 4946 1259 5014 ἀντεπέστησεν.
1313 4944 1483 4996 Τοῦτο
1531 4944 1641 5015 γὰρ
1680 4945 1774 4997 καὶ

205 5037 684 5099 κατασκευάζεται
731 5038 798 5106 τῇ
832 5035 973 5088 κατὰ
1003 5035 1093 5087 τὸν
1140 5035 1306 5087 Δαόὶδ
1338 5036 1535 5104 πράξει
1568 5038 1663 5088 καὶ
1694 5036 1771 5105 τῷ

204 5127 639 5196 παραδείγματι,
668 5126 725 5189 ὃς
753 5126 880 5187 τοὺς
913 5128 1111 5195 ἄρτους
1161 5126 1352 5194 φαγὼν
1379 5128 1479 5179 οὐκ
1504 5128 1625 5190 ἐξὸν
1671 5128 1773 5195 τῆς

206 5217 550 5286 προθέσεως,
574 5216 752 5278 αἰτίας
784 5216 1026 5283 ἀφίεται.
1064 5218 1328 5285 Δεύτερον
1354 5217 1411 5269 δὲ
1438 5218 1543 5269 ἀπὸ
1563 5216 1658 5269 τοῦ
1682 5218 1774 5270 τό·

206 5326 339 5368 που,
376 5308 493 5377 ἢτοι
543 5306 697 5373 παρά
736 5307 797 5359 τὸ
847 5309 906 5359 ἐν
948 5306 1025 5376 τῷ
1072 5309 1223 5376 τόπῳ
1252 5308 1566 5376 προνόμιον.
1598 5309 1778 5377 Παρα-

201 5399 567 5468 δειγματικὺν
603 5399 701 5467 μέν
731 5398 826 5451 καὶ
860 5396 1040 5458 τοῦτο,
1073 5398 1213 5466 πλὴν
1247 5397 1343 5450 τοῦ
1373 5401 1642 5467 προτέρου
1676 5401 1775 5468 βα-

1880 4680 1927 4721 et
1965 4666 2252 4737 impudens
2298 4665 2607 4721 Judaaorum
2644 4668 2793 4720 natio
2846 4667 3143 4736 discipulos
3171 4668 3437 4720 rationem

1877 4760 2098 4815 redolere
2115 4760 2343 4827 jubebat
2364 4759 2434 4823 “,
2468 4773 2568 4814 cur
2595 4760 2647 4813 in
2705 4759 2943 4814 Sabbato
2974 4771 3271 4813 sementem
3288 4774 3440 4814 com-

1872 4852 2131 4915 edissent,
2165 4866 2271 4904 non
2324 4864 2432 4904 uno
2462 4850 2618 4904 modo
2648 4850 2877 4919 injurios
2922 4865 3109 4905 eorum
3161 4865 3439 4905 sermones

1875 4943 2274 5005 compescebat.
2304 4940 2487 4995 Primo
2513 4942 2729 5010 quidem
2768 4942 2881 4995 ioca
2917 4943 3294 4996 necessitatem
3326 4942 3435 4995 illis

1876 5034 2208 5088 obvertebat.
2244 5031 2300 5088 id
2328 5034 2530 5087 scilicet
2558 5034 2675 5102 ipso
2697 5034 2910 5087 Davidis
2943 5033 3085 5087 facto
3113 5043 3168 5087 et
3188 5035 3437 5103 exemplo

1878 5123 2216 5188 firmabatur,
2246 5125 2362 5193 qui,
2392 5139 2517 5178 cum
2573 5140 2739 5193 panes
2789 5124 3195 5193 propositionis,
3237 5125 3439 5195 quibus

1878 5215 2023 5271 vesci
2072 5231 2178 5269 non
2229 5217 2447 5281 licebat,
2500 5217 2847 5282 comedisset,
2894 5231 2924 5269 a
2961 5217 3116 5285 culpa
3177 5217 3439 5272 immunis

1881 5308 2200 5362 habebatur.
2240 5310 2483 5363 Alterum
2514 5319 2894 5377 argumentum
2923 5310 3055 5375 petit
3082 5322 3114 5361 a
3141 5308 3282 5371 loco,
3321 5307 3439 5362 sive

1883 5399 2061 5465 potius
2091 5414 2121 5452 a
2152 5402 2502 5470 praerogativa
2559 5401 2818 5469 quadam,
2871 5400 2992 5453 loco
3038 5400 3280 5469 propria.
3332 5401 3439 5453 Ar-

203 5490 674 5560 θύτερον.”Ωσπερ
694 5490 801 5559 γάρ
824 5491 1005 5559 ὴαύτὴ
1027 5489 1222 5559 πρᾶξις
1245 5489 1351 5555 ἐξω
1384 5490 1484 5558 μέν
1504 5491 1597 5544 τοῦ
1640 5492 1775 5560 ίεροῐ

1895 5501 2209 5559 gumentum
2269 5493 2371 5546 hoc
2420 5492 2602 5546 itidem
2637 5492 2705 5545 ab
2743 5490 2988 5560 exemplo
3057 5491 3297 5557 ducitur,
3342 5489 3438 5545 sed

282 5608 327 5638 "
352 5606 540 5663 Matth.
574 5607 724 5671 xtt,i
760 5621 921 5675 seqq.

1728 5696 1949 5754 NOTAE.

285 5813 402 5887 (33)
426 5814 523 5883 σὴν
548 5815 714 5887 habes
736 5830 800 5869 ex
831 5814 1070 5887 Colbert.
1113 5813 1311 5887 Vocula
1335 5815 1471 5887 inec
1518 5816 1573 5867 in
1604 5814 1772 5870 altero
1808 5814 1877 5870 ob
1894 5830 2128 5887 sequens
2203 5818 2572 5886 συνεξαίτητιν
2632 5814 2834 5873 omissa
2865 5820 3003 5873 erat.
3029 5810 3121 5866 ubi
3150 5820 3330 5864 tamen
3358 5820 3422 5864 at-

198 5900 317 5955 que
342 5883 477 5939 adeo
508 5895 561 5940 et
595 5885 680 5939 hic
712 5886 913 5941 rectius
941 5885 1142 5955 legetur
1173 5884 1271 5955 σὴν
1300 5884 1594 5951 sisit-now.
