4174 6450
727 423 835 488 ’147

1871 431 2132 492 ΡΗΟΤΙῙ
2167 433 2670 495 ΡΑΤΠῙΑΒΟΗΕ
2708 434 2810 494 CP:

3855 426 3972 494 τις

726 538 896 608 priori
937 537 1030 594 illo
1066 546 1150 594 est
1180 539 1418 608 gravius.
1454 537 1606 594 Sicut
1658 538 1805 594 enim
1837 541 2026 595 eadem
2050 542 2215 606 actio,
2237 540 2284 595 si
2315 589 2320 601 ,

2407 544 2670 613 γινομένη.
2700 541 2836 611 πρὸς
2880 541 3037 609 δικην
3070 540 3292 608 ὑπάγει,
3337 538 3397 592 ὲν
3430 535 3586 607 ,αὐτῷ
3615 537 3676 590 δι
3703 537 3782 607 τῷ
3827 538 3977 608 ἱερῷ

725 621 944 699 quidem
1000 639 1152 685 extra
1225 632 1405 685 locum
1439 643 1686 686 sanctum
1747 632 1859 698 ﬁat,
1894 633 2110 688 crimini
2159 631 2291 686 facit

726 723 1046 785 obnoxium,
1076 737 1198 792 quae
1242 723 1297 776 in
1331 735 1520 778 saneto
1556 724 1677 780 loco
1705 732 1939 794 patrata,
1980 740 2133 779 reum
2178 740 2286 779 non

727 814 906 868 reddit
934 831 950 880 ;
1003 815 1097 878 ita,
1127 816 1172 869 si
1209 816 1301 884 qui
1333 815 1424 868 alii
1450 815 1770 885 simpliciter
1812 815 1867 869 in
1903 815 2142 870 Sabbato
2175 815 2291 870 fru-

727 912 914 956 mento
958 914 1247 958 vescantur
1301 903 1527 974 (largiar
1560 905 1663 959 hoc
1714 904 1919 975 vobis.)
1963 906 2134 974 culpae
2163 913 2293 958 sunt

727 996 968 1053 obnoxii.
1019 997 1089 1050 At
1120 1012 1251 1051 vero
1279 998 1379 1059 illi,
1415 996 1510 1067 qui
1567 997 1851 1053 hominum
1904 1005 2034 1051 sunt
2089 1011 2288 1051 serva-

730 1095 900 1153 tores,
929 1095 986 1140 et
1011 1086 1283 1150 doctores,
1311 1087 1515 1155 quique
1544 1102 1667 1140 cum
1710 1090 1828 1157 ipso
1857 1087 2147 1142 sacerdotii
2184 1087 2294 1142 Do-

727 1177 883 1231 mino
910 1184 967 1232 et
1011 1176 1325 1246 legislatore
1375 1186 1684 1242 versantur,
1737 1180 1823 1233 vel
1878 1185 2166 1246 prepterea
2223 1180 2292 1232 ab

730 1268 880 1323 anni
932 1269 1164 1323 crimine
1197 1268 1467 1323 immunes
1520 1269 1811 1324 habentur.
1869 1271 2000 1335 Qua:
2030 1270 2174 1323 enim
2203 1270 2294 1323 hic

732 1369 884 1424 sunt,
923 1369 1114 1415 sancto
1139 1361 1232 1414 illo
1261 1361 1385 1414 loco
1409 1371 1535 1414 sunt
1565 1361 1794 1429 majora.
1830 1361 1999 1414 Porro
2029 1375 2160 1415 vero
2192 1360 2293 1413 mi-

731 1449 1045 1504 sericordie
1081 1463 1298 1519 quoque
1329 1451 1551 1504 nomine
1584 1452 1881 1504 amentiam
1913 1465 2103 1504 eorum
2129 1450 2297 1505 casti-

736 1547 848 1608 gat.
902 1538 962 1592 Si
1005 1540 1151 1594 enim
1198 1540 1552 1604 sacriﬁcium,
1592 1542 1794 1610 inquit,
1824 1550 2048 1611 praestat
2097 1542 2291 1596 obser-

733 1631 952 1685 vatione
999 1630 1246 1698 Sabbati,
1303 1631 1391 1686 lex
1441 1647 1570 1686 vero
1626 1642 1807 1687 vestra
1865 1633 2295 1688 misericordiam

733 1723 1010 1777 sacriﬁcio
1062 1722 1322 1792 prafert:
1380 1741 1401 1774 ι
1429 1721 1860 1778 Misericordiam
1888 1725 2057 1789 enim,
2093 1723 2295 1792 inquit,

735 1815 883 1882 volo,
916 1831 1024 1870 non
1059 1830 1191 1869 vero
1238 1816 1567 1870 sacriﬁcium
1603 1816 1652 1847 ⁸³
1683 1833 1698 1881 ;
1730 1833 1750 1867 ι
1805 1817 1884 1870 illi
1942 1816 2151 1885 utique,
2199 1817 2294 1885 qui

737 1919 838 1972 pro
878 1921 963 1971 eo,
1010 1907 1155 1974 quod
1209 1907 1277 1960 ad
1333 1907 1766 1961 misericordiam
1817 1907 1959 1962 ﬂecti
2006 1908 2293 1972 debebant,
2326 1886 2374 1943 Β

737 1994 1204 2060 praevaricationis
1227 2009 1417 2063 poenas
1445 2004 1698 2064 poscunt,
1729 1995 1957 2064 majoris
1984 1999 2192 2065 peccati
2216 1998 2296 2051 rei

739 2084 938 2137 merito
959 2084 1247 2149 habentur,
1279 2087 1528 2141 umbram
1564 2087 1702 2156 legis
1754 2087 2118 2142 vindicantes.
2153 2087 2300 2142 Prae-

738 2184 888 2230 terea
917 2182 1115 2244 quarto
1140 2175 1302 2230 etiam
1336 2188 1659 2244 argumento
1691 2177 1746 2232 in
1784 2179 2005 2231 eosdem
2046 2179 2299 2232 animad-

738 2265 924 2331 vertit,
969 2264 1181 2332 dicens,
1237 2267 1514 2320 hominem
1562 2283 1669 2322 non
1721 2278 1947 2336 pr0pter
2000 2268 2299 2325 Sabbatnm

739 2358 968 2423 factum,
997 2360 1094 2415 sed
1133 2360 1430 2414 Sabbatum
1459 2361 1641 2428 potius
1689 2363 1744 2417 in
1773 2363 2014 2418 hominis
2049 2378 2298 2417 commo-

737 2449 870 2503 dum
900 2450 1176 2504 conditum
1200 2466 1320 2505 esse
1345 2452 1413 2505 ⁸⁸.
1450 2451 1689 2522 Denique
1703 2462 1758 2508 et
1776 2454 2064 2509 verborum
2091 2455 2301 2523 ﬂagello

739 2543 992 2596 amentia!
1018 2557 1209 2596 eorum
1235 2544 1480 2612 quintam
1512 2544 1705 2614 inﬂigit
1733 2546 1972 2617 plagam,
1994 2561 2103 2615 qua
2136 2547 2300 2600 simul

740 2634 915 2686 instar
937 2632 1151 2687 Domini
1180 2649 1304 2689 cum
1350 2635 1559 2702 majore
1593 2637 1831 2704 quadam
1879 2638 2204 2692 auctoritate
2247 2647 2303 2692 et

740 2724 982 2778 cllicacia
1008 2724 1228 2780 eosdem
1268 2725 1516 2795 castigat.
1558 2743 1577 2777 ι
1609 2726 1871 2781 Dominus
1901 2728 2069 2790 enim,
2101 2728 2300 2796 inquit,

741 2815 964 2871 Sahbati
992 2826 1078 2870 est
1105 2815 1272 2870 Filius
1304 2817 1544 2870 hominis
1563 2818 1631 2870 ³⁸.
1659 2837 1677 2868 ι
1703 2817 1858 2881 Quod
1898 2819 1942 2872 si
1977 2834 2107 2871 vero
2129 2819 2303 2874 Filius

740 2918 827 2962 est
855 2905 1155 2972 Dominus;
1183 2907 1635 2975 discipuliautem
1667 2909 1748 2962 vel
1779 2909 2014 2963 maxime
2045 2910 2141 2963 lilii
2174 2923 2305 2967 sunt

740 3007 798 3052 et
827 2997 1069 3051 heredes
1104 2997 1206 3065 (illi
1242 2999 1390 3050 enim
1419 2997 1578 3065 primi
1609 3012 1717 3051 non
1749 3013 1816 3052 ex
1862 3001 2153 3068 sanguine,
2199 3017 2304 3055 nec

739 3102 810 3144 ex
833 3088 1112 3142 voluntate
1149 3089 1333 3142 carnis
1377 3103 1479 3142 nec
1513 3103 1582 3142 ex
1614 3089 1892 3144 voluntate
1937 3091 2059 3154 viri,
2090 3092 2189 3146 sed
2231 3108 2296 3147 ex

2396 633 2690 686 ἀνεύθυνον
2715 631 2940 685 ἀπολύει
2969 648 2984 663 ο
3016 631 3157 684 οὕτω
3202 632 3296 683 καὶ
3339 631 3632 697 σιτολογεῖν
3665 629 3765 697 μέν
3807 646 3978 690 τινας

2391 724 2580 787 ἁπλῶς
2625 724 2685 776 ἐν
2716 722 2976 793 Σαϐϐάτῳ
3000 722 3249 793 (δεδόσθω
3303 721 3414 791 γὰρ
3466 723 3593 790 ὑμῖν
3619 719 3660 789 ,)
3712 721 3862 772 ποιεῖ
3913 723 3978 772 ἐν

2392 817 2679 880 εὐθύναις·
2719 818 2845 878 τοὺς
2902 815 2958 867 δὲ
2987 815 3096 866 τῶν
3125 811 3427 880 ἀνθρώπων
3455 811 3704 880 σωτῆρας
3745 811 3839 862 καὶ
3886 809 3976 860 δι-

2391 907 2713 972 δασκάλους,
2746 907 2842 960 καὶ
2889 904 3038 974 αὐτῷ
3064 902 3145 973 τῷ
3191 903 3294 972 τῆς
3355 902 3659 971 ἱερωσύνης
3704 902 3976 962 συνόντας

2392 997 2640 1070 Δεσπότῃ
2667 998 2763 1050 καὶ
2797 996 3063 1068 νομοθέτῃ
3090 993 3292 1056 παντὸς
3328 994 3650 1063 αἱτιάματος
3683 990 3978 1045 ἀπαλλάτ-

2392 1107 2494 1142 τει.
2525 1088 2711 1158 Πολλῷ
2739 1088 2848 1159 γὰρ
2873 1088 3046 1157 μείζω
3070 1087 3163 1138 τοῦ
3193 1085 3341 1155 ἱεροῦ
3365 1084 3433 1137 τὰ
3463 1082 3716 1137 ἐνταῦθα.
3757 1084 3884 1135 Ἔτι
3916 1082 3978 1137 δὲ

2395 1185 2490 1237 καὶ
2529 1183 2636 1237 ἀπὸ
2661 1181 2757 1236 τοῦ
2804 1183 2957 1235 ἐλέου
2979 1183 3081 1251 τὴν
3117 1181 3296 1233 αὐτῶν
3339 1180 3598 1233 ἀπόνοιαν
3637 1179 3976 1248 omit-.2135»

2399 1274 2461 1326 Εἰ
2489 1276 2598 1344 γὰρ
2634 1273 2836 1343 μείζων
2864 1273 2964 1342 μὲν
2995 1273 3028 1342 ή
3066 1271 3230 1326 θυσία
3261 1272 3360 1338 τῆς
3407 1271 3844 1340 παρατηρήσεως
3873 1272 3980 1334 τῆς

2396 1367 2452 1415 ἐν
2481 1364 2766 1432 Σαϐϐάτῳ,
2819 1363 3115 1432 ἐπίπροσθε
3164 1379 3222 1414 τε
3268 1362 3365 1430 τῆς
3397 1361 3589 1424 θυσίας
3621 1360 3717 1412 καὶ
3747 1362 3776 1412 ὁ
3807 1360 3980 1426 νόμος

2395 1455 2548 1524 ὑμῶν
2575 1456 2666 1507 τὸν
2721 1454 2868 1507 ἔλεον
2906 1455 3050 1521 ἄγει·
3094 1471 3112 1504 ι
3171 1454 3359 1506 Ἐλεον
3400 1454 3533 1523 γὰρ,
3587 1452 3772 1523 φησὶν,
3805 1450 3980 1511 θέλω,

2398 1547 2494 1599 καὶ
2525 1546 2587 1598 οὐ
2639 1545 2870 1599 θυσίανο
2913 1563 2933 1596 r
2980 1547 3029 1597 οἱ
3076 1547 3203 1607 τοὺς
3241 1544 3487 1614 μαθητὰς
3546 1545 3780 1613 ὁρῶντες
3825 1542 3984 1609 λιμῶ

2394 1639 2490 1694 καὶ
2520 1638 2706 1706 ἀσιτία
2740 1636 3118 1704 πιεζομένους,
3149 1632 3270 1688 εἶτα
3295 1638 3415 1690 ἀντὶ
3435 1634 3531 1688 τοῦ
3560 1636 3646 1688 ἐπ’
3672 1635 3819 1686 ἔλεον
3855 1637 3984 1702 (36)

2397 1728 2674 1795 τραπῆναι
2702 1727 2860 1794 δίκην
2910 1727 3363 1797 εἰσπραττόμενοι
3411 1725 3774 1795 παρανομίας,
3824 1723 3983 1778 οὗτοι

2400 1816 2581 1888 πολλῷ
2613 1817 2972 1886 χαλεπωτέρᾳ
3003 1815 3318 1885 παραϐάσει
3354 1815 3451 1886 τὴν
3487 1815 3645 1869 σκιὰν
3674 1815 3770 1868 τοῦ
3804 1819 3984 1884 νόμου

2402 1912 2688 1964 διεκδικεῖν
2710 1913 2849 1964 εἰσιν
2876 1913 3200 1974 ἑαλωκότες.
3231 1912 3304 1963 Οὐ
3332 1913 3437 1980 μὴν
3464 1911 3597 1963 ἀλλὰ
3615 1913 3707 1962 καὶ
3729 1912 3988 1978 τετάρτῳ

2398 2003 2617 2065 τούτους
2653 2003 3021 2074 ἁπορῤαπίζει
3052 2002 3194 2072 λόγῳ
3221 2041 3237 2067 ,
3270 2002 3332 2054 οὐ
3373 2001 3464 2054 διὰ
3491 2003 3550 2054 τὺ
3582 2002 3854 2055 Σάϐϐατον
3886 2002 3990 2054 τὸν

2400 2094 2687 2165 ἄνθρωπον
2710 2094 2996 2162 γεγονέναι
3015 2094 3211 2161 λέγων,
3242 2094 3358 2147 ἀλλ’
3388 2094 3655 2149 ἀνάπαλιν
3682 2092 3989 2165 ἀνθρῴπου

2401 2158 2559 2258 χρείᾳ
2591 2186 2653 2238 τὸ
2708 2158 2984 2239 έάδόατον
3036 2158 3360 2253 ὐιρεστάναι.
3399 2185 3509 2238 Ναὶ
3554 2184 3618 2252 δὴ
3675 2158 3993 2251 καὶτμὲχρι

2403 2279 2664 2346 πέμπτης
2695 2277 2913 2346 πληγῆς
2944 2275 3046 2344 τ’ἡς
3075 2276 3260 2338 ἀνοίας
3289 2276 3468 2329 αὐτῶν
3504 2279 3572 2346 τῇ
3621 2276 3844 2344 μάστιγι
3870 2275 3995 2324 τῶν

2403 2367 2576 2435 λόγων
2605 2367 2968 2432 καθικνεῖται,
3025 2367 3490 2438 δεσποτικώτερον
3519 2366 3709 2419 λοιπὸν
3740 2367 3834 2418 καὶ
3865 2366 3994 2433 μετ’

2400 2462 2649 2526 ἐξουσίας
2668 2463 2864 2524 αὐτοὺς
2893 2462 3258 2532 ἐπιπλήττων.
3287 2479 3306 2512 ι
3337 2461 3540 2530 Κύριος
3561 2463 3669 2529 γάρ
3699 2461 3840 2518 ἐστι,
3874 2477 3994 2526 φη-

2404 2560 2510 2620 σὶν,
2545 2560 2573 2610 ὁ
2600 2556 2729 2616 Υἱὸς
2757 2555 2852 2608 τοῦ
2882 2553 3170 2622 ἀνθρώπου
3203 2552 3300 2605 καὶ
3319 2552 3413 2604 τοῦ
3439 2550 3751 2604 Σασϐἀτου.
3785 2567 3804 2599 ι
3837 2549 3898 2600 Εἰ
3934 2549 3998 2601 δὲ

2401 2648 2604 2716 Κύριος
2631 2649 2659 2699 ὁ
2688 2645 2836 2710 Υἱὸς,
2873 2646 2979 2697 υἱοὶ
3017 2645 3075 2696 δὲ
3116 2643 3212 2696 καὶ
3261 2643 3588 2712 κληρονόμοι
3634 2641 3866 2710 μάλιστα
3936 2643 3988 2689 οἱ

2409 2739 2649 2810 μαθηταὶ
2679 2731 2867 2807 (οὗτοι
2921 2737 3029 2804 γὰρ
3078 2736 3172 2787 καὶ
3215 2735 3425 2804 πρῶτοι
3472 2735 3572 2786 οὐκ
3601 2731 3662 2798 ἐξ
3707 2733 3998 2798 αἱμάτων,

2404 2831 2524 2882 οὐδὲ
2593 2834 2656 2882 ἐκ
2712 2829 3016 2896 θελήματος
3080 2826 3314 2899 σαρκὸς,
3375 2826 3494 2879 οὐδὲ
3564 2826 3628 2877 ὲκ
3683 2824 4000 2889 θελήματος

2415 2918 2633 2987 ἀνδρὸς,
2668 2917 2787 2970 ἀλλ’
2814 2920 2878 2968 ὲκ
2907 2915 3042 2967 Θεοῦ
3066 2913 3452 2983 ἐγεννήθησαν,
3483 2911 3578 2964 καὶ
3625 2911 3723 2979 τῆς
3785 2907 4001 2962 ἄνωθεν

2407 3011 2678 3073 υἱοθεσίας
2723 3007 3057 3078 ἠξιώθησαν)
3102 3023 3116 3036 ·
3146 3007 3246 3058 οὐκ
3294 3005 3376 3058 ἔτι
3407 3003 3810 3065 δουλεύσουσιν,
3858 2999 4002 3052 ἀλλὰ

2409 3100 2756 3170 κυριεύσουσι
2786 3099 2878 3151 τοῦ
2907 3097 3208 3150 Σαϐϐἀτου.
3250 3095 3341 3162 Ἐξ
3384 3091 3478 3148 οὖν
3505 3095 3605 3162 τῆς
3653 3091 4001 3158 Δεσποτικῆς

743 3178 858 3234 Deo
908 3179 1076 3249 geniti
1116 3189 1266 3241 sunt,
1325 3189 1380 3232 et
1416 3193 1448 3231 a
1489 3177 1602 3232 Deo
1652 3180 1704 3231 in
1746 3182 1887 3234 lilios
1929 3182 2304 3254 adoptati");

2420 3191 2685 3262 ἐργασίας
2710 3189 2937 3258 ταύτης,
2972 3189 3065 3240 καὶ
3091 3188 3191 3256 ὅση
3227 3185 3608 3255 παραπλησία,
3646 3180 4001 3250 δυναμωθέν-

746 3271 910 3325 iidem
928 3285 1060 3324 sane
1076 3284 1183 3323 non
1198 3270 1460 3332 servient.
1477 3269 1574 3323 sed
1600 3271 2026 3325 dominabuntur
2050 3273 2308 3331 Sabbato.

746 3361 864 3417 Hoc
909 3362 1073 3432 igitur
1123 3361 1340 3415 Domini
1385 3376 1570 3430 opere,
1620 3363 1854 3431 aliisque
1897 3364 1975 3417 illi
2019 3365 2312 3430 similibus,

747 3455 946 3510 muniti
1001 3464 1056 3509 et
1107 3453 1310 3518 edocti,
1341 3454 1512 3518 illam,
1552 3463 1612 3508 ut
1663 3455 1906 3518 volebas.
1961 3457 2312 3511 oraculorum

746 3545 1143 3599 venerabilium
1219 3553 1573 3614 apparentem
1640 3544 2057 3609 dissensionem,
2148 3549 2318 3603 variis

749 3636 932 3690 modis
963 3635 1018 3688 in
1059 3635 1480 3690 consensionem
1535 3635 1883 3689 manifestam
1949 3638 2316 3694 traduximus.

751 3727 930 3794 Amne
953 3727 1046 3780 illa
1067 3726 1286 3795 quidem
1315 3734 1502 3780 nostra
1532 3726 1608 3778 ita
1637 3727 1828 3780 habes.
1859 3724 1916 3779 Si
1946 3740 2078 3780 vero
2109 3725 2315 3796 ingenii

752 3819 831 3872 tui
867 3817 1121 3882 lelicitas,
1152 3825 1210 3871 et
1234 3817 1422 3886 judicii
1458 3831 1708 3880 acumen,
1737 3831 2018 3885 saetaeque
2061 3817 2325 3872 doctrina:

753 3913 912 3980 copia
955 3919 1011 3965 et
1042 3909 1259 3964 dicendi
1297 3909 1519 3964 ubertas
1537 3907 1866 3975 jucundiora
1900 3916 1955 3963 et
2005 3910 2324 3964 sublimiora

754 4003 1027 4057 invenerit
1076 4002 1345 4069 (inveniet
1397 4014 1528 4053 vero
1579 3999 1826 4064 omnino,
1876 3999 2040 4054 modo
2069 4001 2321 4064 voluerit,

756 4094 1028 4164 siquidem
1058 4108 1160 4160 ego
1189 4101 1263 4153 te,
1286 4091 1527 4145 amicum
1556 4105 1763 4155 meum,
1797 4098 1944 4144 recte
1974 4092 2122 4158 novi)
2156 4109 2172 4156 ;
2199 4108 2321 4144 mu-

758 4196 906 4238 tuam
941 4185 1083 4238 hanc
1105 4181 1542 4238 benevolentiam
1573 4180 1748 4235 instar
1776 4181 2102 4250 amplissimi
2119 4182 2326 4250 praemii

757 4286 1046 4342 accepero.

758 4381 1085 4446 OUESTIO
1110 4380 1375 4437 CXXXVI
1417 4380 1604 4452 [CoisL
1645 4382 1874 4437 CLVIII.
1907 4383 2068 4437 Taur.
2103 4377 2347 4449 CLVlll].

830 4478 1012 4544 Quare
1033 4471 1239 4527 Paulus
1261 4474 1532 4539 apostolus
1564 4476 1617 4526 in
1660 4474 1894 4540 epistolis
1911 4475 2022 4528 suis
2053 4490 2238 4528 nomen

1250 4559 1402 4595 suum
1439 4545 1710 4611 pra’mr'uit
1732 4545 1758 4595 ?

2419 3298 2511 3341 τες
2539 3297 2598 3330 τε
2645 3279 2741 3333 καὶ
2795 3276 3264 3346 στοιχειωθέντες,
3297 3273 3484 3342 ὥσπερ
3529 3273 3758 3341 ᾔτησας,
3817 3269 4002 3334 λόγοις

2414 3370 2690 3438 διαφόροις
2719 3369 2819 3437 τὴν
2842 3368 2952 3419 τῶν
2972 3365 3182 3421 σεπτῶν
3207 3362 3583 3431 Λογὶωνδοκοῦ
3593 3379 3688 3413 σαν
3704 3359 4002 3428 διαφωνίαν

2419 3464 2498 3524 εἰς
2520 3461 2880 3514 ἀστασίαστον
2903 3459 3285 3525 συνηγάγομεν
3308 3455 3621 3524 συμφωνίαν
3648 3452 3786 3519 (57).
3837 3449 4003 3504 Ἀλλὰ

2419 3553 2528 3622 γὰρ
2564 3553 2632 3604 τὰ
2676 3553 2808 3619 παρ’
2850 3549 3008 3620 ἡμῶν
3051 3566 3133 3601 σοι
3181 3548 3274 3600 ἐπὶ
3302 3546 3576 3599 τοσοῦτον.
3609 3546 3672 3600 El
3717 3545 3773 3596 δὲ
3817 3544 3882 3594 τὸ
3913 3542 4004 3594 σὺν

2421 3645 2522 3713 τῆς
2560 3643 2802 3704 διανοίας
2823 3642 3008 3710 τάχος,
3042 3642 3134 3692 καὶ
3180 3638 3241 3692 τὸ
3273 3640 3331 3690 ὲν
3382 3638 3692 3708 φρονήματι
3755 3635 4002 3694 συνετὸν,

2423 3735 2518 3788 καὶ
2549 3735 2658 3787 τῶν
2703 3732 2864 3802 ιερῶν
2909 3730 3281 3800 θεωρημάτων
3333 3724 3636 3789 ὁπλοῦτος,
3669 3726 3765 3778 καὶ
3815 3726 4004 3794 ῥήτωρ

2422 3828 2587 3896 τέχνη
2624 3823 2932 3894 γλυκύτερα
2955 3840 3016 3875 τε
3047 3823 3142 3874 καὶ
3165 3820 3477 3891 ὑψηλότερα
3500 3817 4002 3888 προσεπιθεωροίη,

2431 3916 2975 3987 προσεπιθεωρήσειε
3000 3913 3047 3966 δ’
3074 3913 3141 3966 ἂν
3169 3913 3328 3982 μόνον
3363 3909 3674 3980 βουληθείη,
3699 3909 3864 3977 εἰπερ
3892 3907 4003 3973 ἐγὼ

2428 4010 2521 4062 τὸν
2552 4009 2688 4078 ἐμὸν
2719 4009 2820 4060 οὐκ
2849 4006 3030 4075 ἀγνοῶ
3068 4005 3244 4073 φίλον,
3285 4005 3366 4066 εἰς
3414 4003 3479 4055 τὸ
3517 4002 3897 4072 πληρέστατον
3932 3998 4002 4052 ἂν

2433 4100 2554 4171 εῐην
2579 4100 2691 4169 ('58)
2723 4100 2822 4167 τὴν
2854 4097 3149 4169 ἁμοισαίαν
3184 4091 3501 4164 ἀπειληφὼς
3538 4094 3717 4164 χάριν.

2934 4382 3269 4436 ΕΡΩΊΊΙΣΙΣ
3313 4380 3498 4445 ΡΛςν.

2433 4475 2536 4529 Διὰ
2563 4478 2620 4527 τί
2647 4476 2717 4525 ἐν
2752 4473 2880 4538 ταῖς
2895 4473 3274 4535 Ἐπιστολαῖς
3313 4470 3497 4523 αὑτοῦ
3531 4467 3769 4538 Παῦέᾳς
3792 4470 3824 4519 ὁ
3856 4467 4002 4520 ἀστό-

2621 4547 2842 4608 στολος
2857 4534 3170 4609 ’προτάττει
3185 4534 3423 4592 told/or
3445 4539 3626 4605 ὄνομα
3640 4534 3733 4605 (39
3782 4553 3798 4601 ;

762 4655 1016 4707 Editarum
1038 4669 1066 4704 a
1091 4656 1271 4704 Wolﬁo
1301 4655 1357 4712 (l.
1384 4669 1430 4704 c.
1463 4669 1511 4717 p.
1535 4655 1749 4704 730-770
1779 4655 1997 4704 Galland.
2023 4655 2058 4705 ι.
2081 4667 2124 4704 c.
2147 4670 2194 4718 p.
2220 4656 2464 4765 ἰῖὃὲἆὲηόιθ,
2501 4671 2549 4705 n.
2576 4658 2678 4717 55).
2704 4659 2840 4708 —De
2862 4656 3015 4708 Paulo
3035 4657 3139 4704 suis
3158 4655 3384 4716 epistolis
3408 4651 3659 4713 pr0prium
3684 4662 3859 4696 nomen
3884 4661 3994 4709 prr-

2425 4732 2473 4765 e.

2231 4730 2473 4778 ponente.

833 4797 1062 4855 Divinus
1087 4799 1289 4853 Paulus
1314 4798 1574 4866 Epistolis
1601 4800 1717 4852 suis
1762 4814 1959 4852 nomen
1986 4814 2148 4853 suum
2179 4815 2319 4868 pras-

763 4893 898 4961 ligit,
940 4891 1085 4951 ideo.
1139 4889 1287 4959 quod
1341 4904 1405 4941 us
1431 4904 1592 4944 suum
1624 4889 1742 4942 sine
1768 4899 2190 4943 commemorata
2217 4891 2324 4943 Do-

763 4985 894 5038 mini
930 4982 1283 5037 beneﬁcentia
1341 4982 1553 5049 aperire
1601 4983 1794 5036 noluit.
1843 4981 2028 5035 Gratia
2069 4983 2214 5035 enim
2251 4983 2330 5036 illi

762 5089 958 5129 nomen
988 5089 1207 5142 quoque
1247 5089 1450 5126 novum
1496 5074 1776 5140 imposuit,
1827 5089 1949 5142 quae
1990 5073 2217 5125 Saulum
2278 5073 2332 5125 in

763 5165 991 5224 Paulum
1024 5180 1132 5217 non
1164 5164 1343 5218 solum
1401 5165 1578 5232 quoad
1611 5180 1810 5227 mores,
1855 5164 1949 5218 sed
1993 5165 2155 5217 etiam
2188 5165 2331 5231 quod

765 5258 831 5312 ad
863 5257 1284 5326 appellationem
1317 5265 1683 5309 converterant.
1733 5255 2026 5322 Propterea
2082 5263 2242 5308 vocat
2273 5269 2333 5309 se

764 5348 1021 5415 Paulum,
1059 5356 1318 5419 tanquam
1347 5350 1440 5418 qui
1488 5350 1663 5417 ipsum
1714 5362 1913 5402 nomen
1945 5345 2157 5402 Domini
2193 5346 2246 5400 in
2272 5363 2332 5402 se

2498 4801 2795 4867 Προτὰττει
2825 4800 2934 4851 τῶν
2969 4797 3301 4852 Ἐπιστολῶν
3349 4795 3519 4850 αὐτοῦ
3553 4793 3764 4854 Παῦλος
3793 4795 3822 4844 ὁ
3862 4795 4005 4853 θεῖος

2436 4891 2500 4943 τὸ
2529 4892 2720 4960 ὅνομα,
2763 4891 2898 4959 μηδὲ
2917 4889 3100 4959 διᾶραι
3145 4889 3317 4957 στόμα
3355 4888 3522 4957 χωρὶς
3556 4885 3649 4939 τοῦ
3696 4884 4006 4954 μεμνῆσθαι

2436 4984 2536 5053 τῆς
2568 4983 2904 5050 Δεσποτικῆς
2953 4981 3278 5051 εὐεργεσίας
3336 4979 3678 5048 βουλόμενος.
3737 4976 3845 5028 Καὶ
3899 4977 4006 5043 γὰρ

2441 5073 2714 5140 αῠτῷοκαὶ
2741 5072 2839 5141 τὴν
2862 5071 3053 5138 κλῆσιν
3081 5073 3113 5138 ή
3157 5071 3318 5140 χάρις
3347 5069 3642 5130 ὲκαίνισεν,
3685 5068 3765 5126 εἰς
3798 5064 4005 5116 Παῦλον

2444 5161 2539 5213 τὸν
2565 5162 2794 5222 Σαῦλον,
2843 5161 3034 5230 ὥσπερ
3060 5159 3188 5221 τοὺς
3237 5159 3495 5228 τρόπους,
3548 5155 3689 5208 οὕτω
3715 5155 4003 5223 διαμειψα-

2443 5255 2578 5323 μὲνη
2611 5253 2706 5306 καὶ
2739 5253 2806 5304 τὰ
2831 5254 3075 5323 ῥήματα.
3116 5251 3207 5303 Διό
3241 5265 3376 5319 φησι
3403 5247 3636 5310 Παῦλος,
3668 5247 3698 5297 ὁ
3719 5247 3814 5298 καὶ
3841 5244 4004 5312 αὐτὴν

2439 5348 2604 5400 οἱονεὶ
2629 5347 2731 5416 τὴν
2769 5345 2962 5416 κλῆσιν
2989 5347 3054 5398 ἐκ
3083 5343 3417 5418 Δεσποτικῆς
3446 5337 3756 5408 φιλοτιμίας
3803 5336 4003 5403 φέρων,

836 5507 884 5539 ⁸³
904 5504 1045 5560 Osee
1069 5522 1143 5571 νι,
1167 5505 1234 5572 6;
1261 5505 1449 5558 Matth.
1483 5523 1579 5570 xu,
1622 5507 1671 5559 7.
1749 5506 1792 5536 ⁵⁸⁸
1827 5505 1988 5557 Marc.
2021 5523 2078 5569 il,
2103 5507 2192 5558 27.
2270 5507 2315 5537 "

2407 5505 2488 5557 .iil.
2521 5505 2607 5558 9.8.
2691 5502 2920 5558 "Joun.
2961 5503 3104 5562 t,l5.

2275 5597 2507 5652 ΝΟΤιΕ.

836 5691 948 5759 ('56)
973 5690 1050 5743 lla
1082 5689 1238 5744 Colh.
1272 5704 1372 5757 pro
1400 5689 1571 5742 altero
1599 5688 1842 5745 ἔλαττον,

843 5757 960 5827 (57)
989 5763 1067 5823 εἰς
1106 5763 1270 5813 ἀσασ.
1306 5761 1692 5827 συνηγάγομεν
1725 5758 2066 5828 συμςωνῑαν.
2095 5773 2158 5813 ex
2179 5757 2333 5814 Colb.

848 5832 957 5900 (58)
983 5829 1124 5886 ldem
1149 5845 1247 5900 pro
1285 5830 1418 5899 εἴης.

2517 5689 2628 5758 (59)
2657 5688 2875 5742 Initium
2908 5688 3068 5757 hujus
3095 5687 3340 5758 responsi
3368 5695 3546 5758 exstat
3582 5685 3719 5752 apud
3740 5683 4000 5744 (Ecume-

2448 5756 2730 5816 nium'sub
2750 5758 2925 5814 Photii
2965 5756 3204 5821 nomine,
3231 5774 3281 5827 p.
3312 5756 3416 5812 202
3438 5757 3803 5813 Comment".
