4174 6450
1104 406 1205 468 AD
1237 406 1826 468 AMPHILOCHIUM
1864 406 2207 478 QUASTIO
2251 402 2566 469 CXXXVI.

3349 408 3460 477 750

228 519 260 571 ὁ
284 517 461 573 πάντα
484 515 793 590 πλουτήσας
823 518 937 575 ἀπὸ
962 518 1058 575 τοῦ
1080 519 1342 593 Χριστοῦ,
1371 520 1435 575 τὸ
1468 521 1664 591 δνομα,
1690 522 1792 593 τήν
1819 566 1825 581 .

1919 521 2065 578 ιωοεί
2102 520 2347 589 deberet,
2396 520 2604 593 quique
2641 533 2672 576 a
2720 518 2942 579 Christo
2986 523 3194 589 omnia,
3257 540 3455 581 nomen

230 608 438 675 πίστιν,
462 609 556 665 τὸν
580 610 767 678 πόθον,
809 612 902 666 τὸν
944 612 1167 684 δρόμον,
1212 610 1314 683 τήν
1370 611 1696 684 ἀποστολὴν,
1725 612 1797 666 τὰ

231 698 624 771 πολιτεύματα,
655 701 881 764 εἰκότως
910 700 1200 774 τοιγαροῦν
1231 701 1327 754 καὶ
1372 719 1393 753 ι
1435 698 1622 765 δοῦλος
1662 700 1797 771 Χρι-

234 792 387 847 στοῦ.
420 811 441 847 ε
485 792 547 847 '0
571 792 681 865 7&9
726 794 932 863 προῖκα
962 791 1204 850 τοσαῦτα
1247 792 1451 860 λαϐὼν,
1495 793 1593 847 καὶ
1631 792 1799 864 μηδὲν

233 883 735 954 προκαταθέμενος.
786 882 904 945 πῶς
931 884 1055 954 οὐχὶ
1094 883 1280 948 δοῦλος
1330 883 1468 953 (ιθ),
1512 883 1607 937 καὶ
1649 884 1705 937 εί
1743 902 1799 937 τι

233 973 486 1041 ᾶλλο,τοῦ
509 974 600 1029 διὰ
626 974 898 1030 τοσούτων
939 976 1300 1047 τιμήσαντοςς
1332 976 1521 1030 Δοῦλοι
1568 974 1668 1046 μὶν
1692 975 1802 1047 γὰρ

236 1070 335 1121 καὶ
368 1068 595 1131 ἄκοντες
638 1068 899 1134 ἅπαντες,
938 1069 1099 1132 ὅσους
1142 1070 1173 1123 ό
1213 1067 1604 1140 δημιουργικδς
1632 1068 1803 1138 Λόγος

237 1162 306 1212 ἐκ
333 1161 409 1232 μή
428 1159 598 1215 ὄντων
621 1160 703 1223 είς
722 1160 958 1231 ὕπαρξιν
988 1160 1235 1228 θίμενος,
1254 1160 1392 1233 πρὸς
1418 1142 1510 1215 τδν
1528 1161 1805 1231 Δεσπότην

237 1246 376 1317 δρᾷν
423 1247 750 1316 ἀναγκάζει,
796 1250 893 1302 καὶ
938 1247 1035 1303 τοῦ
1068 1249 1316 1305 Illac-sou
1365 1250 1429 1303 τὸ
1455 1250 1659 1321 κράτος
1684 1251 1807 1304 επι.
1870 1254 1875 1258 ’

195 1340 204 1346 ’
242 1336 494 1392 moliar.
524 1337 633 1391 Kal
680 1337 791 1406 7&9
837 1338 1055 1411 ἀνάγκη
1103 1339 1166 1393 τδ
1198 1337 1589 1412 δημιούργημα
1623 1339 1807 1394 δοῦλον

241 1423 386 1481 εἶναι
410 1428 503 1482 καὶ
531 1428 851 1493 ύπεξούσιον
883 1430 985 1500 τῆς
1020 1428 1117 1485 τοῦ
1155 1430 1682 1505 δεδημιουργηκότος
1709 1450 1810 1488 κυ-

244 1522 515 1591 ριότητος.
543 1520 738 1577 Δοῦλον
764 1522 824 1577 δδ
850 1523 944 1577 καὶ
969 1522 1093 1577 ὅσον
1114 1522 1215 1594 τῆς
1234 1521 1332 1577 τοῦ
1353 1522 1657 1594 κρείττονος
1677 1525 1812 1578 ἀπο-

244 1610 403 1665 λαύει
434 1613 712 1683 προνοίας,
740 1614 836 1668 καὶ
869 1615 972 1683 τῆς
1008 1613 1159 1684 ζωῆς
1199 1613 1390 1687 ῶσπερ
1440 1615 1651 1669 ἰκεῖθεν
1697 1615 1811 1685 ἔχει

246 1704 352 1772 τήν
374 1702 633 1776 ὕπαρξιν,
659 1705 805 1760 οὕτω
831 1706 929 1760 καὶ
955 1708 1056 1777 τῆς
1079 1706 1344 1778 διαμονῆς
1368 1707 1469 1775 τήν
1505 1707 1807 1778 συνέχειαν.

248 1791 377 1849 Εἶεν
393 1796 438 1849 δ’
453 1796 521 1851 ἂν
539 1798 1008 1868 εὐγνωμονοῦντες
1033 1798 1238 1865 δοῦλοι,
1272 1798 1372 1855 καὶ
1393 1801 1587 1864 οἰτινες
1616 1817 1812 1872 cupav-

248 1888 396 1952 νίὼς
430 1892 639 1961 πικρᾶς
675 1892 772 1945 καὶ
832 1891 1078 1961 χαλεπῆς
1120 1892 1500 1961 αἰχμαλωσίας
1556 1892 1814 1962 μεγάλοις

248 1980 709 2053 ἐλευθερωθέντες
725 1982 965 2054 λύτροις,
991 1984 1084 2037 τὸν
1103 1984 1384 2055 λυτρωτὴν
1413 1985 1814 2056 ἐπιγράφεσθαι

245 2072 533 2142 Δεσπότην
572 2072 899 2141 ἰγνώκασιν.
959 2074 1099 2131 Ἀλλ’
1149 2074 1180 2128 δ
1211 2090 1275 2142 γε
1325 2075 1470 2139 θεῖος
1500 2075 1710 2139 Παῦλος
1751 2077 1815 2129 οὐ

248 2159 463 2225 τούτοις
490 2161 683 2217 ἑαυτὸν
704 2165 816 2226 τοίς
843 2163 1066 2235 τρόποις
1116 2164 1383 2230 ὑποτάξαι
1424 2164 1644 2236 Χριστῷ
1673 2166 1816 2235 μέγα

248 2254 514 2309 ἐποιεῖτο.
547 2254 722 2309 Koma
743 2272 803 2309 τε
840 2256 951 2328 γὰρ
992 2255 1187 2322 ταῦτα,
1221 2257 1320 2310 καὶ
1350 2257 1502 2312 οὐδὲν
1539 2256 1817 2328 ἐξαίρετον

247 2343 379 2399 ούδδ
399 2343 716 2416 θαυμαστὸν
755 2346 1164 2418 ἐνδεικνύμενα.
1215 2348 1457 2421 Ἑτιροις
1507 2349 1567 2404 δὲ
1616 2349 1817 2419 μᾶλλον

249 2434 452 2491 ιαυτδν
479 2435 788 2506 διακοσμεῖ,
825 2438 922 2491 καὶ
952 2436 1267 2493 διαπλάττει
1292 2438 1479 2493 δοῦλον
1518 2440 1727 2494 πλείοσί
1758 2458 1817 2495 τε

249 2528 353 2583 καὶ
391 2525 625 2599 μείζοσι,
650 2526 748 2582 καὶ
765 2528 827 2581 τὸ
856 2529 957 2598 τῆς
979 2528 1222 2594 δουλείας
1250 2530 1511 2602 καθαρὸν,
1537 2532 1631 2584 καὶ
1652 2531 1819 2597 δντως

250 2616 545 2689 ιλεύθερον
582 2618 851 2689 λαμπρῶς
878 2618 1272 2675 ἐπιδείκνυται.
1307 2622 1417 2674 Καὶ
1451 2621 1667 2691 πρῶτον
1696 2622 1817 2693 μὲν,

250 2702 345 2772 οἷς
379 2707 537 2779 εσχεν
574 2709 718 2771 ἰδίως
759 2710 1160 2781 φιλοτιμεῖσθαι
1192 2713 1308 2775 τοίς
1333 2712 1638 2783 δεδομένοις
1670 2714 1821 2781 αύτῷ

252 2799 414 2868 παρὰ
436 2798 534 2853 τοῦ
559 2800 801 2855 mam
842 2802 1162 2873 χαρίσμασι.
1199 2802 1480 2874 Δεύτερον,
1507 2804 1587 2874 τῷ
1622 2805 1821 2877 ἐξῃρη-

258 2888 413 2961 μενῳ
456 2889 566 2944 τῶν
610 2890 785 2946 ἄλλων
813 2890 1119 2962 ἀνθρώπων
1160 2896 1256 2947 καὶ
1297 2894 1550 2965 διαπύρῳ
1587 2895 1687 2965 τῆς
1742 2897 1823 2958 εἰς

254 2979 425 3034 αὐτὸν
450 2980 803 3051 ἀγαπήσεως.
836 2983 946 3038 Καὶ
994 2983 1179 3054 τρίτον
1208 2986 1274 3055 τῇ
1301 2984 1697 3055 ἁπροφασίστῳ
1723 2987 1822 3055 τῆς

257 3070 564 3142 ἀποστολῆς
606 3073 901 3144 ὑπηρεσίᾳ,
945 3075 1039 3129 καὶ
1087 3075 1167 3145 τῷ
1212 3077 1587 3147 ἀπαρασλήτῳ
1637 3076 1826 3149 δρόμῳ

1894 618 2045 681 puta,
2096 609 2285 674 ﬁdem,
2341 609 2703 676 desiderium,
2755 626 3002 675 cursum,
3066 613 3457 683 apostolatum.

1895 701 2263 773 reliquamque
2315 702 2441 758 vita:
2461 702 2831 758 conditionem
2889 711 3089 760 nactus
3145 716 3330 771 esset;
3358 721 3461 762 nec

1895 795 2077 853 minus
2102 796 2491 852 convenienter
2522 812 2544 849 ε
2572 811 2789 852 servum
2809 795 3011 853 Christi
3029 797 3098 853 ιτ.
3125 817 3145 851 s
3179 797 3285 865 Qui
3308 800 3455 855 enim

1896 885 2063 958 gratis
2086 888 2270 941 omnia
2320 895 2622 957 acceperat,
2652 886 2897 958 nihilque
2926 897 3052 944 ante
3086 890 3442 958 praestiterat.

1897 977 2173 1048 quomodo
2201 977 2248 1033 is
2285 991 2394 1032 non
2419 977 2582 1032 etiam
2615 990 2825 1044 servus,
2848 987 2923 1045 et,
2962 978 3009 1033 si
3039 978 3171 1049 quid
3213 980 3358 1036 aliud
3379 990 3466 1037 est

1899 1068 2151 1131 inferius.
2186 1069 2356 1134 illius,
2381 1070 2475 1139 qui
2508 1068 2674 1126 tantis
2697 1084 2822 1124 eum
2852 1070 3134 1128 beneﬂciis
3148 1081 3466 1137 ornaverat.

1901 1161 2219 1230 appelletur.
2253 1158 2460 1216 Omnes
2504 1161 2677 1223 enim,
2705 1160 2870 1214 etiam
2916 1158 3094 1226 inviti,
3128 1162 3271 1217 servi
3312 1170 3467 1227 sunt,

1902 1257 2175 1321 quotquot
2196 1249 2439 1306 Verbum
2475 1249 2632 1316 illud,
2661 1251 2808 1320 quod
2851 1252 3038 1307 omnia
3091 1253 3358 1316 condidit,
3399 1266 3469 1307 ea

1906 1343 2078 1398 nihilo
2105 1341 2433 1411 producens,
2485 1339 2553 1395 ad
2584 1338 2872 1396 Dominum
2920 1343 3214 1413 respicere,
3259 1342 3468 1398 Condi-

1908 1433 2153 1503 torisque
2202 1431 2285 1488 sui
2322 1431 2620 1502 potentiam
2654 1446 2952 1502 agnoscere
3008 1433 3176 1503 c0git.
3231 1431 3471 1490 Necesse

1907 1524 2054 1580 enim
2090 1530 2176 1579 est
2206 1531 2451 1579 creatum
2499 1521 2757 1591 quodque
2792 1536 3011 1578 servum
3058 1538 3203 1588 esse,
3259 1522 3469 1580 Condi-

1912 1613 2156 1685 torisque
2200 1612 2285 1669 sui
2324 1613 2578 1683 potestati
2638 1612 2961 1668 obnoxium.
3014 1612 3215 1669 Servus
3243 1628 3372 1670 vero
3418 1628 3471 1670 et

1912 1705 2001 1761 ille
2030 1713 2135 1771 est,
2171 1704 2269 1777 qui
2295 1704 2520 1773 maioris
2572 1718 2718 1759 cura
2769 1701 3005 1759 fructum
3056 1704 3223 1774 capit,
3267 1703 3502 1775 quique-

1912 1797 2089 1854 cidem
2120 1811 2232 1852 non
2285 1795 2461 1852 solum
2513 1794 2567 1851 id
2611 1794 2794 1861 debet,
2843 1794 2991 1864 quod
3036 1794 3131 1859 sit,
3178 1794 3275 1851 sed
3325 1793 3473 1865 quod

1844 1861 1886 1917 Β
1915 1888 2078 1944 etiam
2110 1902 2235 1943 esse
2275 1892 2606 1958 perseveret.
2666 1884 2818 1941 Servi
2849 1861 3013 1956 porro
3036 1887 3203 1942 etiam
3242 1886 3323 1942 illi
3344 1861 3473 1956 iure

1917 1980 2113 2036 merito
2152 1979 2476 2046 habeantur,
2501 1978 2815 2050 quicunque
2839 1976 2909 2033 ab
2962 1977 3157 2034 acerba
3194 1976 3479 2050 tyrannide

1915 2077 1970 2125 et
1983 2068 2274 2126 durissima
2288 2067 2605 2140 captivitate
2624 2081 2822 2139 magno
2839 2067 3011 2136 pretio
3039 2068 3305 2138 redempti
3345 2067 3482 2124 libe-

1920 2173 2154 2217 ratorem
2181 2160 2469 2215 Dominum
2501 2173 2718 2230 quoque
2751 2174 2913 2214 suum
2940 2158 3333 2230 appellandum
3358 2172 3482 2214 esse

1919 2250 2249 2321 intelligunt.
2291 2248 2519 2305 Divinus
2588 2264 2714 2305 tero
2773 2248 2977 2307 Paulus
3026 2250 3161 2307 tanti
3207 2251 3323 2306 haec
3369 2264 3479 2304 non

1922 2344 2071 2409 fecit,
2107 2352 2167 2399 ut
2190 2344 2260 2399 iis
2291 2350 2499 2397 tantum
2525 2341 2839 2399 nominibus
2862 2357 2924 2398 se
2965 2340 3289 2412 subiiceret;
3325 2355 3479 2397 com-

1919 2437 2105 2488 munia
2156 2432 2307 2488 enim
2358 2431 2473 2487 hac
2534 2430 2770 2487 habebat
2801 2445 2925 2486 cum
2965 2430 3114 2497 aliis,
3174 2446 3297 2497 quae
3341 2429 3480 2485 nihil

1920 2525 2177 2596 praecipui
2214 2532 2311 2578 aut
2366 2522 2730 2578 admiratione
2764 2522 2917 2593 digni
2974 2537 3159 2579 secum
3214 2523 3482 2581 ferebant.

1920 2618 2038 2673 Alia
2075 2631 2203 2673 vero
2231 2625 2410 2679 erant,
2461 2631 2635 2687 eaque
2668 2617 2821 2687 plura
2867 2623 2924 2672 et
2975 2616 3207 2687 majora,
3258 2624 3484 2687 propter

1922 2726 2045 2779 quae
2080 2708 2223 2765 servi
2270 2724 2331 2764 se
2359 2708 2581 2763 nomine
2618 2708 2938 2763 cohonestat
2981 2716 3039 2762 et
3094 2718 3279 2772 ornat,
3311 2710 3486 2764 servi-

1923 2801 2161 2871 tutisque
2176 2798 2493 2869 dignitatem
2525 2805 2579 2853 et
2597 2798 2902 2853 libertatem
2928 2812 3057 2854 vere
3081 2797 3245 2853 talem
3270 2798 3484 2867 magni-

1924 2892 2024 2949 liee
2090 2899 2350 2946 ostentat.
2412 2890 2558 2945 inter
2607 2890 2721 2945 haec
2768 2888 3004 2959 primum
3064 2888 3243 2945 locum
3302 2898 3489 2946 tenent

1923 2983 2151 3055 egregia:
2181 2982 2285 3037 illa:
2334 2981 2512 3046 dotes,
2546 2980 2746 3051 quibus
2789 2994 2821 3034 a
2854 2978 3152 3035 Conditore
3195 2980 3301 3036 sibi
3346 2992 3484 3034 con-

1925 3077 2095 3133 cessis
2123 3074 2349 3145 gloriari
2374 3088 2485 3144 prae
2515 3073 2638 3128 aliis
2678 3080 2906 3143 poterat.
2948 3071 3189 3127 Alterum
3217 3082 3305 3128 est
3332 3086 3488 3127 amor

258 3161 365 3258 τῆς
390 3160 656 3258 δουλείας,
701 3162 969 3236 ἐλευθέρῳ
1012 3168 1322 3237 φρονήματι
1350 3167 1448 3238 τὴν
1485 3167 1561 3231 ὡς
1608 3168 1824 3239 ἀληθῶς

1928 3164 2325 3229 eilicacissime,
2361 3172 2416 3218 et
2463 3164 2658 3232 magis,
2704 3176 2868 3231 quam
2916 3160 2973 3215 in
3026 3159 3278 3215 homines
3325 3156 3487 3222 alios,

258 3251 552 3321 ἐμφανίζει
593 3254 893 3322 εὐγένειαν.
936 3256 1049 3311 Καὶ
1080 3256 1219 3329 πρός
1264 3274 1329 3326 γε
1359 3261 1475 3324 τοῖς
1516 3260 1828 3331 εἰρημένοις

258 3344 334 3411 τῇ
364 3343 618 3418 ἀκριϐείᾳ
660 3346 756 3399 καὶ
797 3346 1128 3418 καθαρότητι
1174 3348 1269 3403 τοῦ
1300 3351 1719 3423 πολιτεύματος,
1760 3353 1829 3406 δι’

262 3424 346 3486 ὧν
372 3434 565 3489 ἑαυτὸν
581 3435 769 3490 δοῦλον
788 3436 884 3491 καὶ
904 3437 1063 3508 σῶμα
1078 3439 1174 3492 καὶ
1191 3438 1369 3512 ψυχήν
1393 3441 1487 3495 καί
1513 3442 1827 3512 λογισμοὺς,

261 3522 367 3576 καὶ
394 3525 571 3579 πάντα
615 3526 682 3578 τὰ
733 3526 814 3597 τῷ
856 3527 1078 3599 Χριστῷ
1134 3530 1514 3600 παρεστήσατο
1551 3545 1565 3562 ο
1596 3531 1832 3603 οὐδαμοῦ

261 3611 372 3677 τὴν
396 3613 626 3686 ικλογὴν
650 3616 935 3687 αἰσχύνας,
959 3619 1083 3674 ούδδ
1116 3619 1215 3691 τὴν
1246 3619 1454 3675 ἄνωθεν
1489 3621 1667 3693 ψῆφον
1697 3641 1834 3693 (pau-

264 3702 450 3768 λίσας,
484 3707 760 3778 πανταχοῦ
789 3708 843 3762 δὲ
878 3710 1081 3779 μᾶλλον
1104 3709 1254 3765 θείαν
1276 3712 1353 3775 ὡς
1380 3712 1595 3783 ἀληθῶς
1619 3715 1835 3786 ἀποφήο

265 3810 392 3858 νας.
430 3795 528 3850 καὶ
551 3799 665 3862 τοίς
690 3798 874 3870 ἔργοις
895 3800 995 3872 τήν
1033 3801 1214 3871 κρίσιν
1250 3802 1713 3875 βεϐαιωσάμενος,
1742 3809 1836 3860 καὶ

270 3886 447 3958 μηδιν
470 3886 666 3955 λιπὼν,
702 3889 755 3942 τί
787 3891 869 3945 δεῖ
888 3891 1067 3961 λέγειν
1096 3892 1205 3947 τῶν
1246 3893 1475 3948 ἐντολῶν
1521 3896 1837 3966 ἀκατόρθω-

267 3996 391 4046 τον,
411 3981 545 4035 ὅπου
565 3980 927 4051 λαδετνεστιν,
953 3982 1021 4049 ας
1036 3985 1130 4039 καί
1158 3985 1555 4056 ὑπερεϐάλλετο
1581 4004 1596 4054 ;
1616 3989 1836 4042 Δείκνυ-

268 4086 369 4123 ται
416 4069 708 4141 τοιγαροῦν
739 4072 768 4125 ό
809 4072 1111 4143 θαυμάσιος
1161 4073 1395 4140 Παῦλος,
1440 4075 1564 4129 καθ’
1599 4077 1698 4131 ινα
1740 4079 1838 4149 μὲν

268 4158 480 4231 τρόπον
499 4158 703 4225 δοῦλος,
724 4161 800 4226 ὡς
840 4163 939 4233 τῆς
974 4162 1372 4236 δημιουργικῆς
1399 4166 1658 4239 παλάμης
1689 4171 1840 4239 φιλοο

270 4248 547 4318 τέχνημα.
578 4249 715 4302 Καθ’
744 4249 931 4322 ἓτερον
955 4250 1034 4316 δι,
1066 4251 1145 4315 ὡς
1168 4255 1235 4324 τῇ
1261 4253 1470 4308 ἐκεῖθεν
1493 4256 1721 4329 προνοίᾳ
1740 4259 1840 4329 τὴν

275 4338 518 4409 ὕπαρξιν
537 4341 913 4411 συνεχόμενος,
940 4337 1059 4395 εῐτα
1075 4342 1151 4406 ὡς
1171 4344 1631 4417 ὴγορασμένοςτῷ
1646 4351 1841 4404 Δεσποο

273 4433 418 4505 τικῷ
463 4434 677 4505 αῑματι,
720 4437 905 4492 λοιπὸν
947 4438 1197 4493 ἐντεῦθεν
1250 4440 1320 4493 τὰ
1375 4442 1681 4508 ἰδιάζοντα·
1720 4446 1840 4499 οὐδὲ

1927 3257 2191 3314 adversus
2216 3270 2277 3310 se
2304 3254 2589 3324 probatus.
2627 3251 2875 3308 Tertium
2905 3250 3119 3308 functio
3145 3250 3490 3321 apostolatus

1928 3348 2047 3403 sine
2067 3344 2512 3417 tergiversatione
2536 3352 2811 3414 suscepta,
2840 3358 2942 3400 nec
2966 3342 3319 3398 intermissus
3348 3356 3489 3412 pra:-

1929 3437 2078 3493 conii
2103 3434 2401 3507 evangelici
2424 3449 2640 3492 cursus.
2675 3434 2753 3489 Ex
2772 3434 2858 3490 bis
2875 3435 3249 3505 pmrogativis
3277 3432 3491 3503 magni-

1931 3530 2031 3585 ﬁce
2059 3537 2115 3583 et
2132 3528 2367 3599 ingenue
2396 3526 2466 3582 de
2492 3527 2753 3582 servitute
2775 3540 2875 3581 sua
2907 3526 3153 3581 sentiens
3177 3540 3360 3579 veram
3391 3537 3489 3578 uo-

1933 3621 2196 3676 bilitatem
2239 3619 2599 3691 demonstrat.
2652 3618 2734 3673 Ad
2782 3620 2898 3674 haec
2951 3618 3138 3673 omnia
3198 3616 3495 3673 accedebat

1933 3720 2190 3768 curataet
2207 3711 2440 3782 ingenua
2463 3725 2551 3765 res
2573 3725 2703 3767 suas
2730 3709 2919 3781 agendi
2943 3711 3101 3777 ratio,
3121 3725 3217 3780 per
3227 3724 3393 3780 quam
3410 3723 3497 3764 se-

1934 3802 2105 3871 ipsum
2133 3815 2351 3856 servum
2370 3800 2517 3870 quod
2544 3800 2612 3856 ad
2635 3814 2854 3871 corpus,
2876 3801 3112 3855 animam
3153 3811 3498 3871 mentemque

1932 3901 1990 3949 et
2007 3900 2204 3947 caetera
2229 3889 2464 3961 denique
2496 3890 2679 3945 omnia
2724 3889 2946 3946 Christo
2972 3892 3237 3957 sistebat;
3269 3890 3498 3946 electio-

1935 3996 2058 4036 nem
2104 3981 2192 4036 sui
2221 3980 2359 4036 adeo
2392 3996 2501 4036 non
2552 3982 2871 4051 deturpans,
2924 3991 3019 4035 aut
3068 3982 3293 4037 caeleste
3325 3980 3391 4035 de
3437 3995 3501 4036 se

1932 4074 2198 4146 judicium
2246 4072 2400 4144 parvi
2434 4071 2660 4138 faciens,
2699 4083 2759 4128 ut
2787 4072 2966 4143 potius
3009 4088 3111 4143 pro
3148 4072 3336 4128 divino
3369 4086 3499 4127 mu-

1935 4181 2068 4222 nere
2095 4180 2143 4229 .a
2169 4179 2229 4221 se
2278 4163 2469 4221 haberi
2528 4174 2782 4221 testatum
2849 4164 3072 4229 faceret,
3127 4164 3293 4234 idque
3335 4178 3503 4234 opere

1938 4254 2057 4325 ipso
2104 4252 2363 4318 limaret,
2398 4266 2500 4308 nec
2566 4253 2862 4324 quidquam
2945 4262 3336 4324 praeceptorum
3379 4254 3503 4324 ejus

1939 4345 2250 4417 negligeret,
2281 4352 2341 4399 ut
2380 4344 2569 4400 eadem
2623 4345 2675 4397 in
2708 4344 2984 4400 nonnullis
3036 4345 3201 4399 etiam
3238 4357 3505 4415 superare

1941 4439 2288 4510 intelligatur.
2340 4438 2710 4493 Admirandus
2768 4438 2951 4508 itaque
3026 4438 3229 4493 Paulus
3274 4454 3342 4492 ex
3395 4452 3503 4491 una

277 4525 418 4594 7&9,
455 4526 576 4580 οὐδὲ
610 4528 771 4597 μέχρι
799 4528 1006 4582 τούτων
1034 4530 1267 4594 ἵσταται,
1291 4532 1412 4586 ούδὶ
1430 4533 1540 4606 (41)
1570 4539 1682 4599 τοίς
1725 4554 1825 4590 κοι-

1944 4541 2093 4601 parte
2145 4546 2361 4588 servum
2411 4548 2470 4589 se
2507 4533 2673 4600 sistit,
2706 4542 2968 4603 tanquam
3008 4549 3205 4589 manus
3249 4531 3506 4602 omnipo-

271 4618 393 4678 νοις
414 4615 515 4687 τὴν
538 4617 702 4671 αὐτοῦ
748 4619 993 4673 δουλείαν
1024 4624 1377 4693 περιγράφει,
1424 4624 1561 4678 ἀλλὰ
1607 4627 1703 4680 καὶ
1743 4645 1842 4697 χα-

276 4706 565 4776 ρισμάτων
608 4708 837 4763 πλοῦτον
866 4711 1322 4782 περιϐαλλόμενος
1341 4752 1358 4778 ,
1408 4714 1574 4784 ἄλλης
1601 4716 1841 4780 δουλείας

274 4799 434 4868 ζυγῷ
476 4800 571 4852 καὶ
619 4801 805 4873 τρόπῳ
858 4802 1051 4857 ἑαυτὸν
1117 4804 1509 4874 ὑποζεύγνυσιν
1541 4848 1556 4871 ,
1633 4809 1845 4862 ἀντιδε-

276 4885 533 4952 ξιοῦσθαι
590 4889 910 4955 φιλονεικῶν
940 4891 1042 4944 οὐκ
1096 4892 1310 4947 εἰωθόσι
1362 4895 1702 4966 θεραπείαις,
1754 4897 1845 4950 τὸν

276 4976 627 5046 καινοτέραις
657 4979 822 5032 αὐτὸν
864 4980 1359 5052 φιλοτιμησάμενον
1385 4984 1593 5055 χάρισι.
1642 4985 1750 5039 Nal
1778 4987 1843 5057 δὴ

276 5065 381 5120 καὶ
400 5064 524 5119 ἀντὶ
543 5067 759 5122 πάντων
778 5068 926 5138 φιλεῖ
940 5069 1032 5124 τὸν
1043 5072 1342 5143 Δεσπότην,
1367 5073 1588 5143 φίλτρου
1612 5076 1846 5149 ὑπερδο-

275 5158 387 5228 λὴν
413 5158 475 5212 ού
505 5158 703 5215 λείπων
736 5160 874 5231 (42),
922 5164 1018 5216 καὶ
1052 5162 1237 5233 μεῖζον
1268 5166 1318 5219 εἰ
1366 5168 1510 5219 κατὰ
1558 5167 1716 5237 λόγον
1750 5169 1843 5223 τοῦ

277 5249 681 5319 θαυμάζεσθαι.
760 5253 873 5307 Καὶ
918 5255 1095 5309 πάντα
1153 5254 1395 5311 σκύϐαλα
1446 5260 1700 5327 ἡγεῖται,
1759 5260 1844 5312 ἱνα

278 5342 523 5414 Χριστὸν
556 5343 649 5397 τὸν
698 5344 1029 5417 ποθούμενον
1057 5348 1314 5419 κερδήσῃ.
1363 5349 1523 5402 Ἀλλὰ
1574 5352 1667 5404 καὶ
1709 5353 1845 5405 ἀπο-

396 5456 439 5489 ⁸⁷
472 5455 630 5512 ﬂatu.
648 5472 687 5523 1,
721 5459 773 5514 Ι.

1942 4610 2105 4679 ιεηῊε
2136 4639 2313 4695 opus:
2352 4639 2418 4679 ex
2449 4623 2617 4679 altera
2642 4639 2773 4679 vero
2798 4624 2986 4687 talem,
3010 4625 3103 4694 qui
3138 4639 3233 4694 per
3262 4624 3504 4678 divinam

1940 4715 2336 4785 providentiam
2359 4730 2482 4771 esse
2524 4724 2856 4785 perseveret,
2892 4715 3099 4785 quique
3134 4712 3353 4769 Domini
3381 4729 3509 4769 sau-

1940 4805 2103 4875 guine
2126 4804 2199 4859 sit
2239 4806 2569 4874 redemptus.
2605 4802 2701 4859 llis
2729 4819 2858 4860 vero
2889 4819 2975 4869 ea,
3003 4819 3128 4873 quae
3155 4804 3377 4874 propria
3402 4803 3507 4859 sibi

1944 4897 2123 4960 habet,
2152 4897 2351 4967 jungit,
2386 4911 2561 4967 neque
2584 4897 2637 4951 in
2677 4897 2842 4952 dictis
2880 4897 3203 4966 acquiescit,
3242 4905 3339 4951 aut
3359 4911 3509 4951 com-

1948 4988 2204 5043 munibus
2261 4988 2369 5044 illis
2403 4988 2678 5044 beneiiciis
2705 4988 3022 5044 servitutem
3076 5004 3234 5043 suam
3269 4988 3510 5042 circnm-

1946 5079 2153 5135 scribit.
2202 5078 2386 5135 Multis
2436 5080 2582 5135 enim
2620 5079 2803 5150 gratia:
2850 5079 3010 5135 donis
3050 5095 3111 5134 se
3159 5080 3504 5133 cunmlatnm

1947 5184 2269 5241 agnoscens,
2296 5171 2436 5225 alius
2474 5170 2753 5225 servitutis
2798 5169 2929 5240 jugo
2957 5179 3012 5223 et
3054 5170 3240 5239 generi
3277 5183 3337 5224 se
3380 5169 3511 5225 sub-

1943 5262 2082 5330 jicit,
2115 5277 2335 5333 operam
2360 5262 2518 5325 dans,
2550 5272 2609 5316 ut
2657 5277 2763 5316 non
2794 5261 3004 5332 vulgari
3032 5271 3087 5315 ct
3113 5269 3379 5316 consueto
3407 5262 3509 5316 0h-

1948 5354 2136 5424 sequio
2178 5368 2327 5418 eum,
2360 5354 2451 5422 qui
2509 5368 2569 5409 se
2617 5354 2772 5408 novis
2824 5362 2879 5407 et
2938 5354 3171 5408 insolitis
3235 5353 3512 5408 Leneiiciis

1816 5561 2049 5623 NOTAE.

361 5644 474 5767 εἶθ)
499 5649 527 5698 ὁ
559 5649 666 5717 γὰρ
698 5652 899 5718 προῖκα
925 5680 989 5691 -
1027 5652 1148 5723 οὐχ).
1200 5653 1382 5717 δοῦλος
1406 5656 1590 5724 accept
1625 5669 1689 5711 ex
1725 5655 1846 5713 Col-

364 5754 475 5855 ἱῖι)
511 5784 665 5842 Colb.
694 5789 801 5843 οὐδ’
829 5793 908 5843 ἐν.

1956 5728 1970 5781 ι
2026 5656 2137 5721 (ιε)
2169 5658 2259 5778 ἓίς
2311 5656 2489 5710 scribo
2540 5668 2636 5722 pro
2687 5654 2889 5705 Αεῖπον.
2932 5650 3053 5706 Mox
3111 5666 3208 5719 pro
3237 5656 3287 5703 εἰ
3326 5647 3513 5705 malim

1975 5742 2130 5781 οισι-ο
2192 5764 2221 5781 ..

1975 5742 2130 5799 cgere
2169 5742 2221 5796 η.
