4174 6450
767 365 866 430 751

1905 390 2166 455 ΡΗΟΤΙΙ
2205 398 2708 464 ΡΑΤΒΙΛΠΕΗᾸΞ
2741 408 2852 466 (ΣΡα

3897 407 4004 470 752

766 486 1118 547 mactaverat,
1173 483 1414 549 vicissim
1448 489 1744 559 exciperet.
1795 493 2088 565 Propterea
2155 504 2321 558 etiam

2432 509 2707 562 στέλλεται
2763 514 2961 584 κῆρυξ,
3013 515 3106 567 καὶ
3149 513 3480 582 οἰκουμένην
3531 512 3730 582 πληροῖ
3770 510 3850 579 τῷ
3897 529 3994 568 ιη·

768 568 1054 625 Domiuum
1080 588 1189 642 pne
1220 577 1344 633 aliis
1384 583 1640 638 omnibus
1676 595 1841 648 amat,
1878 589 1944 642 de
1985 595 2190 647 amoris
2212 596 2321 659 sui,

765 659 880 729 ipsa
941 663 1319 735 admiratione,
1374 681 1434 726 ut
1491 677 1825 733 cenveniens
1874 694 2008 747 erat,
2078 687 2326 754 majoris,

765 753 1137 821 magnitudine
1166 760 1303 814 nihil
1336 765 1636 821 remittens.
1684 767 1879 826 Omnia
1911 789 2076 842 porro
2107 753 2205 846 pro
2241 795 2326 833 re-

763 841 948 935 iiculis
971 847 1152 914 habet,
1195 862 1257 906 ut
1285 854 1587 921 Christum,
1627 861 1732 916 sibi
1773 841 2325 935 desideratissimurn,

768 933 1026 991 lueretur.
1059 938 1291 998 Mittitur
1316 960 1446 1000 vero
1494 951 1654 1003 etiam
1688 962 1747 1005 ut
1783 969 1982 1021 prmeo.
2034 933 2328 1029 totumque

765 1025 952 1080 orbem
1011 1035 1285 1100 praeconio
1336 1052 1438 1092 suo
1482 1041 1692 1109 implet,
1741 1043 2156 1118 Hierosolymis,
2206 1025 2330 1106 tan-

765 1140 930 1192 quam
965 1142 993 1181 a
1022 1129 1357 1194 carceribus,
1392 1149 1565 1204 usque
1596 1138 1664 1190 ad
1691 1152 1882 1194 omnes
1909 1149 2176 1197 terrarum
2199 1144 2332 1199 lines

763 1231 1081 1285 excurrens,
1121 1231 1176 1274 et
1191 1223 1530 1293 evangelium
1567 1243 1740 1298 usque
1779 1232 1846 1285 ad
1872 1230 2074 1288 Oceani
2107 1233 2332 1292 ﬂumina

764 1308 1126 1365 ebucciuuns.
1159 1310 1438 1380 Ejusmodi
1493 1319 1811 1374 servitutem
1859 1325 2066 1380 servire
2113 1326 2333 1384 Christo

767 1393 966 1450 Paulus
997 1399 1280 1455 didicerat.
1331 1401 1427 1458 llis
1461 1421 1589 1460 vero
1625 1418 1678 1462 et
1718 1411 2002 1479 septimum
2035 1417 2334 1486 servitutis,

764 1503 934 1553 genus
963 1491 1202 1556 accedit,
1237 1495 1456 1560 quando
1505 1496 1651 1565 leges
1693 1511 1744 1551 et
1801 1501 2047 1557 instituta
2089 1506 2235 1570 vitae,
2277 1508 2331 1561 in

761 1577 982 1633 Christo
1018 1588 1170 1646 actae,
1222 1590 1329 1637 tam
1386 1596 1577 1641 sancte
1653 1590 2010 1662 solliciteque,
2075 1607 2136 1651 ut
2177 1615 2336 1654 nemo

763 1669 906 1724 alius
945 1686 1156 1734 eorum,
1195 1675 1286 1744 qui
1319 1677 1402 1730 vel
1434 1687 1563 1733 tunc
1608 1682 1690 1734 vel
1719 1694 1902 1750 postea
1931 1687 2204 1753 vivebant,
2239 1692 2337 1747 ob-

764 1763 997 1817 servavit
1017 1773 1072 1819 et
1087 1768 1364 1832 custodiit,
1381 1785 1581 1836 corpus
1602 1787 1764 1827 suum
1782 1777 2054 1847 castigans
2075 1790 2128 1834 et
2145 1782 2199 1835 in
2222 1799 2338 1837 ser-

2435 601 2693 670 ρύγματι,
2731 605 2839 657 ἀπὸ
2879 606 3234 678 Ἰερουσαλὴμ
3263 606 3323 670 ἑξ
3363 605 3660 674 ἀφετηρίου
3689 605 3839 667 τινος
3869 605 4006 673 πρὸς

2430 694 2498 744 τὰ
2526 692 2630 760 γῆς
2681 695 2860 747 πάντα
2911 695 3137 764 δραμὼν
3187 697 3418 764 πέρατα,
3447 695 3541 747 καὶ
3591 694 3785 762 μέχρις
3824 693 4004 746 αὐτῶν

2433 783 2541 834 τῶν
2579 783 2835 837 Ὠκεανοῦ
2885 785 3170 852 ῥευμάτιον
3224 785 3490 846 σαλπίσας
3540 783 3602 837 ea
3633 782 4000 846 Εὑαγγέλιον.

2434 874 2704 943 Τοιαύτην
2718 876 2962 928 δουλείαν
2985 878 3014 928 ό
3035 875 3242 938 Παῦλος
3258 877 3545 944 ἠπίστατο,
3566 875 3650 942 ἐφ’
3670 868 3752 937 οἷς
3771 872 4002 940 ἕϐδομος

2435 965 2680 1026 δουλείας
2744 966 3025 1031 ὲξανύεται
3068 973 3288 1037 τρόπος,
3325 967 3391 1019 δι’
3425 960 3485 1018 οῦ
3516 967 3616 1036 τῆς
3671 966 3729 1017 ὲν
3781 963 4005 1033 Χριστῶ

2438 1056 2713 1118 πολιτείας
2742 1060 2868 1120 τοὺς
2895 1060 3131 1128 θεσμοὺς
3161 1060 3254 1110 καὶ
3287 1058 3356 1110 τὰ
3403 1059 3609 1126 νόμιμα
3655 1057 3916 1127 καθαρῶς
3947 1073 4004 1107 τε

2437 1147 2530 1198 καί.
2566 1147 2888 1213 σπουδαίως,
2922 1150 3017 1202 καὶ
3045 1149 3122 1212 ὡς
3141 1151 3241 1201 οὐκ
3276 1150 3342 1202 ἄν
3370 1165 3456 1210 τις
3503 1150 3710 1217 ἕτερος.
3752 1149 3814 1200 ού
3857 1149 4006 1212 τότε,

2439 1235 2550 1304 (45)
2601 1237 2698 1303 οὐχ
2727 1234 2974 1304 ὕστερον,
3007 1237 3371 1306 κατώρθωσεν
3403 1257 3461 1290 τε
3520 1239 3615 1290 καὶ
3661 1236 4004 1304 διεφύλαξεν,

2441 1326 2777 1389 ὑπωπιάζων
2806 1327 2918 1397 (Η)
2967 1329 3027 1380 τὸ
3055 1328 3213 1396 σῶμα
3247 1329 3336 1381 καὶ
3364 1327 3744 1396 δουλαγωγιῖη,
3774 1328 3849 1396 μή
3891 1344 4008 1387 πως

2439 1421 2619 1482 ἄλλοις
2650 1420 2894 1491 κηρύξας
2937 1421 3099 1482 αὐτὸς
3127 1420 3385 1490 ἀδόκιμος
3418 1421 3664 1487 γένηται.
3696 1413 3867 1472 Αῦται
3907 1418 4008 1485 τῆς

2439 1514 2682 1577 δουλείας
2709 1515 2765 1566 αί
2793 1513 3091 1582 θαυμάσιαι
3129 1515 3222 1565 καὶ
3245 1513 3526 1583 κρείττους
3547 1514 3761 1583 ἀπάσης
3788 1511 4008 1563 ἐλευθε-

2446 1605 2564 1675 ρίας
2584 1604 2718 1658 ίδέαι
2735 1605 2967 1675 (ιδ-ιη·
2993 1605 3215 1666 ταύταις
3233 1604 3707 1666 ἀνέπνει,ταύταις
3723 1602 3820 1654 οὐκ
3837 1601 4011 1668 ἔληγε

2441 1695 2744 1760 δουλεύων,
2793 1695 3023 1759 ταύταις
3081 1693 3321 1748 ὲναθλῶν
3366 1693 3709 1763 ἐσεμνύνετο.
3765 1692 3857 1744 Διδ
3915 1691 4013 1743 καὶ

2445 1787 2672 1857 γράφων
2692 1786 2878 1841 δοῦλον
2909 1787 3102 1841 ἑαυτὸν
3137 1785 3314 1856 Ἰησοῦ
3339 1783 3579 1856 Χριστοῦ
3601 1784 4006 1851 ἀπογράφεται.

765 1849 990 1905 vitutem
1018 1854 1292 1925 redigens,
1343 1873 1410 1911 ne
1437 1858 1560 1912 aliis
1583 1861 1885 1928 praedicans
1915 1866 2028 1934 ipse
2062 1871 2217 1923 lieret
2249 1886 2333 1926 re-

2434 1849 2604 1933 τὸϋῷ
2639 1896 2762 1948 μου,
2817 1882 2971 1948 φησὶ,
3015 1879 3076 1932 τὸ
3103 1849 3341 1945 ἀξίωμα.
3392 1849 3565 1929 ⁵Γοῦτο
3612 1849 4010 1944 τῆςῂἁρχικῆς

765 1942 991 2011 probus.
1033 1945 1158 2000 Hac
1188 1956 1319 2000 sunt
1340 1948 1661 2004 admiranda
1690 1952 1778 2006 illa
1805 1958 2063 2026 omnique
2085 1961 2334 2018 libertate

767 2034 991 2090 meliora
1015 2037 1294 2093 servitutis
1310 2053 1528 2108 genera,
1550 2058 1671 2109 qua
1696 2042 1900 2100 Paulus
1917 2050 2182 2117 spirabat,
2211 2069 2334 2123 qua:

765 2129 1038 2186 sustinere
1052 2146 1159 2186 non
1180 2133 1482 2201 desinebat,
1501 2137 1702 2206 quibus
1719 2151 1953 2198 onustus
1971 2145 2332 2214 gloriabatur.

766 2219 1057 2291 Propterea
1089 2223 1296 2282 litteras
1334 2229 1579 2286 scribens
1615 2248 1831 2288 servum
1876 2250 1935 2290 se
1971 2235 2100 2294 Jesu
2129 2237 2331 2296 Christi

765 2316 1088 2386 appellabat.
1115 2319 1262 2386 Haec,
1285 2321 1519 2387 dicebat,
1549 2340 1667 2378 mea
1685 2334 1771 2379 est
1801 2328 2035 2396 dignitas
2061 2332 2074 2383 ί
2106 2333 2330 2387 hocim-

765 2408 1053 2476 peratoriae
1077 2413 1363 2479 potestatis
1406 2413 1614 2485 insigne
1641 2417 1655 2468 !
1682 2417 1785 2470 hoc
1827 2419 2047 2473 nomine
2075 2424 2332 2480 omnibus

763 2497 926 2552 velim
945 2499 1324 2559 innotescere!
1370 2504 1474 2571 Qui
1503 2506 1558 2560 in
1593 2509 1796 2563 mundo
1827 2524 1914 2564 res
1951 2526 2080 2566 suas
2107 2513 2326 2580 habent,

767 2585 848 2642 illi
875 2589 1093 2658 quidem
1125 2607 1155 2646 a
1187 2594 1374 2648 mundi
1398 2596 1751 2665 dignitatibus
1781 2601 2045 2656 celebrari
2078 2606 2322 2674 cupiunt,

765 2693 913 2736 nunc
949 2683 1260 2750 consulum,
1297 2701 1444 2740 nunc
1500 2688 1904 2756 praefectorum,
1943 2708 2088 2749 nunc
2149 2696 2323 2749 tribu-

765 2786 983 2837 norum,
1029 2789 1174 2829 nunc
1204 2777 1327 2830 aliis
1363 2778 1536 2832 titulis
1575 2789 1814 2835 utentes.
1859 2782 2030 2838 Paulo
2077 2800 2206 2840 vero
2253 2789 2322 2842 ad

765 2862 977 2933 gloriae,
1007 2865 1220 2935 imperii
1259 2877 1312 2923 ct
1343 2869 1626 2938 dignitatis
1657 2875 2071 2942 amplitudinem
2105 2878 2324 2940 sufficit,

2432 1968 2679 2037 ἐξουσίας
2707 1970 2769 2022 τὸ
2805 1971 3103 2039 ἐπίσημον.
3148 1967 3282 2021 Ἀπὸ
3312 1969 3508 2021 τούτου
3561 1967 3813 2037 βούλομαι
3867 1968 4010 2018 πᾶσι

2435 2057 2822 2129 γνωρίζεσθαι.
2859 2059 2924 2111 Ol
2960 2059 3061 2125 μὲν
3092 2060 3150 2110 ἐν
3177 2058 3369 2128 κόσμῳ
3397 2057 3860 2128 ἀναστρεφόμενοι
3897 2057 4009 2108 ἀπὸ

2435 2149 2544 2200 τῶν
2601 2149 2660 2200 ἐν
2696 2148 2886 2218 κόσμῳ
2950 2147 3278 2218 ἀξιωμάτων
3347 2145 3640 2218 δηλοῦσθαι
3700 2146 4007 2216 βούλονται,

2437 2240 2676 2301 ὑπάτους
2703 2240 2950 2300 ἑαυτοὺς.
2997 2240 3092 2292 καὶ
3138 2238 3481 2308 στρατηγοὺς
3526 2237 3621 2290 καὶ
3666 2237 4006 2306 δημάρχους,

2438 2331 2533 2382 καὶ
2560 2331 2628 2382 τὰ
2657 2328 2884 2382 τοιαῦτα
2914 2330 3344 2400 ὑπογράφοντες.
3386 2328 3584 2399 Παύλῳ
3630 2329 3686 2381 δὲ
3713 2329 3876 2397 ἀρκιί
3928 2329 4007 2388 εἰς

2440 2423 2669 2490 μέγεθος
2691 2422 2786 2474 καὶ
2831 2421 2992 2490 δόξης
3053 2421 3148 2474 καὶ
3195 2423 3370 2491 ἀρχῆς
3416 2422 3508 2475 καὶ
3555 2421 3888 2490 ἀξιώματος,
3945 2422 4005 2474 τὸ

2432 2512 2618 2566 δοῦλον
2654 2509 2792 2566 εἶναι
2821 2512 3086 2585 Χριστοῦ,
3134 2512 3388 2566 κάκεῖθεν
3425 2512 3685 2583 μᾶλλονῆ
3720 2512 3826 2564 ἀπό
3853 2528 4004 2574 τινος

2431 2605 2592 2658 ἄλλου
2614 2604 3000 2674 γινώσκεσθαι.
3036 2604 3177 2660 Ἀλλ’
3199 2603 3345 2657 οὕτω
3370 2606 3556 2670 μέντοι
3577 2603 3943 2672 τεθεωρήσθω
3967 2605 4000 2670 ἡ

2431 2697 2582 2748 αίτία
2608 2695 2703 2746 τοῦ
2725 2712 2784 2747 τε
2810 2694 3213 2766 προτάττεσθαι
3233 2697 3332 2766 τὴν
3363 2693 3558 2763 κλῆσιν
3592 2694 3702 2747 τῶν
3739 2693 4003 2745 Ἐπιστο-

2429 2787 2534 2841 λῶν
2561 2787 2795 2850 Παῦλον,
2825 2789 2918 2840 καὶ
2944 2786 3037 2839 τοῦ
3068 2787 3156 2841 διὰ
3191 2787 3390 2850 παντὸς
3422 2787 3608 2841 δοῦλον
3645 2787 3834 2840 ἑαυτὸν
3863 2787 4004 2839 ἀνα-

2433 2881 2667 2949 γράφειν
2697 2879 2957 2949 Χριστοῦ.

761 2954 960 3012 Christi
989 2972 1110 3014 esse
1130 2975 1368 3023 servum,
1387 2972 1548 3031 atque
1566 2965 1668 3021 hoc
1684 2968 1880 3036 potius,
1901 2985 2064 3038 quam
2095 2972 2203 3024 alio
2225 2974 2422 3040 quovis
2454 2973 2693 3034 nomine,
2719 2973 3100 3029 inclarescere.
3126 2975 3303 3042 Atque
3319 2973 3436 3031 haec
3467 2975 3687 3045 quidem
3705 2989 3871 3030 causa
3907 2973 4002 3027 tibi

761 3051 1116 3106 existimanda
1154 3051 1336 3116 fuerit,
1359 3069 1457 3108 cur
1484 3054 1685 3112 Paulus
1720 3073 1916 3113 nomen
1933 3076 2092 3115 suum
2114 3061 2372 3130 Epistolis
2401 3063 2739 3132 praemiserit,
2758 3079 3081 3134 semperque
3104 3079 3162 3119 se
3198 3064 3400 3118 Christi
3439 3081 3657 3121 servum
3688 3067 3997 3134 appellarit.

832 3143 988 3209 Quod
1017 3160 1144 3199 vero
1176 3145 1392 3204 additur
1431 3167 1445 3201 :
1483 3167 1502 3199 ι
1528 3149 1632 3214 Qui
1670 3152 1973 3207 declaratus
2019 3154 2122 3210 fuit
2148 3155 2318 3210 Filius

2492 3157 2564 3208 Τὸ
2591 3157 2701 3226 (49.)
2741 3158 2797 3210 δέ
2821 3173 2834 3187 ·
2867 3177 2886 3208 ι
2912 3157 3247 3225 Ὀρισθὲντος
3274 3157 3404 3209 Υἱοῦ
3455 3157 3513 3208 ὲν
3557 3158 3803 3225 δυνάμει,
3832 3175 3851 3207 ι
3907 3157 4001 3211 καὶ

766 3234 860 3288 Dei
898 3234 954 3288 in
981 3237 1327 3303 potentia",i
1355 3246 1485 3302 etc.,
1521 3240 1608 3292 illa
1632 3241 1763 3294 mihi
1793 3244 2010 3310 quidem
2034 3245 2176 3299 hanc
2200 3261 2324 3300 sen-

765 3327 986 3382 tentiam
1016 3327 1218 3383 inferre
1240 3329 1503 3383 videntur.
1531 3331 1871 3386 Declaratum
1915 3338 2170 3404 appellat,
2204 3349 2323 3392 Iau-

768 3432 957 3486 quam,
988 3419 1076 3486 qui
1107 3429 1165 3471 ut
1187 3419 1310 3473 talis
1338 3421 1588 3489 cognitus
1617 3423 1706 3485 sit,
1741 3433 1794 3476 et
1823 3424 1889 3476 ad
1934 3425 2187 3480 notitiam
2230 3427 2324 3480 ho-

765 3507 977 3564 minum
1013 3509 1328 3579 perductus.
1363 3508 1467 3566 ltes
1516 3514 1661 3566 enim
1701 3515 1785 3568 vel
1837 3529 1899 3568 ex
1953 3519 2174 3572 nomine
2226 3533 2325 3576 suo

763 3612 1127 3666 cognoscere,
1160 3599 1245 3655 vel
1272 3599 1605 3655 deﬁnitionis
1650 3602 1884 3671 alicujus
1909 3619 2010 3674 ope
2047 3609 2327 3678 percipere

763 3690 1024 3749 solemus.
1066 3689 1350 3759 Deﬁnitum
1395 3691 1577 3760 itaque
1612 3694 1878 3763 appellat,
1931 3712 2039 3751 non
2091 3700 2249 3768 quasi
2293 3715 2324 3755 a

764 3795 1036 3850 quoquam
1064 3780 1118 3837 in
1148 3781 1316 3835 lilium
1363 3783 1737 3852 sitadoptatus
1760 3801 1774 3850 ;
1797 3786 1939 3841 absit
1970 3787 2104 3843 hoc!
2127 3805 2321 3859 neque,

763 3872 910 3941 quod
952 3886 1151 3928 nomen
1180 3871 1303 3927 Filii
1337 3872 1429 3929 Dei
1459 3889 1553 3943 per
1596 3875 1998 3945 impositionem
2032 3883 2323 3950 quamdam

766 3971 958 4019 nactus
989 3964 1103 4030 sit;
1131 3965 1226 4019 sed
1274 3966 1551 4034 deﬁnitum
1602 3978 1795 4034 vocat,
1837 3979 2094 4040 tanquam
2137 3974 2228 4040 qui
2257 3988 2322 4027 ex

767 4056 1188 4128 proprietatibus
1218 4058 1333 4112 suis
1357 4058 1514 4113 nobis
1541 4060 1862 4126 iunctuerit,
1894 4071 1949 4116 et
1982 4063 2033 4116 iu
2059 4063 2325 4133 cognitio-

766 4161 889 4203 nem
919 4146 1192 4213 nostram,‘
1229 4150 1408 4218 quoad
1438 4149 1526 4203 illa
1560 4149 1613 4202 in
1655 4150 1907 4207 homines
1940 4153 2107 4216 cadit,
2133 4169 2324 4222 pervc-

769 4237 927 4290 nerit.
956 4235 1108 4290 Unde
1148 4238 1310 4306 igitur
1337 4277 1353 4303 ,
1391 4249 1446 4293 et
1478 4253 1542 4293 ex
1586 4241 1789 4310 quibus
1834 4243 2128 4297 momentis
2156 4242 2326 4297 Filius

771 4326 862 4382 Dei
886 4327 1301 4395 determinatur,
1346 4338 1402 4384 ct
1443 4331 1641 4399 quibus
1680 4333 2102 4401 proprietatibus
2129 4336 2324 4390 distin-

765 4429 886 4474 ctus
911 4435 942 4472 a
982 4421 1142 4476 nobis
1177 4423 1573 4491 cognoscitur?
1613 4424 1686 4478 Ex
1729 4426 2058 4498 propheticis
2082 4466 2098 4490 ,
2125 4429 2322 4498 inquit,

2424 3247 2570 3316 ἑξῆς,
2602 3249 2855 3317 τοιαύτην
2895 3249 3018 3300 τινά
3067 3265 3156 3315 μοι
3203 3249 3348 3298 δοκεί
3395 3247 3495 3315 τὴν
3544 3247 3778 3317 θεωρίαν
3830 3247 3996 3316 ἔχειν·

2435 3339 3018 3410 Ὀρισυέντος,φησὶν,
3035 3339 3196 3392 οἱονεὶ
3213 3338 3669 3406 ἐπιγνωσθέντος,
3690 3340 3771 3402 εἰς
3796 3339 3998 3406 γνῶσιν

2425 3429 2732 3500 ἀνθρώποις
2765 3431 3083 3499 ἐληλυθότος
3107 3430 3244 3498 (45).
3264 3430 3546 3499 Εἱώοαμεν
3573 3432 3682 3499 γὰρ
3708 3431 3740 3499 ἢ
3771 3431 3997 3500 ὀνόματί

2423 3541 2528 3574 τινι
2581 3521 3014 3589 καταλαμϐάνειν
3037 3520 3106 3572 τὰ
3151 3520 3468 3590 πράγματα,
3495 3521 3528 3588 ἢ
3567 3521 3656 3573 διά
3677 3537 3846 3573 τινων
3872 3523 3987 3589 ὀρι-

2426 3614 2536 3666 κῶν
2568 3614 2742 3680 λόγων
2764 3614 2844 3676 είς
2867 3613 2964 3682 τὴν
2989 3610 3167 3664 αὐτῶν
3190 3611 3530 3679 ἀφικνεῖσθαι
3555 3611 3868 3676 ἐπίγνωσιν.
3888 3613 3999 3664 Νῦν

2424 3701 3071 3773 οὖν,όρισοἐντος,φησὶν
3091 3705 3209 3774 οὐχὶ
3227 3704 3286 3757 τὸ
3303 3705 3453 3774 παρά
3477 3720 3618 3766 τινος
3634 3705 3712 3764 et;
3728 3703 3998 3756 υἱοθεσίαν

2424 3793 2765 3863 ἀνειλῆφθαι,
2811 3793 3014 3860 ἄπαγε,
3056 3793 3167 3846 οὐδ’
3199 3794 3280 3846 ὃτι
3323 3793 3423 3863 τὴν
3452 3791 3544 3844 τοῦ
3578 3791 3709 3844 Υἱοῦ
3738 3792 3834 3845 τοῦ
3861 3791 3995 3844 θεοῦ

2428 3885 2792 3958 προσηγορίαν
2822 3885 2929 3937 ἀπό
2975 3900 3120 3946 τινος
3160 3885 3388 3952 ἐπέσχεν
3428 3883 3668 3945 θέσεως,
3719 3882 3998 3950 ἀλλ’,όρι-

2425 3975 2887 4046 σθέντος,φησὶν,
2923 3970 3035 4027 οἷον
3082 3975 3176 4028 τοῦ
3209 3975 3300 4028 διὰ
3344 3974 3455 4029 τῶν
3501 3977 3630 4046 περ).
3659 3974 3824 4028 αὐτον
3856 3976 3996 4028 ἰδιω·

2429 4068 2614 4137 μάτων
2651 4069 2784 4136 ἡμῖν
2814 4066 3259 4137 ὲμφανισθέντος,
3287 4067 3380 4121 καὶ
3407 4067 3488 4129 είς
3539 4067 3746 4135 γνῶσιν
3773 4069 3869 4119 καὶ
3900 4084 3996 4118 κα-

2424 4159 2674 4228 τάληψιν,
2697 4159 2772 4220 ὡς
2800 4153 2912 4211 οἷόν
2936 4158 2997 4211 τέ
3028 4160 3173 4211 ἐστιν
3207 4157 3520 4228 ἀνθρωπίνη
3545 4157 3709 4226 φύσει
3733 4199 3748 4222 ,
3777 4158 3989 4227 περιελ-

2427 4249 2629 4312 θόντος.
2677 4248 2846 4302 Πόθεν
2885 4249 2977 4303 οῦν
3022 4249 3116 4302 καὶ
3161 4251 3227 4301 ὲκ
3281 4248 3497 4302 τίνωνό
3537 4248 3631 4301 τοῦ
3681 4248 3818 4302 Θεοῦ
3872 4250 3993 4311 Υἱὸς

2425 4337 2764 4408 ἀφορίζεται,
2798 4339 2892 4390 καὶ
2919 4339 3060 4390 τίσιν
3089 4338 3312 4406 ἰδιότησι
3348 4336 3888 4407 χαρακτηριζόμενος
3908 4342 3986 4398 εἰς

2427 4433 2626 4498 γνῶσιν
2659 4433 2789 4500 ἡμῖν
2833 4431 3088 4500 ἕρχεταις
3129 4429 3223 4482 Ἐκ
3253 4429 3638 4500 προφητικῶν,
3670 4429 3826 4497 φησὶ,
3856 4443 3990 4497 χρη-

765 4510 1023 4564 oraculis.
1072 4510 1129 4570 ω
1171 4513 1316 4567 etiim
1366 4512 1673 4584 signillcat,
1701 4516 1890 4570 dicens
1925 4536 1939 4570 :
1977 4518 2158 4583 «Quod
2187 4535 2326 4590 pne-

2432 4522 2605 4590 σμῶν.
2648 4522 2816 4574 Τοῦτο
2840 4522 2947 4589 γὰρ
2969 4520 3261 4590 παρίστησι
3283 4520 3372 4572 δια
3394 4519 3486 4572 τοῦ
3509 4521 3706 4574 εἰπεῖν·
3736 4539 3753 4570 ι
3771 4521 3836 4572 ⁸0
3857 4535 3991 4588 προ-

767 4600 1034 4654 nuutiavit
1063 4617 1158 4670 per
1197 4604 1490 4672 prophetas
1517 4620 1646 4659 suos
1690 4606 1742 4659 in
1785 4609 1957 4662 sacris
1990 4609 2209 4663 Litteris
2225 4611 2324 4662 ⁸⁸.»

2432 4610 2792 4681 επηγγείλατο
2835 4609 2924 4662 διὰ
2951 4609 3059 4673 τῶν
3097 4609 3390 4678 προφητῶν
3438 4608 3602 4660 αὐτοῦ
3647 4609 3704 4660 ὲν
3749 4609 3990 4679 Γραφαῖς

768 4686 969 4743 Deinde
996 4705 1126 4744 vero
1156 4707 1222 4748 ex
1253 4694 1567 4756 miraculis,
1599 4711 1719 4765 qua:
1746 4712 1909 4765 supra
1944 4709 2150 4754 naturae
2185 4703 2328 4755 vires

2432 4701 2636 4768 ἁγίαις·
2681 4718 2700 4750 ι
2744 4698 2995 4768 δεύτερον
3028 4701 3093 4751 ὲκ
3139 4698 3248 4749 τῶν
3276 4698 3580 4766 δυνάμεων,
3612 4697 3676 4760 ᾂς
3701 4699 3990 4766 ὑπερφυῶς

765 4777 952 4833 edidit.
1000 4779 1137 4836 Dicit
1162 4783 1347 4836 enim:
1383 4803 1400 4834 ι
1437 4786 1541 4850 Qui
1573 4786 1882 4843 declaratus
1924 4800 2007 4844 est
2034 4791 2205 4848 Filius
2233 4791 2326 4847 Dei

2432 4791 2619 4843 ἐτέλει.
2651 4809 2670 4840 ι
2716 4788 2824 4842 Τοῦ
2855 4788 3162 4859 ὁρισθέντος
3211 4788 3338 4857 γάρ,
3369 4788 3559 4856 φησὶν,
3586 4787 3716 4841 Υίοῦ
3745 4788 3885 4841 Θεοῦ
3933 4789 3990 4840 ἐν

767 4868 821 4923 in
853 4871 1088 4938 potentia
1104 4872 1202 4926 ⁸⁸.»
1245 4871 1415 4928 Porro
1453 4892 1519 4930 ex
1553 4877 1758 4945 Spiritu
1791 4889 2002 4941 sancto,
2032 4896 2195 4946 quem
2227 4884 2324 4936 ho-

2432 4881 2672 4950 δυνάμει.
2717 4899 2736 4932 ι
2765 4876 2899 4934 Εἶτα
2927 4881 2992 4932 ὲκ
3017 4879 3111 4932 τοῦ
3145 4880 3459 4949 Ιινεύματος
3484 4878 3578 4932 τοῦ
3608 4880 3787 4948 ἁγίου,
3817 4880 3848 4932 ὃ
3879 4883 3989 4943 τοῖς

768 4957 1006 5016 minibus
1037 4959 1092 5014 in
1123 4976 1182 5018 se
1217 4963 1566 5018 credentibus
1605 4967 1864 5021 dcuabat.
1917 4966 2161 5039 Denique
2198 4988 2323 5027 vero

2433 4979 2510 5038 εἰς
2563 4975 2724 5027 αὑτὸν
2751 4974 3139 5027 πεπιστευκόσι
3172 4975 3444 5044 ἐχορήγει.
3486 4974 3647 5032 Ἀλλά
3681 4975 3774 5028 καὶ
3801 4977 3868 5027 ὲκ
3898 4973 3988 5027 τοῦ

764 5065 829 5104 ex
861 5065 949 5116 eo,
991 5053 1157 5122 quod,
1185 5056 1278 5122 qui
1311 5070 1375 5108 ex
1410 5054 1630 5112 Davidis
1653 5060 1858 5112 semine
1894 5071 2059 5116 natus
2085 5073 2224 5126 erat,
2255 5080 2319 5119 ex

2432 5065 2726 5134 ἀναστῆναι
2751 5066 2901 5133 (μ)
2936 5065 3097 5118 αὑτὸν
3126 5067 3189 5118 ἐκ
3230 5066 3540 5134 σπέρματος
3577 5065 3672 5119 τοῦ
3701 5066 3866 5119 Δασὶδ
3901 5083 3988 5132 γε·

767 5141 992 5197 niortuis
1021 5147 1331 5198 resurrexit.
1367 5143 1574 5200 llorum
1606 5147 1753 5202 enim
1774 5149 2016 5204 omnium
2038 5153 2319 5224 congeries

2432 5159 2771 5227 γεννημένον.
2823 5157 2931 5210 Καὶ
2984 5157 3091 5226 γὰρ
3124 5156 3327 5209 τούτων
3349 5156 3607 5212 ἁπάντων
3653 5157 3686 5227 ἡ
3717 5155 3986 5226 συνδρομὴ

834 5255 879 5287 ⁸⁹
911 5255 1067 5311 Rom.
1099 5272 1137 5320 Ι.
1166 5258 1217 5310 4.
1292 5259 1337 5290 ⁸⁸
1365 5261 1494 5316 ihid.
1523 5263 1576 5320 9..
1654 5265 1694 5295 "
1725 5263 1854 5318 ibid.
1878 5263 1950 5332 5.(

2293 5357 2524 5416 NOTAE.

2426 5475 2514 5518 τος
2548 5460 2702 5528 φησὶ,
2735 5461 2826 5511 καὶ
2849 5461 2926 5521 εἰς
2962 5459 3160 5524 γνῶσιν
3188 5458 3496 5529 ἀνθρώποις
3528 5457 3793 5529 ἐλθόντος.
3847 5457 3980 5511 Εἱώο

2425 5529 2487 5578 02
2501 5547 2596 5595 μεν
2623 5530 2729 5596 γάρ
2744 5530 2810 5580 δι’
2832 5529 3074 5598 ὁρισμῶν
3089 5545 3249 5582 τινων
3270 5527 3674 5596 ἐπιγινώσκειν,
3691 5527 3728 5582 ἃ
3751 5528 3981 5597 βεὸαίως

2423 5602 2513 5649 καὶ
2527 5600 2743 5672 οὐκ-,ἐνῇ
2760 5599 3039 5666 δισταγμῷ
3076 5599 3479 5672 ἐπιστάμεθαολ
3566 5668 3576 5672 _

2493 5669 2601 5747 (Η)
2635 5669 2784 5723 Colh.
2816 5685 2913 5747 aro
2933 5669 3282 5730 ἀναστάντος.
3451 5667 3650 5724 Paulus
3684 5687 3692 5720 :
3742 5667 3832 5730 Ἐξ
3858 5670 3974 5720 ἀναν

2426 5743 2516 5792 τιὰ
2533 5756 2658 5800 32w;
2685 5743 2911 5810 νεκρῶν.

837 5445 949 5510 (13)
990 5445 1065 5499 Ex
1092 5447 1244 5502 Colh.
1278 5450 1398 5504 loco
1421 5444 1572 5513 οὗτός
1604 5469 1682 5505 τε.

839 5517 950 5586 (μ)
972 5515 1118 5586 Idem
1149 5534 1246 5586 pro
1281 5520 1577 5584 κοπιάζων.

836 5585 1045 5656 (4541)
1080 5585 1216 5639 tam
1242 5592 1422 5643 scribo
1453 5605 1551 5656 pro
1601 5591 1744 5644 ἰδίαι.

837 5655 950 5723 (Η)
977 5656 1068 5706 τοῦ
1108 5673 1200 5724 pra
1240 5660 1321 5721 τὸ,
1352 5675 1414 5711 ex
1436 5660 1590 5713 Colh.

841 5726 951 5801 (15)
991 5726 1237 5801 Respicit
1257 5733 1358 5781 huc
1389 5729 1755 5801 (geminamus
1783 5733 1814 5784 1.
1852 5751 1922 5786 ιε..
1960 5752 1989 5801 p
2057 5736 2179 5790 9.05.
2237 5735 2318 5788 his

773 5799 950 5855 terms
984 5814 995 5848 :
1030 5796 1118 5850 Διὸ
1146 5799 1337 5861 καίτις
1367 5799 1455 5851 τοῦ
1486 5801 1810 5868 ὁρισθέντος,
1847 5805 1936 5856 τοῦ
1959 5796 2316 5872 ἐπιγνωσθέν-
