4174 6450
192 428 300 490 753

1107 430 1207 489 AD
1226 428 1812 491 AMPHILOCHIUM
1832 429 2177 501 QUIESTIO
2206 433 2513 495 CXXXVI.

3322 427 3435 497 754

190 539 416 603 διορίζει
441 539 537 592 καὶ
558 538 930 608 άποδιίστησιν
954 540 1118 593 αὐτὸν
1141 539 1253 592 τῶν
1288 541 1463 594 άλλων
1483 542 1761 599 ἁπάντων,

1867 557 1989 595 eum
2020 548 2089 595 ah
2121 544 2245 598 aliis
2272 546 2527 599 omnibus
2552 543 2837 612 distinguit
2863 551 2919 598 et
2942 552 3159 611 separat
3182 581 3199 605 ,
3236 544 3437 610 quibus

190 633 340 695 ὅσοις
363 632 505 685 κατά
540 632 697 700 χάριν
726 632 949 697 γέγονεν
980 632 1128 693 υἱοὺς
1170 632 1625 702 ιπονομασοῆναι.
1658 634 1767 686 Καὶ

192 722 439 775 δείκνυσι
467 725 562 775 καὶ
586 721 827 775 διδάσκει
864 721 1090 785 πάντας,
1118 721 1280 774 αὑτὸν
1316 715 1457 775 εἶναι
1511 723 1602 775 τὸν
1632 724 1766 790 ἀλη-

193 815 306 878 θῶς
338 816 433 868 καὶ
459 813 616 882 φύσει
648 815 774 866 Υἱδν
799 812 895 867 τοῦ
918 813 1054 867 Θεοῦ
1085 814 1181 867 καὶ
1219 813 1374 867 Θεόν.
1404 813 1568 866 Ὅθεν
1596 814 1758 866 δυνα-

192 906 287 959 τὸν
320 906 387 958 ἂν
409 904 495 974 εἴη
521 908 536 969 (
558 904 626 957 45
647 909 686 971 ),
711 906 804 957 καὶ
832 904 1318 975 οὐχὶπλαγιασμῴ
1350 903 1460 956 τῶν
1504 904 1764 973 ῥημάτων

196 996 386 1065 μόνον,
417 995 551 1047 ἀλλὰ
585 994 708 1048 κατ’
736 996 949 1048 εὐθεῖαν
983 996 1121 1047 αὐτὰ
1143 994 1486 1065 συνείροντας
1515 995 1576 1047 τὸ
1611 993 1762 1057 ὲξαί-

196 1100 354 1153 ρετον
406 1084 506 1151 τῆς
557 1083 801 1151 υίότητος
853 1082 949 1136 τοῦ
996 1084 1230 1153 Χριστοῦ
1288 1083 1561 1143 καὶ,Θεοῦ
1606 1086 1639 1152 ὴ
1650 1083 1766 1150 μῶν

194 1176 455 1245 ἀφορίσαι
478 1192 539 1227 τε
572 1178 663 1227 καὶ
717 1177 1087 1245 παραστῆσαι.
1136 1177 1231 1229 καὶ
1260 1176 1360 1245 τὴν
1420 1176 1549 1245 περὶ
1597 1175 1763 1227 αὑτοῦ
1812 1250 1817 1254 ,

192 1265 397 1331 γνῶσίν
427 1280 488 1316 τε
519 1265 613 1317 καὶ
641 1265 844 1331 εἴδησιν
902 1264 1049 1333 σαφῆ
1075 1265 1171 1317 καὶ
1218 1264 1464 1333 καθαράν
1509 1266 1623 1326 τοῖς
1674 1282 1765 1315 πι-

198 1361 344 1419 στοῖς
380 1359 780 1427 παρασχέσθαι.
799 1354 923 1412 Οἶον
940 1358 994 1411 si
1008 1375 1094 1421 τις
1110 1357 1358 1428 ἐρωτῴη,
1375 1358 1440 1410 Τί
1460 1359 1608 1410 ἔστιν
1634 1359 1766 1426 Χρι-

198 1446 327 1508 στός
356 1464 371 1508 ς
396 1448 527 1516 ῥᾷον
556 1448 653 1500 καὶ
677 1448 828 1501 οὐδὲν
854 1448 1091 1517 ἐργῶδες
1120 1450 1315 1501 εἰπεῖν’
1348 1450 1579 1519 Χριστός
1614 1452 1765 1501 ἐστιν

195 1539 227 1591 ό
257 1537 346 1590 διά
376 1538 487 1591 τῶν
513 1538 807 1608 προφητῶν
842 1539 942 1609 μὲν
967 1539 1373 1611 προκηρυχθεὶς
1416 1540 1509 1593 καὶ
1540 1540 1767 1609 γενόμε-

196 1644 289 1688 νος
332 1628 472 1680 κατὰ
523 1629 699 1698 σάρκα
744 1631 810 1682 ὲκ
861 1630 1175 1700 σπέρματος
1229 1629 1414 1694 Δασὶδ,
1464 1630 1764 1699 ὑπερφυίσι

194 1719 455 1788 δυνάμεσι
486 1722 581 1774 καὶ
619 1720 930 1791 Πνεύματος
962 1721 1119 1789 ἁγίου
1160 1721 1374 1791 δαψιλεῖ
1415 1739 1475 1775 τε
1520 1724 1608 1776 καὶ
1664 1725 1771 1791 ἁφ-

196 1811 340 1881 θόνῳ
372 1813 604 1883 χορηγία
656 1814 719 1865 τὸ
745 1815 855 1865 τῶν
889 1812 1189 1884 ἀνθρώπων
1241 1813 1395 1881 γένος
1439 1813 1763 1882 εὐεργετῶν,

1868 632 2008 686 ﬁlios
2035 633 2126 687 Dei
2166 635 2425 703 appellari
2456 651 2519 691 ex
2550 636 2720 707 gratia
2753 635 3001 704 contigit.
3040 636 3163 689 Haec
3200 637 3441 689 ostendit

1868 734 1922 777 et
1950 724 2108 780 docet
2144 740 2375 790 omnes,
2418 743 2541 781 eum
2587 743 2713 782 vere
2763 738 2819 781 et
2868 740 3061 781 natura
3107 742 3207 781 sua
3238 726 3439 780 Filium

1870 817 1962 870 Dei
1990 828 2044 871 et
2075 817 2241 873 Deum
2280 833 2421 874 esse.
2470 818 2606 874 Hinc
2640 820 2883 882 scilicet,
2926 829 3089 887 atque
3158 819 3296 873 adeo
3327 834 3438 873 non

1869 923 1935 961 ex
1967 908 2109 961 nuda
2141 911 2374 978 quadam
2410 913 2700 965 verborum
2750 910 3075 979 ohliquilate
3103 948 3120 972 ,
3162 909 3258 963 sed
3290 920 3438 963 recta

1871 1001 2052 1068 potius
2081 1000 2163 1052 via
2185 1040 2199 1063 ,
2236 1001 2281 1054 si
2308 1002 2521 1072 singula
2568 1001 2671 1056 sibi
2701 1002 2933 1056 invicem
2965 1003 3271 1069 jungantur
3294 1036 3312 1062 ,
3342 1000 3439 1053 de-

1871 1090 2025 1141 linire
2062 1101 2115 1142 et
2148 1092 2527 1145 demonstrare
2556 1091 2708 1151 licet,
2748 1106 2912 1159 quam
2953 1092 3229 1145 eminente
3267 1104 3438 1145 sensu

1875 1175 2131 1229 Christus
2160 1186 2215 1229 et
2247 1175 2391 1231 Deus
2424 1185 2610 1231 noster
2634 1175 2802 1232 Filius
2834 1178 2905 1231 sit
2952 1176 3085 1240 Dei,
3136 1178 3440 1245 eademque

1868 1282 2034 1335 opera
2063 1282 2254 1335 puram
2298 1276 2353 1321 et
2402 1268 2709 1321 distinctam
2760 1268 2881 1337 ejus
2910 1268 3281 1336 cognitionem
3320 1281 3441 1321 cre—

1869 1354 2126 1408 dentibus
2158 1356 2529 1425 suppeditare.
2576 1354 2632 1410 Si
2664 1358 2790 1425 quis
2817 1359 2966 1411 verbi
3000 1372 3167 1411 causa
3200 1358 3441 1410 interro-

1871 1455 2024 1511 getur
2055 1461 2068 1496 :
2094 1444 2236 1509 Quid
2275 1455 2362 1499 est
2384 1444 2672 1500 Christus?
2707 1446 2865 1500 facile
2896 1447 2971 1499 illi
3006 1456 3059 1500 ct
3102 1446 3157 1498 in
3185 1454 3441 1513 promptu

1870 1534 2035 1589 inerit
2067 1536 2399 1606 respondere
2444 1555 2457 1590 :
2502 1536 2757 1591 Christus
2787 1546 2915 1601 est,
2960 1537 3118 1606 quia
3159 1538 3443 1606 prophetis

1868 1628 2090 1696 quidem
2114 1629 2533 1698 praenuntiatus,
2564 1637 2618 1683 et
2648 1630 2949 1683 secundum
2984 1644 3206 1683 carnem
3246 1644 3313 1683 ex
3346 1644 3441 1682 sc-

1871 1718 2017 1773 mine
2044 1716 2265 1775 Davidis
2304 1720 2523 1789 genitus
2549 1760 2566 1783 ,
2610 1720 2849 1789 potentia
2882 1734 2981 1773 sua
3009 1718 3439 1788 supernaturali,

1871 1807 2152 1875 sanctique
2178 1805 2418 1877 Spiritus
2452 1807 2616 1877 largis
2643 1817 2700 1862 et
2746 1808 2975 1863 inlinitis
3004 1807 3163 1861 donis
3203 1809 3445 1861 humano

198 1904 297 1954 καὶ
336 1902 423 1955 διὰ
476 1904 579 1973 τῆς
628 1906 831 1967 οἰκείας
864 1906 1214 1969 ἀναστάσεως
1241 1906 1331 1959 τὸν
1379 1906 1609 1961 θάνατον
1667 1906 1765 1975 μὲν

1867 1900 2051 1971 generi
2088 1898 2373 1963 benefecit,
2406 1907 2462 1953 et
2487 1900 2886 1953 resurrectione
2918 1914 3014 1954 sua
3050 1906 3281 1951 mortem
3312 1900 3443 1968 qui-

196 1994 499 2063 νεκρὼσας,
531 1995 621 2047 καὶ
651 1996 741 2049 τὸν
771 1995 905 2065 ᾅδην
936 1996 1257 2060 σκυλεύσας,
1287 1997 1413 2059 τοὺς
1435 1998 1530 2050 ἀπ’
1558 1996 1769 2050 αἰώνων

196 2088 257 2139 δὲ
289 2089 696 2156 συναναστήσας
724 2088 899 2156 ἑαυτῷ
932 2088 1179 2158 νεκρούς.
1204 2080 1374 2149 Οὗτός
1402 2091 1551 2141 ἐστιν
1574 2091 1603 2141 ό
1633 2089 1765 2156 Χρι-

199 2178 347 2241 στὺς,
398 2170 606 2241 οὗτοςό
655 2178 747 2231 τοῦ
794 2177 929 2231 Θεοῦ
968 2179 1091 2241 Υἱὸς
1118 2179 1211 2231 καὶ
1232 2178 1385 2240 Θεός.
1436 2179 1528 2239 Εἰς
1574 2179 1763 2231 τούτου

198 2269 262 2319 τὸ
292 2268 620 2335 Εὑαγγέλιον
670 2268 877 2331 Παῦλος
921 2270 1298 2341 ἀφωρισμένος
1344 2271 1577 2337 εγίνετω
1611 2272 1768 2323 τοῦτο

198 2360 530 2430 παρίστησιν
564 2363 608 2429 ἡ
633 2361 724 2413 τοῦ
766 2362 1072 2432 ὁρισθέντος
1100 2361 1229 2414 Υἱοῦ
1264 2362 1399 2415 Θεοῦ
1423 2368 1571 2431 φωνή
1594 2363 1696 2427 (46
1722 2367 1757 2424 ).

198 2452 469 2521 Πρόσθες,
527 2455 574 2504 εί
617 2452 816 2523 βούλει,
850 2453 988 2523 πρὸς
1038 2453 1343 2517 ἑξάπλωσιν
1388 2454 1483 2506 καὶ
1535 2454 1768 2523 δήλωσιν

200 2546 559 2614 σαφεστέραν·
592 2545 671 2598 δι’
698 2540 759 2600 οῦ
786 2548 878 2599 καὶ⁵
906 2545 1115 2608 Παῦλος
1146 2544 1304 2599 ἔλαϐε
1329 2546 1491 2616 χάριν
1548 2548 1769 2599 limoso-

198 2636 299 2704 λῆς
332 2636 460 2704 εθνη
521 2636 773 2705 βάρὼρα
820 2638 1027 2699 πείσαι,
1068 2637 1163 2689 καὶ
1217 2637 1635 2705 παρασκευάσαι
1664 2638 1766 2689 ὑπ-

199 2724 429 2777 ακοῦσαι
467 2728 533 2795 τῇ
560 2727 739 2778 πίστει
771 2725 864 2781 τοῦ
900 2724 1156 2795 Χριστοῦο
1186 2726 1465 2778 τουτέστιν
1504 2728 1582 2789 εἰς
1611 2727 1771 2779 αὑτὸν

201 2817 619 2885 πιστεῦσαιμῖ)
637 2818 730 2871 καὶ
752 2817 1032 2887 λατρεύειν
1060 2817 1225 2887 μόνῳ,
1255 2818 1331 2879 ὡς
1356 2818 1594 2887 ἀληθινῷ
1629 2819 1766 2887 Θεῷ.

201 2909 299 2961 καὶ
332 2908 444 2978 Υίῷ
477 2908 635 2971 Θεοῦ,
672 2910 920 2978 ἀφείμενα
961 2908 1071 2961 τῶν
1124 2908 1393 2978 πατρῴων
1443 2910 1616 2974 ἐθῶν,
1675 2912 1772 2963 καὶ

195 3004 300 3073 τῆς
336 3002 575 3066 παλαιᾶς
600 3003 780 3057 αὐτῶν
806 3005 897 3057 καὶ
924 3003 1313 3073 δεισιδαίμονος
1344 3004 1570 3073 πλάνης.

274 3177 349 3229 Τὸ
365 3176 442 3239 δὲ,
471 3195 490 3227 ι
512 3176 862 3245 Καυχάσθωό
884 3174 1109 3242 ἁδελφὸς
1134 3178 1161 3229 ό
1178 3177 1431 3240 ταπεινὸς
1459 3180 1517 3230 ὲν
1538 3178 1612 3248 τῷ
1644 3178 1768 3247 ὕψει

197 3267 389 3332 αὐτοῦ,
436 3268 465 3319 ό
487 3268 541 3320 δὲ
579 3268 830 3329 πλούσιος
870 3268 927 3319 ἐν
954 3268 1019 3336 τῇ
1054 3266 1379 3320 ταπεινώσει
1410 3269 1594 3329 αὑτοῦ,
1628 3287 1648 3319 ι
1690 3269 1769 3338 τῷ

198 3356 333 3427 ἱερῴ
364 3356 524 3428 ῥηθὲν
566 3354 827 3425 Ἰακώϐῳ,
874 3356 935 3408 ού
959 3354 1117 3408 τοῦτο
1142 3354 1313 3422 δηλοῖ,
1358 3356 1454 3419 .ὡς
1499 3359 1779 3430 Μεγαλορ-

200 3451 527 3521 ρημονείτωι
556 3446 977 3512 ἀλαζονευέσοω.
1017 3448 1445 3518 μεγαλαυχείτω.
1474 3450 1636 3503 Οὐδὲν
1660 3452 1778 3503 τού-

198 3541 563 3595 των.Τίθεται
592 3541 690 3609 μὲν
724 3540 855 3609 γὰρ,
896 3540 970 3603 ὼς
997 3540 1222 3606 ἐθος,τά
1251 3542 1473 3611 ῥήματα
1491 3542 1663 3595 ταῦτα
1685 3546 1777 3596 ἐπὶ

196 3633 299 3699 τῆς
321 3631 578 3699 τοιαύτης
596 3631 852 3692 διανοίας,
868 3630 1037 3683 καὶτὸ
1056 3632 1345 3700 πρόχειρον
1368 3634 1464 3702 τῆς
1481 3633 1676 3697 λέξεως
1699 3638 1777 3697 εἰς

195 3722 360 3775 τοῦτο
380 3722 553 3791 φέρει.
579 3721 717 3773 Ἀλλ’
745 3717 835 3776 οῦν
850 3721 965 3773 νυνί
990 3737 1054 3789 γε
1070 3720 1131 3778 τὸ
1146 3722 1452 3791 καυχᾶσθαι
1473 3739 1633 3793 φησιν
1658 3725 1777 3777 ἀντὶ

197 3815 319 3877 τοῦ,
345 3814 953 3882 οαρῤει’τω,ἐλπιζ’έτω.
976 3815 1124 3880 Μηδὲ
1148 3814 1259 3884 (ιε)
1276 3817 1382 3885 γάρ
1406 3818 1484 3869 ὅτι
1505 3817 1774 3882 ταπεινὸς,

197 3908 386 3974 φησιν,
439 3905 736 3974 ἀθυμείτω,
790 3906 864 3969 ὡς
936 3908 993 3958 ὲν
1043 3906 1205 3975 πενία
1252 3907 1603 3976 τρυχόμενος,
1637 3909 1669 3977 ἢ
1707 3912 1773 3979 τῇ

198 3996 355 4066 παρὰ
381 3996 491 4051 τῶν
542 3994 845 4065 ἀνθρώπων
894 3995 1079 4068 ἀδοξίᾳ
1109 3995 1479 4067 ύδριζόμενος.
1536 4001 1644 4051 Καὶ
1668 4002 1775 4069 γάρ

194 4091 293 4142 καὶ
320 4090 348 4141 ὁ
376 4089 578 4157 Κύριος
606 4088 761 4157 ἡμῶν
788 4089 911 4150 τοὺς
940 4089 1227 4152 ταπεινοὺς
1265 4088 1360 4142 καὶ
1395 4090 1630 4153 εὐτελεῖς
1682 4094 1774 4145 καὶ

194 4174 437 4243 πένητας
515 4175 610 4226 καὶ
645 4175 892 4243 πτωχοὺς
944 4174 1246 4238 ἐξελέξατο,
1273 4179 1400 4239 τοὺς
1458 4178 1769 4243 πλουσίους,

194 4266 291 4317 καὶ
316 4264 439 4334 δόξῃ
471 4266 565 4317 καὶ
623 4266 769 4332 γένει
811 4267 1365 4335 μεγαλοφρονοῦντας,
1396 4271 1768 4341 φρυάττεσθαι

191 4355 392 4411 λιπών.
445 4355 655 4411 Οὕιιουν
702 4358 908 4424 ὀφείλει
968 4374 1053 4420 τις
1091 4358 1341 4428 ἀθυμεῖν,
1368 4363 1454 4414 ὃτι
1494 4365 1768 4428 ταπεινὸς.

187 4447 533 4517 εὐφροσύνης
564 4448 620 4500 δὲ
661 4448 860 4517 μᾶλλον
906 4448 1249 4519 πληρούσθω,
1292 4454 1546 4509 κοινωνὸν
1577 4457 1768 4510 ἑαυτὸν

1867 1994 1988 2047 dem
2020 1990 2271 2060 peremit,
2307 1988 2630 2060 infernaque
2675 1991 2907 2060 spoliato
2927 2030 2942 2053 ,
2975 2005 3105 2056 eos,
3132 1992 3228 2059 qui
3257 1992 3384 2046 inde
3411 2006 3440 2044 a

1866 2084 2059 2154 primis
2082 2082 2299 2137 saeculis
2333 2083 2532 2136 mortui
2560 2090 2751 2145 erant,
2786 2099 2891 2136 una
2926 2098 3113 2136 secum
3145 2084 3443 2138 resuscita-

1868 2175 1964 2228 vit.
2018 2171 2117 2227 ilic
2137 2182 2220 2227 est
2263 2172 2519 2226 Christus
2547 2210 2562 2233 ,
2611 2173 2697 2227 hic
2733 2182 2817 2228 est
2852 2173 2941 2227 Dei
2977 2172 3146 2227 Filius
3189 2186 3243 2228 ct
3276 2176 3439 2227 lleus.

1866 2266 1946 2318 Ad
1976 2264 2143 2332 hujus
2170 2263 2520 2333 Evangelium
2554 2264 2957 2332 praedicandum
2988 2264 3190 2319 Paulus
3220 2280 3443 2334 separa-

1868 2367 1957 2411 tus
1983 2366 2083 2411 est.
2121 2355 2233 2409 lloc
2272 2354 2477 2409 indicat
2522 2370 2622 2408 vox
2670 2356 2816 2409 illius
2842 2395 2857 2417 ,
2891 2356 2983 2424 qui
3014 2355 3181 2409 Filius
3212 2354 3306 2409 Dei
3345 2357 3442 2409 dc—

1869 2449 2109 2501 claratus
2134 2458 2240 2500 est.
2272 2447 2425 2500 Adde
2457 2446 2647 2510 etiam,
2678 2448 2723 2500 si
2763 2447 2937 2516 placet
2967 2446 3034 2499 ad
3059 2447 3321 2514 majorem
3361 2446 3440 2500 rei

1868 2539 2290 2593 declarationem
2329 2546 2385 2593 et
2411 2538 2816 2607 intelligentiam
2862 2556 2875 2591 :
2928 2555 3020 2605 per
3047 2553 3208 2607 quem
3240 2536 3442 2592 Paulus

1868 2631 2029 2684 etiam
2064 2633 2274 2701 accepit
2298 2632 2637 2702 apostolatus
2660 2632 2890 2698 gratiam
2918 2632 2985 2693 “,
3016 2642 3076 2684 ut
3105 2640 3293 2700 gentes
3319 2632 3442 2684 bar-

1872 2727 2032 2781 haras
2064 2726 2443 2793 persuadendo
2475 2726 2745 2787 vinceret,
2792 2740 2992 2792 easque
3019 2727 3085 2777 ad
3116 2724 3441 2792 obsequium

1870 2819 1988 2872 lidei
2024 2818 2077 2871 in
2105 2818 2384 2871 Christum
2413 2819 2776 2885 praestandum
2810 2831 3163 2886 praepararet,
3208 2816 3309 2869 hoc
3333 2825 3438 2876 est,

1868 2908 2122 2967 eliiceret.
2153 2921 2210 2963 ut
2242 2910 2292 2961 in
2316 2909 2471 2963 illum
2502 2914 2805 2969 crederent,
2838 2911 3000 2976 eique
3025 2908 3139 2970 uni,
3178 2916 3440 2974 tanquam

1873 3019 1996 3055 vero
2033 3002 2158 3061 Deo,
2192 3012 2246 3054 et
2286 3000 2379 3055 Dei
2409 3000 2545 3055 Filio
2567 3003 2857 3060 servirent.
2882 3018 2912 3055 a
2952 3002 3142 3069 patriis
3169 3002 3439 3060 moribus,

1870 3105 2152 3161 vetereque
2184 3108 2284 3147 sua
2312 3136 2327 3155 ,
2377 3102 2432 3146 et
2475 3107 2704 3147 erronea
2741 3095 3133 3161 superstitione
3175 3092 3437 3145 liberatae.

1935 3183 2203 3237 Czcterum
2229 3184 2372 3253 quod
2415 3185 2481 3239 ad
2517 3186 2649 3239 illud
2687 3186 2859 3240 sancti
2895 3182 3083 3239 Jacobi
3111 3184 3319 3238 dictum
3353 3193 3440 3237 at-

1880 3285 2052 3332 tinet:
2086 3276 2389 3332 «Glorietur
2411 3276 2576 3331 frater
2605 3277 2827 3332 humilis
2859 3278 2913 3331 in
2945 3277 3279 3332 sublimitate
3317 3292 3439 3341 sua,

1877 3372 2029 3427 dives
2058 3381 2235 3425 autem
2277 3370 2331 3425 in
2376 3370 2679 3425 humilitate
2724 3386 2819 3425 sua
2844 3369 2911 3431 “,
2950 3389 2969 3420 ι
3017 3384 3125 3423 non
3178 3369 3293 3423 haec
3335 3369 3439 3423 sibi

1878 3462 2011 3524 vult,
2054 3476 2119 3516 ac
2151 3461 2195 3516 si
2227 3461 2430 3515 diceret
2457 3480 2471 3516 :
2505 3460 2783 3529 Magniﬁce
2823 3466 3080 3529 loquatur
3102 3500 3117 3523 ,
3156 3462 3326 3529 jactet
3358 3475 3440 3521 se,

1876 3554 2159 3623 glorietur.
2190 3552 2337 3608 Nihil
2392 3554 2585 3607 horum
2627 3554 2805 3607 locum
2854 3553 3036 3607 habet.
3086 3552 3276 3607 Solent
3311 3553 3439 3622 qui-

1875 3646 1997 3700 dem
2039 3646 2131 3700 illa
2161 3646 2327 3701 verba
2368 3647 2470 3700 hoc
2510 3661 2669 3700 sensu
2712 3646 2982 3708 adhiberi,
3008 3646 3269 3713 vocisque
3298 3660 3439 3713 pra:-

1878 3737 2045 3791 sentis
2076 3737 2414 3807 signiﬁcatus
2445 3738 2677 3807 primum
2703 3738 2898 3791 obvius
2922 3736 3062 3791 idem
3096 3735 3275 3790 infert.
3322 3735 3442 3789 Hoc

1876 3846 2003 3883 vero
2026 3831 2145 3884 loco
2161 3831 2385 3884 verbum
2416 3827 2707 3896 καυχάσθω
2734 3828 2872 3881 idem
2890 3839 2973 3881 est
2991 3828 3157 3897 quod,
3178 3827 3435 3895 con/idat,

1874 3929 2063 3989 speret.
2108 3917 2278 3974 Nemo
2304 3921 2472 3981 enim,
2500 3920 2696 3987 inquit,
2726 3918 2868 3982 ideo,
2904 3919 3050 3987 quod
3080 3917 3304 3972 humilis
3328 3927 3435 3978 est,

1874 4012 2110 4065 animum
2142 4012 2476 4080 despondeat
2500 4049 2515 4070 ,
2551 4011 2677 4079 quia
2718 4020 3033 4079 paupertate
3063 4020 3146 4064 est
3170 4018 3437 4064 extenua-

1874 4111 1997 4163 lus,
2045 4112 2139 4155 aut
2192 4102 2474 4155 hominum
2527 4102 2744 4171 probris
2792 4102 3091 4171 subjectus.
3137 4099 3270 4155 Nam
3323 4101 3439 4169 ipso

1876 4195 2134 4249 Dominus
2180 4203 2367 4247 noster
2399 4195 2633 4249 humiles
2663 4204 2718 4250 et
2749 4194 2988 4263 abiectos
3009 4232 3024 4256 ,
3072 4204 3126 4247 et
3174 4208 3438 4263 pauperes

1870 4293 1925 4337 et
1955 4283 2230 4337 mendicos
2259 4285 2457 4353 elegit,
2490 4284 2685 4339 divites
2732 4299 2864 4339 vero
2884 4325 2898 4348 ,
2936 4285 3217 4354 gloriaque
3253 4293 3308 4337 et
3339 4300 3435 4351 gc-

1870 4391 1997 4429 ncre
2027 4378 2310 4446 magnillcc
2335 4376 2629 4447 gloriantes
2660 4377 2891 4431 fremere
2909 4377 3098 4446 jussit.
3124 4376 3308 4444 Itaque
3336 4391 3437 4429 ne-

1868 4468 2066 4521 minem
2089 4467 2209 4522 ideo
2236 4468 2477 4521 animum
2509 4469 2849 4536 despondere
2881 4477 3119 4536 oportet,
3152 4467 3301 4537 quod
3333 4468 3436 4521 hu-

189 4543 292 4596 καὶ
342 4539 563 4608 μέτοχον
600 4539 697 4591 τοῦ
724 4539 1079 4594 ἀποστολικοῦ
1136 4544 1297 4611 χοροῦ
1343 4544 1433 4597 διὰ
1480 4545 1579 4615 τῆς
1608 4547 1760 4601 εὐτεο

1870 4558 2153 4621 milisest;
2189 4558 2299 4611 imo
2329 4573 2457 4612 vero
2488 4557 2569 4612 fas
2600 4570 2685 4613 est
2735 4574 2860 4613 eum
2894 4559 3086 4621 lauari,
3126 4558 3271 4629 quod
3313 4574 3435 4627 par-

190 4630 348 4691 λείας
376 4630 471 4681 καὶ
512 4630 897 4699 ταπεινότητος
939 4632 1155 4686 ἐννοῶν.
1198 4632 1336 4684 Ἀλλ’
1375 4633 1505 4698 ι’σως
1559 4635 1626 4689 άν
1671 4653 1756 4701 τις

192 4720 483 4791 ὑποφέρων
519 4721 655 4789 ἐρεῖ,
710 4720 786 4783 ὡς
823 4721 1079 4789 ἁρμόσειε
1133 4721 1194 4774 τὸ
1222 4724 1316 4775 νῦν
1346 4726 1634 4796 εἰρημίνον
1692 4727 1754 4779 ού

189 4812 333 4882 πρὸς
359 4811 484 4874 τοὺς
536 4811 869 4881 ἀρχομένους
897 4812 1018 4864 τότε
1065 4813 1361 4877 πιστεύειν,
1389 4816 1525 4871 ἀλλά
1555 4819 1755 4887 μᾶλλον

191 4903 336 4974 πρὸς
363 4905 487 4967 τοὺς
511 4904 603 4958 νῦν
638 4906 883 4967 πιστούς.
914 4905 1079 4958 Οὔπω
1112 4906 1222 4976 γὰρ
1259 4908 1482 4970 ἐκείνοις
1509 4910 1756 4981 λαμπρὸν

188 4996 339 5048 οὓτω
373 4995 467 5047 καὶ
522 4994 952 5066 άξιοθαύμαστον
1001 4998 1063 5050 τὸ
1107 4998 1218 5051 τῶν
1281 5000 1593 5055 ἀποστόλων
1654 5004 1747 5056 ύπ-

188 5088 367 5158 ῆρχεν
419 5087 657 5157 ἀξίωμα,
693 5088 770 5150 ὡς
816 5090 923 5141 άπὸ
965 5089 1060 5142 τοῦ
1090 5090 1209 5143 κατ’
1246 5091 1445 5153 αὐτοὺς
1495 5094 1752 5161 παραδεί-

188 5195 404 5249 γματος
453 5182 531 5242 εἰς
564 5180 796 5249 μίμησιν
818 5180 1020 5251 ἀρετῆς
1062 5182 1159 5235 καὶ
1201 5183 1360 5253 ζῆλον
1408 5182 1534 5245 τοὺς
1563 5183 1753 5247 ἄλλους

187 5269 606 5339 προκαλεῖσθαι.
674 5271 842 5325 Οὐδὲν
888 5272 947 5324 δὲ
1003 5273 1111 5343 ἄρα
1164 5272 1320 5325 τοῦτο
1375 5273 1589 5328 κωλύει.
1644 5276 1753 5329 Kal.

188 5365 305 5433 γάρ
341 5362 434 5414 καὶ
458 5364 580 5414 τότε
636 5362 813 5415 αὐτῶν
844 5363 905 5415 τὸ
954 5362 1052 5433 τῆς
1090 5363 1291 5433 ἀρετῆς
1340 5364 1567 5431 μέγεθος
1629 5383 1750 5435 σχε-

187 5453 282 5506 δον
332 5454 523 5506 ούδίνα
564 5453 887 5521 ἐλάνθανεν,
926 5455 1128 5523 ὃπουγε
1179 5457 1275 5510 καὶ
1324 5457 1536 5521 θυσίαις
1562 5459 1755 5521 αὐτοὺς

256 5538 307 5569 ⁸⁸
330 5547 487 5603 ﬂom.
523 5565 560 5610 ι.
600 5550 656 5603 5.
724 5549 770 5581 “
800 5550 914 5606 Jac.
949 5564 987 5615 ι,
1026 5551 1080 5606 9.

1863 4652 2077 4720 ticipem
2111 4665 2171 4703 se
2199 4662 2251 4703 ct
2279 4662 2588 4705 consortem
2634 4650 2923 4720 apostolici
2985 4651 3137 4704 chori
3183 4651 3301 4719 ipsa
3344 4651 3434 4705 illa

1860 4742 2066 4809 abjecta
2100 4742 2398 4811 humilique
2442 4752 2588 4797 sorte
2612 4758 2709 4797 sua
2746 4742 2949 4798 factum
2995 4758 3117 4799 esse
3158 4743 3431 4813 intelligit.

1862 4828 2117 4886 Fortasse
2165 4846 2291 4884 vero
2337 4831 2533 4901 aliquis
2584 4844 2772 4886 contra
2828 4832 2942 4885 hzec
2992 4834 3308 4901 exceperit,
3341 4848 3431 4897 ea,

1859 4937 1978 4989 qua:
2015 4922 2284 4986 diximus,
2328 4939 2437 4976 non
2469 4926 2519 4977 iu
2565 4939 2661 4978 eos
2685 4962 2702 4988 ,
2733 4926 2827 4993 qni
2858 4927 3080 4980 credere
3109 4926 3432 4994 inceperint,

1860 5011 1953 5063 sed
1991 5012 2042 5064 in
2084 5012 2204 5064 illos
2256 5015 2471 5079 mitius,
2527 5015 2619 5083 qui
2666 5016 2775 5084 jam
2817 5015 3089 5079 credunt,
3138 5017 3429 5085 quadrare.

1860 5097 2013 5151 'I‘unc
2036 5098 2179 5151 enim
2208 5102 2488 5167 apostolici
2523 5103 2766 5157 muneris
2789 5103 3026 5171 dignitas
3058 5113 3170 5158 tam
3198 5104 3430 5160 illustris

1859 5199 1953 5242 aut
1988 5189 2307 5245 admiranda
2335 5192 2448 5245 visa
2479 5208 2584 5246 non
2613 5204 2698 5248 est
2726 5239 2738 5257 ,
2774 5206 2833 5249 ut
2861 5234 2876 5258 ,
2915 5198 3166 5265 exemplo
3209 5199 3277 5249 ab
3324 5197 3432 5250 illis

1860 5283 2043 5345 ducto,
2072 5282 2167 5335 alii
2210 5283 2275 5336 ad
2317 5283 2676 5340 imitationem
2707 5288 2926 5343 virtutis
2954 5303 3145 5343 eorum
3174 5298 3227 5341 et
3261 5303 3431 5341 emu-

1865 5372 2113 5427 Iaiionem
2166 5376 2391 5430 excitari
2435 5388 2677 5447 possent.
2710 5378 2824 5435 Hoc
2869 5394 3000 5434 vero
3046 5379 3183 5433 nihil
3225 5380 3427 5433 obstat.

1861 5461 1992 5518 Nam
2038 5472 2095 5519 ct
2133 5473 2265 5523 tunc
2308 5468 2525 5524 virtutis
2560 5484 2750 5525 eorum
2802 5470 3122 5539 prmatantia
3154 5472 3427 5526 neminem

1746 5648 1970 5707 NOTAE.

272 5737 384 5798 HS)
411 5736 565 5791 Coib.
593 5755 690 5807 pro
720 5736 877 5795 εἶναι.

274 5807 388 5870 (ili)
424 5808 541 5863 Act.
570 5826 641 5869 lx.
680 5810 745 5865 15
783 5812 902 5865 εὸτι
944 5814 1130 5876 sub;

224 5871 248 5887 ν
274 5814 388 5870 (ili)
424 5814 541 5863 Act.
570 5826 641 5869 lx.
680 5814 745 5865 15
783 5814 902 5865 ιὸτι
944 5814 1130 5876 suis;
1204 5814 1429 5885 ἐκλογῆς
1468 5834 1555 5883 μοι
1609 5818 1753 5869 ἐστὶν

192 5893 372 5945 ουτος.

1934 5751 2042 5812 (Π)
2078 5750 2147 5821 iis
2171 5752 2322 5803 (Inlh.
2349 5768 2444 5821 pro
2476 5755 2790 5817 πιστεύσας.

1928 5826 2035 5886 μθ)
2074 5820 2315 5889 ιιι-ρετιιιι
2354 5820 2555 5890 μηδείς.
