4174 6450
761 401 871 470 755

1909 416 2175 480 ΡΗΟἸἹῘ
2212 417 2716 486 ΡΑΤΒΙΑΒΕΗΕ
2732 428 2843 488 CP.

3889 423 4000 488 756

773 512 994 579 latebat,
1018 515 1456 588 qundoquidem
1482 519 1608 578 illos
1636 522 1905 591 nonnulli,
1933 526 2217 597 gentilium
2245 541 2333 580 sa-

2444 531 2590 598 ἔνιοι,
2641 536 2818 590 καίτοι
2841 536 2911 591 τὰ
2959 533 3229 608 Ἑλλήνων
3252 534 3336 590 ἔτι
3359 534 3688 600 θειάζοντες.
3723 533 4003 606 γεραίρειν

761 605 874 661 eris
915 605 1096 664 adhuc
1128 609 1349 676 addicti,
1399 613 1686 670 sacriﬁciis
1737 617 1997 687 prosequi
2043 625 2100 671 ct
2144 618 2328 674 colere

765 694 1208 754 instituebant“.
1276 699 1394 772 Ipse
1454 717 1674 772 quoque
1725 701 1921 761 Paulus
1971 715 2157 778 aperte
2205 706 2327 762 ait:

771 785 1110 844 «Imitatores
1129 790 1232 844 mei
1254 801 1450 856 estote,
1477 793 1937 865 quemadmodum
1963 805 2018 852 et
2041 812 2144 868 ego
2166 797 2330 852 Chri-

767 875 836 929 sti
862 891 986 931 sum
1008 877 1076 931 ⁸⁸.
1104 895 1126 930 i
1180 875 1502 938 Sublimitas
1544 882 1710 955 igitur
1738 884 2001 949 hominis,
2045 887 2330 942 humiliter

766 965 837 1021 de
860 981 921 1022 se
945 969 1250 1036 sentientis,
1273 979 1358 1028 est
1386 972 1690 1037 humilitas.
1724 991 1833 1046 qua
1863 977 2089 1047 quidem
2122 978 2196 1032 ita
2225 977 2332 1033 sibi

768 1054 1018 1125 placere,
1062 1057 1315 1129 bonoque
1367 1064 1552 1119 animo
1606 1080 1731 1121 esse
1783 1074 1840 1120 et
1889 1067 2054 1121 lzetari
2095 1077 2328 1136 oportet,

770 1161 936 1216 quam
975 1147 1190 1205 letatur
1212 1154 1370 1220 alias,
1405 1155 1499 1224 qui
1537 1157 1756 1212 divitias
1784 1173 1977 1213 omnes
2016 1160 2332 1214 hominum-

768 1253 879 1310 que
901 1240 1131 1311 gloriam
1154 1255 1345 1301 nactus
1381 1247 1484 1314 sit,
1527 1257 1584 1304 et
1605 1249 1660 1304 in
1691 1263 1943 1321 promptu
1986 1250 2198 1306 habeat.
2228 1249 2333 1316 Qui

772 1328 921 1383 enim
950 1329 1027 1386 ita
1066 1333 1200 1387 etin
1252 1335 1338 1391 his
1381 1338 1607 1406 quidem
1662 1341 1827 1395 rebus
1874 1341 2098 1396 humilis
2133 1351 2241 1405 est,
2288 1343 2335 1396 is

775 1416 947 1476 Deum
1001 1422 1185 1488 habet.
1241 1440 1302 1480 se
1355 1427 1682 1484 exaltantem
1733 1440 1788 1486 et
1824 1430 2186 1486 evehentem:
2229 1431 2338 1498 Qui

773 1509 915 1561 enim
943 1525 1000 1564 se
1045 1511 1333 1577 humilia,
1379 1512 1635 1583 inquit“,
1686 1516 2036 1587 excitabitur,
2070 1516 2164 1587 qui
2207 1532 2339 1573 vero

777 1610 970 1656 contra
1003 1616 1062 1656 se
1088 1604 1325 1668 exaltat,
1371 1605 1461 1661 ille
1512 1606 1684 1662 Deum
1719 1609 1822 1663 sibi
1866 1609 2240 1664 adversantem
2285 1619 2343 1666 et

780 1688 1183 1760 bumiliantem,
1214 1705 1269 1749 et
1295 1696 1416 1766 ipso
1456 1697 1558 1753 hoc
1590 1701 1918 1769 arrogantia
1939 1700 2068 1754 ﬂatu
2093 1715 2343 1771 vanaque

772 1777 1032 1846 iactantia
1080 1780 1135 1835 in
1178 1792 1380 1838 terram
1425 1786 1772 1855 dejicientem
1813 1791 2144 1859 experietur.

779 1961 931 2018 vides
946 1963 1308 2021 humilitatem
1330 1969 1385 2022 in
1406 1971 1603 2025 calum
1627 1972 1928 2038 tollentem;
1946 1976 2221 2045 quomodo
2242 1976 2347 2030 ita-

779 2067 888 2120 que
912 2053 1058 2109 bouo
1072 2055 1258 2111 animo
1277 2073 1385 2112 non
1416 2060 1489 2114 sit
1501 2062 1569 2126 ⁸⁷,
1589 2072 1645 2116 et
1659 2064 1925 2134 glorietur
1943 2105 1960 2130 ,
1973 2067 2076 2122 hoc
2090 2066 2348 2131 θεμίστιο-

783 2155 876 2198 ιιιι·
895 2155 954 2202 ει
976 2148 1218 2204 conﬁdat
1257 2149 1312 2204 in
1354 2151 1447 2207 illa
1478 2153 1812 2211 humilitatis
1835 2173 1947 2213 sua:
1972 2158 2349 2214 sublimitate?

853 2236 994 2294 Num
1021 2241 1205 2312 itaque
1232 2242 1432 2300 divites
1454 2245 1548 2299 illa
1576 2248 1859 2304 evectione
1909 2261 1963 2302 et
2021 2249 2350 2306 exaltatione

783 2329 1028 2386 destituti
1052 2333 1224 2388 sunt?
1253 2333 1366 2390 Hoc
1397 2336 1616 2406 quidem
1667 2353 1777 2393 non
1815 2339 2067 2408 dixerim,
2119 2342 2251 2412 quia
2297 2352 2352 2397 ct

788 2421 1054 2480 Dominus
1087 2435 1272 2481 noster
1294 2441 1403 2481 non
1449 2429 1643 2486 divites
1697 2446 1767 2486 ex
1792 2447 1962 2503 regno
1989 2447 2091 2488 suo
2136 2435 2352 2504 propel-

787 2514 869 2579 lit,
902 2515 998 2571 sed
1031 2530 1128 2571 eos
1152 2527 1385 2583 tantum,
1405 2521 1499 2589 qui
1529 2522 1750 2578 divitias
1776 2539 1904 2578 suas
1933 2537 2153 2595 augent,
2177 2528 2352 2582 curis-

782 2621 893 2673 que
946 2609 1064 2663 suis
1095 2609 1194 2663 toti
1227 2611 1386 2667 avide
1417 2613 1526 2669 illis
1559 2614 1796 2678 inhiant.
1835 2618 2040 2687 quique
2081 2620 2352 2673 sollicitu-

783 2697 964 2754 dinem
1002 2713 1159 2754 suam
1189 2715 1406 2757 omnem
1464 2704 1738 2760 thesauris
1795 2707 2077 2777 alligantes
2108 2710 2352 2764 animum

787 2790 842 2842 in
873 2798 1016 2847 terra
1079 2808 1343 2863 auroque,
1401 2805 1663 2866 tanquam
1713 2799 1768 2852 in
1817 2815 2039 2855 carcere
2095 2801 2353 2871 quodam,

786 2883 1062 2940 defossum
1091 2893 1148 2940 et
1171 2888 1413 2942 vinctum
1460 2891 1878 2947 circumferunt.
1930 2895 2136 2950 Horum
2175 2896 2354 2950 homi-

790 2990 920 3029 num
947 2977 1240 3032 amentiam
1277 2979 1559 3051 castigans
1591 2984 1841 3040 Salvator
1873 2987 1949 3040 ait
1977 3005 1991 3042 :
2031 3007 2051 3039 ι
2084 2987 2184 3043 Ubi
2239 2991 2357 3045 the-

788 3082 989 3123 saurus
1013 3077 1198 3124 vester
1222 3079 1328 3136 est,
1360 3071 1430 3126 ibi
1452 3082 1509 3128 et
1528 3089 1623 3130 cor
1643 3085 1728 3130 est
1749 3077 1814 3130 “.
1846 3096 1865 3128 ι
1909 3077 2187 3147 Ejusmodi
2218 3080 2356 3135 divi-

2426 625 2524 677 καὶ
2560 628 2727 697 τιμᾷν
2753 628 3111 698 ἐμελέτησαν.
3143 628 3254 683 Καὶ
3275 628 3438 690 αὐτὸς
3458 627 3516 680 δὲ
3540 626 3757 689 Παῦλος
3783 627 3846 679 εν
3866 626 4002 694 πιρο

2430 714 2593 787 ρησίᾳ
2623 718 2806 788 φησίν
2846 737 2867 771 ι
2894 719 3146 790 Μιμηταῖ
3190 736 3292 790 μου
3347 719 3563 786 γίνεσθε
3617 715 3805 779 καθὼς
3855 714 4003 782 nhil

2429 808 2686 878 Χριστοῦ.
2712 828 2732 860 s
2765 809 2942 881 Ὕψος
2959 810 3053 865 οὖν
3070 810 3166 864 τοῦ
3193 808 3744 880 ταπειωφρονοῦντος
3765 806 3960 877 ἀνδρὸς
3975 809 4005 870 ἦ

2427 900 2919 973 ταπεινοφροσύνη,
2939 904 2998 956 ἐν
3018 897 3238 975 ᾖοῦτως
3261 901 3660 972 θεραπεύεσθαι
3681 901 3784 964 δεῖ,
3807 900 3908 954 καὶ
3923 901 4003 952 εύ-

2431 989 2643 1060 θυμεῖν,
2673 993 2768 1047 καὶ
2790 996 2967 1066 χαρᾶς
2993 994 3338 1065 πληροῦσθαι
3363 995 3463 1063 τὴν
3493 994 3693 1064 ψυχὴν,
3739 993 3819 1057 ὥς
3846 992 3904 1046 ει
3922 1007 4004 1054 τις

2431 1081 2591 1146 ἄλλος
2626 1085 2719 1136 τὸν
2770 1085 3060 1154 σύμπαντα
3105 1085 3338 1140 πλοῦτον
3377 1086 3474 1138 καὶ
3525 1084 3626 1155 τὴν
3656 1084 4005 1155 ἀνθρωπίνην

2430 1175 2588 1240 δόξαν
2626 1177 2712 1248 εἰη
2754 1178 3237 1248 περιϐεϐλημένος,
3286 1179 3382 1233 καὶ
3431 1178 3677 1248 κατέχων
3727 1178 3897 1258 χειρί.
3945 1178 4002 1229 '0

2437 1265 2538 1333 μὶν
2563 1265 2672 1336 γὰρ
2737 1265 2881 1321 οὕτω
2924 1269 3020 1322 καὶ
3068 1269 3130 1321 ιν
3183 1266 3396 1330 τούτοις
3444 1267 3700 1327 ταπεινὸς
3757 1265 4002 1320 τὸνθεόν

2436 1354 2671 1423 ύιῖωὗντα
2699 1355 2833 1427 εχει,
2879 1357 2975 1410 καὶ
3009 1357 3123 1410 ἂνω
3152 1356 3387 1412 τιθέντα.
3417 1375 3438 1408 ι
3490 1357 3550 1410 '0
3577 1357 3687 1428 γὰρ
3737 1355 4010 1410 ταπεινῶν

2435 1447 2645 1510 ἑαυτὸν,
2676 1448 2860 1517 φησὶν,
2891 1447 3256 1518 ὑψωθήσεται,
3293 1466 3314 1500 s
3349 1449 3380 1500 6
3408 1447 3455 1501 δ’
3482 1448 3812 1509 ἁπεναντίας
3837 1447 4009 1514 ML

2441 1556 2602 1609 μενος
2633 1539 2826 1594 τούτου
2849 1541 2942 1593 τὸν
2968 1541 3102 1594 Θεὸν
3145 1541 3601 1610 ἀντιτασσόμενον
3643 1540 3894 1609 εὑρήστι,
3921 1540 4011 1591 καὶ

2438 1629 2796 1684 ταπεινοῦντα
2816 1669 2833 1694 ,
2881 1629 2976 1685 καί
3008 1631 3092 1694 εἰς
3122 1630 3228 1699 γῆν
3249 1630 3375 1700 (89)
3405 1630 3555 1700 αὺτῷ
3598 1631 3880 1698 φυσήματι
3920 1629 4012 1681 καὶ

2445 1719 2660 1789 ματαίῳ
2691 1722 2891 1791 κόμπῳ
2937 1721 3368 1776 καταόάλλοντα.
3396 1719 3552 1784 Elide;
3591 1720 3724 1791 ὕψος
3773 1720 4012 1789 inﬁrm

2179 1791 2341 1847 νίάα
2368 1857 2416 1880 ﬁ
2443 1813 2613 1865 αἴτιον
2637 1811 3037 1878 ταπεινώσεως,
3070 1808 3211 1875 εἶδες
3263 1812 3595 1867 ταπείνωσιν
3651 1812 3732 1874 εἰς
3781 1811 4013 1880 οὐρανόν

780 1870 964 1940 itaque
1003 1871 1392 1929 sublimitatem
1440 1887 1699 1934 extrema:
1735 1857 2054 1937 humilitatis
2091 1897 2338 1946 causam.
2368 1857 2417 1920 Β

2446 1903 2842 1974 ἀναφέρουσαν,
2872 1903 2991 1968 πῶς
3035 1903 3136 1956 οὐκ
3166 1902 3234 1956 ἄν
3258 1919 3344 1966 τις
3371 1901 3608 1972 εὔθυμος
3643 1901 3728 1970 εἴη
3757 1902 3852 1955 καὶ
3879 1919 4013 1954 καυ-

2446 1995 2705 2062 χήσαιτῚ
2727 1992 2925 2058 50)ἆν
2965 1993 3231 2056 εἰκότως,
3284 1991 3555 2053 τουτέστι,
3605 1991 3862 2060 τερφθείη
3927 1991 4014 2043 καὶ

2449 2085 2711 2155 θαρῤήσει
2738 2086 2830 2139 ἐπὶ
2850 2085 2930 2156 τῷ
2955 2085 3081 2156 ὕψει
3124 2084 3294 2139 αὑτοῦ
3321 2087 3421 2155 τῆς
3448 2082 3823 2147 ταπεινώσεως
3849 2101 3868 2148 ;

2525 2260 2591 2314 Τί
2621 2255 2714 2313 οὖν
2741 2261 2792 2314 οἰ
2827 2261 3072 2315 πλούσιοι
3093 2260 3297 2332 ταύτης
3335 2261 3657 2334 ἑστίρηνται
3682 2261 3780 2332 τῆς
3804 2262 4012 2330 ἀναγω-

2448 2351 2558 2421 γῆς
2583 2352 2679 2406 καὶ
2705 2351 2966 2423 ύψῴσεως
2991 2370 3008 2418 ;
3037 2353 3115 2406 Οὐ
3143 2351 3302 2406 τοῦτό
3327 2369 3495 2423 φημι,
3519 2353 3642 2407 επεὶ
3669 2353 3760 2406 καὶ
3779 2354 3809 2406 ό
3837 2354 4016 2416 κοινὸς

2448 2442 2725 2512 Δεσπότης
2750 2442 2811 2495 ού
2843 2444 2970 2505 τοὺς
2999 2442 3290 2506 πλουσίους
3317 2443 3568 2497 ἐκϐάλλει
3593 2444 3693 2512 τῆς
3713 2443 4009 2511 βασιλείας,

2447 2537 2575 2599 τοὺς
2603 2535 2661 2589 δὲ
2690 2535 3129 2606 προστετηκότας
3158 2535 3236 2606 τῷ
3261 2535 3478 2606 πλούτῳ
3509 2536 3601 2590 καὶ
3627 2538 3745 2598 ταῖς
3797 2534 4015 2604 φροντί-

2453 2644 2536 2680 σιν
2577 2627 2714 2691 ὅλως
2776 2626 2913 2698 πρὸς
2963 2625 3126 2680 αὐτὸν
3164 2625 3417 2690 νεύοντας
3439 2627 3533 2680 καὶ
3555 2625 3945 2695 ἰπτοημίνους,
3969 2624 4016 2676 οἵ

2450 2717 2550 2785 τὴν
2608 2717 2879 2786 μέριμναν
2930 2718 3112 2770 πᾶσαν
3169 2720 3283 2780 τοῖς
3338 2716 3630 2787 θησαυροῖς
3658 2717 4013 2786 ἐνδησάμενοι

2454 2806 2671 2876 ἑκουσιν
2729 2807 2806 2870 ὠς
2839 2808 2899 2860 ὲν
2952 2807 3313 2877 δεσμωτηρίῳ
3359 2810 3426 2877 τῇ
3455 2811 3525 2878 γῇ
3559 2809 3656 2860 καὶ
3710 2807 3788 2877 τῷ
3839 2805 4020 2876 χρυσῷ

2453 2900 2946 2969 κατορωρυγμένας
2999 2902 3093 2954 καὶ
3125 2900 3503 2968 πεπεδημένας
3556 2899 3753 2953 αὐτῶν
3791 2899 3895 2962 τὰς
3917 2899 4019 2968 ψυ-

2453 2993 2572 3061 κάς.
2601 2985 2702 3044 Ὧν
2746 2993 2841 3045 καὶ
2891 2992 2990 3062 τὴν
3051 2993 3236 3047 ἄνοιαν
3273 2992 3602 3060 στηλιτεύων
3623 2994 3652 3044 ὁ
3688 2991 3882 3062 MP
3912 2992 4020 3044 ιλε-

2453 3102 2570 3153 γενο
2605 3103 2625 3137 ι
2670 3086 2841 3138 Ὅπου
2885 3088 2914 3139 ὁ
2943 3086 3214 3156 θησαυρὸς
3256 3083 3430 3155 ὑμῶν,
3474 3086 3594 3138 ἐκεῖ
3645 3084 3740 3137 καὶ
3766 3086 3802 3153 ἠ
3831 3083 4021 3154 καρδία

787 3161 936 3216 tibus
965 3161 1183 3217 caeleste
1204 3163 1543 3220 domicilium
1577 3167 1915 3224 inaccessum
1958 3177 2044 3226 est
2077 3189 2091 3225 :
2147 3193 2166 3224 ι
2199 3171 2354 3228 Faci-

2456 3177 2629 3247 ὐμῶν.
2669 3197 2689 3230 s
2719 3178 2944 3242 Τούτοις
2989 3181 3104 3240 τοῖς
3153 3177 3430 3241 πλουσίοις
3460 3177 3658 3241 ἄϐατος
3684 3178 3718 3246 ἡ
3779 3176 4021 3247 of:pr

789 3249 1005 3321 liusque
1028 3261 1134 3315 est,
1169 3263 1230 3308 ut
1257 3255 1505 3311 camelos
1533 3271 1632 3327 per
1657 3257 1901 3315 foramen
1931 3275 2067 3317 acus
2115 3272 2357 3318 transeat

2456 3268 2718 3334 πολιτεία,
2748 3268 2845 3322 καὶ
2875 3288 2894 3320 ι
2931 3269 3316 3339 Εὖκοπώτερόν
3346 3270 3464 3322 ἐστι
3492 3267 3738 3338 κάμηλον
3784 3266 3876 3320 διὰ
3899 3281 4022 3335 τρυ-

788 3356 956 3410 quam
1005 3351 1065 3398 ut
1105 3343 1181 3398 illi
1233 3360 1459 3416 regnum
1506 3348 1769 3404 caelorum
1817 3351 2194 3421 ingrediantur
2230 3353 2294 3408 ⁸⁸.
2331 3373 2350 3407 ι

791 3433 1077 3498 Quomodo
1100 3435 1287 3505 itaque
1313 3439 1512 3494 divites
1549 3441 1945 3510 ingredientur,
1981 3454 2036 3500 et
2082 3447 2358 3515 quomodo

791 3523 1035 3581 ualeatis
1060 3527 1254 3582 civitas
1274 3529 1358 3583 eis
1386 3529 1674 3601 obtinget?
1700 3531 1756 3586 Si
1814 3533 2186 3590 Abrahamum
2241 3537 2360 3590 imi.

796 3622 1000 3678 tentur,
1043 3615 1093 3670 si
1119 3615 1340 3682 Jobum,
1380 3619 1431 3674 si
1457 3620 1584 3674 boni
1617 3623 1753 3678 liant
1789 3623 2104 3681 divitiarum
2137 3642 2362 3684 oecono-

794 3704 891 3768 Ini,
918 3719 1028 3760 non
1053 3717 1236 3763 autem
1287 3710 1441 3778 parvi
1491 3712 1718 3782 quidam
1775 3717 2014 3786 tyranni,
2057 3733 2360 3789 pauperum

794 3795 1050 3851 solatium
1073 3811 1200 3852 cum
1235 3814 1343 3854 non
1382 3801 1584 3858 minori
1616 3820 1751 3870 suae,
1787 3807 2001 3877 sibique
2042 3819 2238 3865 natura
2283 3811 2364 3866 si-

796 3884 1034 3952 milium,
1057 3887 1257 3944 salutis
1278 3889 1564 3960 dispendio
1590 3894 1835 3950 clavibus
1856 3907 1912 3952 et
1935 3900 2205 3970 repagulis
2227 3901 2366 3956 mul-

797 3978 870 4032 tis
896 3989 1234 4037 coercentea.
1271 3982 1560 4049 Quomodo
1603 4002 1734 4043 vero
1784 3990 1936 4046 dives
1982 4007 2048 4048 eo
2095 3993 2367 4050 ducetur?

795 4074 852 4120 et
871 4067 1001 4138 quid
1027 4068 1246 4132 eﬂiciet.
1286 4081 1347 4125 ut
1383 4081 1492 4127 tam
1524 4075 1780 4142 μεθίει-ο
1833 4079 1995 4149 agat?
2036 4079 2240 4144 Animi,
2282 4081 2368 4135 in-

796 4158 944 4227 quit.
972 4159 1253 4216 demissio.
1283 4161 1340 4217 Si
1391 4165 1538 4218 enim
1570 4168 1811 4235 seipsum
1854 4177 2132 4234 extenuet,
2163 4186 2261 4226 nec
2288 4171 2368 4224 in-

799 4249 923 4307 llari
949 4264 1010 4307 se
1038 4253 1301 4322 patiatur,
1334 4270 1512 4326 neque
1535 4271 1673 4313 auro
1696 4267 1753 4313 et
1783 4257 1989 4316 divitiis
2043 4260 2284 4330 glorians
2316 4272 2371 4318 et

798 4342 1070 4398 distentus
1096 4343 1151 4397 in
1186 4347 1481 4401 amentiam
1521 4363 1765 4419 praeceps
1789 4360 1934 4413 ruat,
1988 4352 2136 4405 novit
2183 4353 2370 4421 utique

803 4431 939 4488 nihil
978 4433 1172 4488 horum
1193 4451 1354 4491 suum
1385 4453 1531 4502 esse,
1557 4440 1766 4495 nudum
1809 4455 1870 4496 se
1896 4454 1964 4496 ex
2013 4451 2202 4498 ventre
2277 4458 2367 4498 ma

2459 3359 2654 3428 μαλιᾶς
2681 3360 2902 3429 ῥαφίδος
2929 3359 3178 3420 διελθεῖν,
3199 3360 3234 3430 ἢ
3260 3363 3481 3422 τούτους
3507 3360 3588 3422 εἰς
3613 3359 3712 3427 τὴν
3737 3357 3852 3410 τῶν
3870 3356 4023 3424 ούραο

2458 3449 2564 3501 νῶν
2594 3449 2919 3519 βασιλείαν..
2953 3449 3076 3512 Πῶς
3123 3445 3216 3503 οὖν
3244 3449 3644 3503 εἰσελεύσονται
3670 3451 3719 3500 οἱ
3763 3446 4022 3508 πλούσιοι,

2460 3541 2557 3593 καὶ
2583 3541 2784 3610 κλῆρος
2835 3540 3024 3603 αὐτοῖς
3051 3539 3206 3592 ἕσται
3238 3539 3310 3592 τὰ
3357 3540 3586 3609 οὐράνια
3614 3537 4023 3606 πολιτεύματας

2466 3631 2563 3684 Ἆν
2594 3632 2868 3700 μιμῶνται
2891 3631 2984 3683 τδν
3031 3629 3297 3700 Ἀϐραὰμ,
3332 3630 3400 3684 ἂν
3421 3630 3518 3683 τὸν
3561 3628 3703 3693 Ἰὼϐ,
3731 3627 3802 3682 ἂν
3831 3627 4002 3680 οἰκονό

2465 3739 2553 3792 μοι
2583 3721 2737 3775 καλοὶ⁵
2770 3719 2866 3775 τοῦ
2909 3720 3168 3785 πλούτου,
3221 3719 3358 3774 ἀλλὰ
3393 3720 3469 3790 μὴ
3519 3719 3709 3790 μικροὶ
3735 3718 4022 3773 καθίσταν-

2462 3830 2553 3866 ται
2595 3812 2867 3883 τύραννοι,
2887 3811 3039 3865 οὐδὲν
3069 3810 3288 3865 ἔλαττόν
3306 3827 3366 3864 τε
3393 3809 3667 3880 όμοφυοῦς
3693 3809 3727 3879 ἢ
3778 3809 3882 3878 τῆς
3915 3809 4028 3860 ἑαυ-

2463 3903 2572 3956 τῶν
2603 3902 2876 3972 σωτηρίας
2899 3901 3115 3964 πολλοῖς
3141 3901 3414 3971 κλείθροις
3444 3901 3541 3954 καὶ
3566 3901 3784 3970 μοχλοῖς
3806 3898 3907 3967 τὴν
3929 3895 4028 3949 τῶν

2466 3992 2713 4061 πενήτων
2785 3991 3136 4061 παραμυθίαν
3187 3991 3650 4053 ιναποκλείοντες.
3687 3989 3859 4042 Πόθεν
3907 3989 3962 4041 δὲ
4004 3989 4030 4038 ό

2468 4081 2721 4143 πλούσιος
2753 4081 2832 4145 εἰς
2870 4079 3074 4149 ταύτην
3111 4081 3210 4150 τὴν
3249 4081 3450 4150 πρᾶξιν
3479 4080 3767 4149 ἀφίξεταις
3821 4081 3916 4132 καὶ
3953 4080 4028 4140 τίς

2469 4172 2617 4226 αἰτία
2662 4173 2756 4225 καὶ
2797 4171 2899 4226 τοῦ
2929 4172 3353 4242 κατορθώματος
3383 4189 3401 4238 ;
3437 4173 3503 4225 Ἦ
3525 4172 3621 4238 (Si
3645 4174 3665 4240 )
3688 4171 4028 4231 ταπείνωσις,

2470 4263 2654 4333 φησίν.
2695 4263 2821 4316 Ἐὰν
2859 4265 2970 4334 γὰρ
3010 4263 3326 4335 ταπεινώσῃ
3367 4264 3559 4318 ἑαυτὸν
3587 4306 3613 4327 ,,
3640 4263 3736 4316 καὶ
3787 4265 3852 4316 ού
3901 4262 4027 4331 πρὸς

2472 4353 2738 4421 φυσίωσιν
2787 4353 3022 4425 ιπαρθῇ,
3075 4353 3186 4406 οὐδ’
3235 4355 3315 4417 εἰς
3363 4355 3624 4408 ἀπόνοιαν
3671 4354 3913 4422 εμπέσῃ.
3963 4351 4033 4418 τῷ

2475 4440 2658 4511 Χρυσῷ
2688 4441 2784 4494 καὶ
2827 4440 3040 4511 πλούτῳ
3090 4440 3464 4510 γαυρούμενος
3489 4459 3551 4494 τε
3598 4441 3692 4494 καὶ
3718 4440 4030 4507 διογκούμε-

805 4524 905 4580 tris
931 4539 1047 4582 sua
1073 4526 1296 4588 exiisse.
1327 4528 1509 4583 omnia
1537 4529 1632 4585 Dei
1656 4546 1802 4597 esse,
1840 4531 2028 4602 illique
2051 4531 2210 4588 iacile
2234 4549 2356 4590 esse

2444 4536 2594 4595 Hoc,
2633 4526 2795 4596 οἶδεν,
2824 4531 2906 4586 ὅτι
2959 4531 3165 4584 τούτων
3183 4532 3336 4585 οὐδέν
3383 4535 3533 4585 ἐστιν
3563 4531 3696 4584 τδιον
3743 4531 4034 4593 αὑτοῦ,ὂτι

803 4623 865 4668 ut
881 4614 1066 4670 omnia
1105 4613 1196 4670 illa
1238 4615 1343 4672 sibi
1387 4617 1603 4688 eripiat,
1655 4631 1712 4676 et
1760 4621 1814 4676 in
1865 4623 2002 4679 alios
2047 4623 2361 4692 transferat,

803 4705 1031 4776 darique
1077 4705 1210 4773 haec,
1279 4724 1387 4763 non
1428 4718 1487 4764 ut
1535 4711 1766 4780 proximi
1811 4714 1973 4770 rebus
2039 4717 2364 4774 necessariis

805 4799 1105 4868 priventur,
1132 4801 1225 4856 sed
1263 4809 1324 4856 ut
1364 4818 1551 4857 eorum
1582 4821 1705 4875 qua:
1733 4805 1846 4874 ipse
1871 4808 2099 4876 accepit,
2134 4809 2365 4864 reddan-

805 4898 894 4942 tur
920 4890 1231 4958 participes.
1266 4889 1445 4945 Taceo
1471 4895 1576 4948 alia
1602 4895 1903 4964 complura.
1939 4896 2142 4951 Horum
2167 4912 2365 4967 gnarus

808 4977 920 5040 ille,
951 4976 1067 5032 hmc
1097 4979 1277 5033 animo
1306 4979 1610 5049 revolvens,
1630 4982 1805 5038 datori
1836 4985 2038 5053 gratias
2065 4987 2194 5056 agit.
2255 4986 2367 5042 No-

806 5069 886 5123 vit
911 5082 971 5123 se
988 5083 1109 5124 esse
1136 5069 1458 5136 debitorem,
1489 5073 1773 5142 praceptis
1796 5073 1939 5144 eius,
1957 5075 2050 5145 qui
2076 5092 2136 5132 se
2157 5085 2213 5131 et
2243 5093 2369 5134 con-

808 5160 945 5215 didit
981 5169 1037 5216 et
1069 5161 1280 5227 ditavit,
1339 5164 1567 5221 audiens
1620 5173 1722 5232 est,
1773 5167 2079 5238 opibusque
2117 5170 2252 5238 suis,
2309 5182 2370 5228 ut

811 5249 1008 5307 alienis
1071 5255 1266 5318 utitur,
1299 5268 1507 5323 easque
1548 5255 1913 5322 administrat,
1941 5258 2025 5313 vel
2073 5260 2144 5315 ita
2188 5263 2370 5332 potius

811 5343 1177 5411 administrat,
1210 5354 1270 5400 ut
1327 5346 1566 5403 maxime
1606 5363 1720 5404 sua
1771 5349 1899 5415 sint,
1967 5365 2064 5406 sua
2104 5353 2192 5407 illa
2247 5369 2369 5411 esse

816 5434 1160 5502 existimans,
1204 5443 1260 5492 et
1320 5435 1553 5504 faciens,
1604 5453 1725 5509 quae
1792 5437 1848 5494 in
1880 5439 2124 5510 ejusdem
2173 5451 2226 5498 et
2275 5459 2372 5498 na-

2468 4623 2647 4677 πάντα
2668 4621 2783 4675 ἐστὶ
2796 4621 3063 4687 τοῦ-Θεοῦ,
3089 4622 3171 4674 ὅτι
3194 4622 3322 4692 ῥᾷόν
3340 4622 3486 4676 ἑστιν
3506 4621 3802 4690 ἀφελέσθαι
3831 4621 3929 4691 μὶν
3951 4620 4036 4672 αύ-

2478 4715 2572 4768 τοῦ
2603 4713 2797 4776 ταῦτα,
2855 4713 2934 4776 εἰς
2961 4713 3180 4781 ἑτέρους
3203 4711 3260 4764 δὲ
3283 4714 3653 4782 μετενεγκεῖν,
3672 4713 3758 4765 ὅτι
3785 4718 3959 4765 ταῦτα
3977 4709 4037 4762 δὶ-

2470 4802 2684 4873 δονταιί,
2706 4804 2804 4872 οὐχ
2826 4803 2912 4855 ἵνα
2935 4801 3233 4873 στέρωνται
3254 4803 3364 4854 τῶν
3387 4801 3705 4870 ἀναγκαίων
3725 4802 3778 4854 οἰ
3796 4799 4034 4870 πλησίον,

2475 4893 2588 4947 ἀλλ’
2619 4894 2704 4944 ἵνα
2730 4891 2904 4962 ἔχοιεν
2937 4891 3003 4944 ὲκ
3022 4890 3119 4943 τοῦ
3140 4890 3395 4954 λαόόντος
3424 4889 3885 4961 μεταλαμϐάνειν.
3911 4889 4025 4941 ὀτι

2473 4985 2643 5056 μυρία
2665 4984 2819 5037 ἄλλα.
2840 4983 2951 5036 Καὶ
2967 4981 3138 5036 ταῦτα
3166 4981 3344 5046 εἰδὼς,
3370 4983 3465 5036 καὶ
3481 4983 3596 5044 τοῖς
3623 4982 3806 5051 λόγοις
3833 4978 4035 5036 ἀνελίσ-

2475 5094 2582 5131 σων
2621 5075 2935 5144 εὐχαριστεῖ
2967 5072 3046 5143 τῷ
3092 5072 3301 5143 δοτῆρι.
3341 5069 3497 5127 υῐδεν
3527 5072 3720 5127 ἑαυτὸν
3745 5070 4036 5142 χρεώστην,

2473 5165 2721 5220 πείθεται
2747 5165 2860 5229 τοῖς
2879 5163 2973 5218 τοῦ
2998 5163 3302 5227 πλάσαντος
3315 5165 3503 5228 αὑτὸν,
3526 5165 3622 5218 καὶ
3647 5162 4036 5222 πλουτίσαντος.

2474 5261 2681 5330 νόμοις,
2731 5255 2809 5321 ὡς
2861 5255 3160 5325 ἀλλοτρίων
3192 5256 3302 5309 τῶν
3364 5255 3513 5310 ἰδίων
3564 5255 3887 5327 προῖσταται
3916 5251 4038 5318 ,καὶ

2471 5351 2646 5408 ταῦτα
2675 5350 2968 5417 οἰκονομεῖ,
3000 5348 3201 5418 μᾶλλον
3235 5347 3293 5401 δὲ
3437 5347 3672 5419 μάλιστα
3699 5346 3852 5400 ἰδίων
3882 5359 3898 5374 ⁸
3945 5341 4036 5395 ίδια

2475 5446 2570 5500 καὶ
2592 5441 2958 5512 λογιζόμενος,
2998 5441 3092 5493 καὶ
3121 5439 3464 5510 ποιούμενος,
3489 5441 3593 5494 ὅσα
3613 5439 3753 5510 (52)
3773 5438 3901 5500 τοὺς
3925 5436 4036 5504 δμο-

868 5553 916 5585 “
957 5552 1076 5610 Act.
1108 5565 1220 5619 xiv,
1264 5555 1348 5609 i3.
1409 5555 1455 5587 ⁸³
1489 5553 1509 5609 l
1559 5555 1688 5610 Cor.
1719 5569 1797 5624 xl,
1830 5556 1884 5610 ἰ.
1937 5559 1980 5589 ⁸³
2019 5556 2149 5614 Luc.
2188 5573 2341 5628 xvm,

2452 5603 2464 5616 .
2525 5558 2708 5613 "Jac.
2743 5570 2817 5622 tv,
2852 5552 2908 5608 6.
2984 5553 3031 5584 “
3054 5551 3246 5607 Matth.
3289 5567 3363 5621 νι,
3386 5553 3478 5608 21.
3528 5552 3573 5585 σν
3591 5549 3781 5607 Ilatth.
3816 5563 3928 5612 ιιι,
3958 5541 4034 5598 24.

2322 5678 2550 5736 NOT/E.

899 5767 1010 5841 (ἰὲ)
1035 5767 1114 5841 εἰς
1153 5765 1258 5835 γῆν
1291 5765 1446 5841 Co"!-
1477 5783 1578 5841 ρςο
1613 5769 1801 5841 ὀργήν.

901 5837 1016 5907 (50)
1047 5836 1124 5894 Id.
1151 5851 1248 5908 pro
1266 5837 1489 5908 καυχῆτ⁸
1514 5838 1539 5890 ?

2568 5769 2678 5834 (51)
2707 5766 2913 5891 ἓιοςο,
2939 5777 3037 5832 pro
3070 5764 3124 5830 ἡ.

2570 5838 2680 5891 (52)
2753 5835 2860 5891 olb.
2887 5847 2985 5891 pro
3004 5831 3124 5891 ἐσφι

2707 5831 2860 5891 Colb.
2886 5831 2985 5903 pro
3004 5831 3128 5899 ἐσφ.
