4174 6450
219 429 349 493 ’757

1157 439 1255 498 AD
1290 435 1881 501 AMPHILOCHIUI
1909 437 2265 511 QUESTIO
2289 436 2601 505 CXXXVI.

3377 437 3484 501 758

234 549 476 612 πίστους
501 550 601 605 καὶ
625 550 885 620 ὑμοφυιῖς
909 549 1063 620 ἰσχὺν
1090 549 1277 619 εἴληφε
1304 549 1645 621 θεραπεύειν,
1671 549 1814 605 οὕτω

1917 561 2052 607 rurae
2070 561 2126 607 et
2151 552 2271 608 fidei
2325 552 2958 635 consortesrconlerendi
3020 553 3233 623 copiam
3285 554 3478 609 nanci-

236 641 439 712 πράως
466 646 579 704 τοίς
608 642 880 708 δεομένοις
918 641 1194 713 ἐπαρκῶν,
1222 641 1367 694 οὕτω
1394 642 1809 712 φιλανθρώπως,

235 729 425 796 οὕτως
453 732 843 802 οἰκονομικῶς,
874 730 950 794 ώς
974 733 1083 785 τῶν
1115 731 1311 785 κοινῶν
1343 731 1516 799 φύλαξ
1550 734 1645 785 καὶ⁵
1671 734 1813 786 οἰκο-

236 821 411 892 νόμος
432 823 651 892 ταχθεὶς
679 824 743 874 ὲκ
770 818 923 875 Θεοῦ.
974 819 1158 891 Ὁρᾷς,
1192 819 1337 880 ὅπως
1380 820 1475 871 καὶ
1526 818 1617 870 τὸν
1648 818 1814 871 πλού-

238 928 365 966 σιον
387 915 422 984 ἡ
448 912 775 974 ταπείνωσις
809 911 1059 985 λαμπρόν
1120 913 1213 963 καὶ
1240 909 1443 979 ὑψηλὸν
1469 910 1566 963 καὶ
1588 911 1688 979 τῆς
1721 909 1817 978 βα·-

240 1005 452 1067 σιλείας
482 1004 630 1068 ἄξιον
669 1002 959 1070 ἀποφαίνει
984 1021 1000 1069 ;
1028 1002 1127 1055 Διά
1176 1001 1333 1054 τοῦτό
1380 1017 1559 1069 φησιν,
1599 1019 1617 1051 ι
1662 999 1720 1053 '0
1758 1000 1817 1053 δὲ

241 1093 504 1155 πλούσιος
560 1095 851 1163 καυχάσθω
878 1096 935 1145 ἑν
959 1096 1025 1163 τῇ
1071 1089 1394 1145 ταπεινώσει
1443 1089 1631 1161 αὑτοῦ.
1666 1109 1685 1142 a
1730 1091 1817 1142 Ἐν

244 1184 443 1257 ταύτῃ,
461 1186 645 1255 φησὶν,
672 1184 940 1248 ἐλπιζέτω
962 1186 1028 1254 τῇ
1054 1180 1398 1237 ταπεινώσει·
1422 1182 1481 1235 ὲν
1499 1180 1672 1251 ταύτῃ
1689 1180 1819 1251 θαρ-

244 1278 435 1345 ρείτω,
485 1278 572 1331 διὰ
624 1277 827 1344 ταύτης
858 1276 1225 1345 ὑψωθήσεται.
1286 1275 1347 1327 Εἰ
1375 1273 1485 1342 γὰρ
1525 1272 1601 1342 μὴ
1632 1272 1817 1334 τοῦτο,

242 1370 435 1437 φησὶν,
480 1369 588 1421 ἀπὸ
618 1368 713 1421 τοῦ
746 1368 989 1421 Πλάστου
1019 1368 1353 1438 κερδήσειεν,
1382 1366 1435 1418 τί
1484 1366 1612 1420 ἄλλο
1668 1364 1819 1433 αὑτῷ

243 1458 310 1522 ἐξ
344 1458 508 1512 αὑτοῦ
542 1458 716 1524 ἕσται,
772 1460 881 1512 ἀπὸ
906 1461 1031 1526 γῆς.
1056 1459 1161 1512 ἀπὸ
1185 1458 1380 1525 πηλοῦ,
1410 1457 1517 1511 ἀπὸ
1544 1455 1817 1525 ψηφιδίων

242 1545 392 1598 οὕτω
422 1545 673 1617 μικρῶν;
708 1547 909 1615 μᾶλλον
939 1547 1017 1607 δὲ.
1043 1548 1118 1605 ώς
1162 1548 1305 1617 ἱερὸς
1343 1546 1597 1607 Ἰάκωϐος
1625 1546 1815 1613 φάναι,

245 1625 554 1702 μηδενςάτοδ
594 1635 787 1698 ἄνθους
816 1635 1009 1705 χόρτου
1045 1637 1415 1705 διαφέροντος,
1449 1636 1476 1688 ὃ
1505 1636 1644 1706 πρὸς
1665 1635 1818 1706 ὥραν

253 1726 361 1794 μὲν
387 1727 560 1787 ἀνθεῖ,
590 1728 684 1780 καὶ
727 1729 922 1795 τέρπει
955 1728 1214 1791 πολλάκις
1242 1728 1516 1796 αἴσθησιν,
1548 1726 1821 1781 ἐπικαίον-

244 1832 341 1877 τος
370 1816 427 1868 δὲ
451 1816 545 1870 τοῦ
572 1818 728 1886 ἡλίου
761 1816 1071 1887 ξηραίνεται
1098 1834 1155 1871 τε
1188 1818 1284 1871 καὶ
1322 1817 1658 1885 ἀφανίζεται,
1686 1818 1821 1889 μηδὲ

1914 640 2086 696 scitur
2116 658 2131 695 :
2163 649 2273 695 tam
2304 653 2590 699 mansuete
2618 644 2804 713 egenis
2835 644 3176 711 impertiens,
3211 652 3323 697 tam
3372 644 3481 696 lin-

1914 733 2166 796 maniter,
2192 738 2302 785 tam
2326 731 2627 803 frugaliter,
2651 749 2816 803 quam
2868 732 3249 787 communium
3307 733 3484 787 bono-

1914 836 2035 874 rum
2064 823 2345 877 custodem
2371 831 2426 876 et
2450 824 2881 893 dispensatorem
2947 839 3005 877 se
3066 824 3137 876 ab
3196 823 3316 890 ipso
3366 822 3482 877 Deo

1917 912 2068 965 novit
2093 927 2215 968 esse
2236 915 2610 969 constitutum.
2644 914 2902 977 Videsne,
2932 916 3210 983 quomodo
3260 915 3482 969 humili-

1916 1012 2001 1059 tas
2048 1006 2213 1059 etiam
2242 1006 2461 1061 divitem
2487 1007 2755 1063 illustrem
2788 1019 2842 1062 et
2896 1009 3185 1062 sublimem
3214 1016 3269 1062 et
3313 1023 3484 1078 regno

1916 1094 2124 1149 caelesti
2151 1096 2371 1162 dignum
2403 1097 2578 1153 facere
2604 1098 2824 1167 possit?
2853 1098 3144 1167 Propterea
3178 1098 3293 1151 ait:
3340 1117 3360 1149 ι
3392 1098 3487 1150 Di-

1919 1200 2013 1239 ves
2050 1200 2180 1239 vero
2208 1186 2467 1255 glorietur
2494 1188 2548 1241 in
2575 1188 2879 1242 humilitate
2927 1203 3026 1243 sua
3050 1188 3120 1242 ⁷⁹.
3162 1205 3181 1237 ι
3240 1187 3301 1241 In
3358 1188 3484 1252 hac,

1920 1279 2114 1347 inquit,
2147 1279 2449 1333 humilitate
2480 1282 2620 1334 bene
2654 1288 2872 1348 speret;
2926 1279 3030 1333 hac
3071 1279 3344 1340 conﬁdat;
3390 1291 3491 1346 per

1922 1368 2062 1421 hanc
2092 1368 2435 1421 exaltabitur.
2470 1366 2583 1422 Nisi
2608 1370 2753 1422 enim
2784 1369 2907 1432 hoc,
2966 1369 3162 1437 inquit,
3191 1383 3220 1421 a
3285 1369 3487 1421 Condi-

1921 1470 2039 1513 tore
2066 1460 2327 1522 lucretur,
2349 1458 2476 1527 quid
2504 1459 2647 1512 aliud
2672 1460 2742 1512 ab
2769 1459 2861 1512 illo
2890 1459 3182 1527 acceperit,
3223 1474 3290 1512 ex
3315 1468 3481 1520 terra,

1919 1565 1985 1604 ea
2008 1551 2145 1612 luto,
2188 1565 2253 1603 ex
2285 1550 2481 1618 lapillis
2508 1550 2645 1603 adeo
2673 1550 2881 1618 parvis,
2938 1550 3050 1603 imo
3084 1550 3285 1619 petitis,
3338 1548 3485 1618 quod

1920 1651 2143 1696 sanctus
2184 1640 2417 1696 Iacobus
2463 1643 2539 1696 ait
2562 1644 2627 1705 ",
2661 1644 2730 1696 ab
2758 1642 2866 1697 illis
2896 1642 3086 1705 rebus,
3112 1657 3235 1712 qua:
3282 1657 3314 1696 a
3352 1644 3487 1697 ﬂore

1918 1732 2182 1802 graminis
2223 1732 2358 1785 nihil
2409 1731 2682 1795 dilferunt,
2724 1731 2868 1801 quod
2931 1732 2986 1786 in
3033 1733 3224 1787 horam
3262 1731 3483 1800 quidem

1919 1823 2094 1889 ﬂoret,
2140 1838 2439 1893 sensusque
2470 1824 2861 1892 aliquantisper
2890 1824 3141 1888 delectat,
3199 1822 3315 1877 sole
3354 1837 3485 1875 vero

244 1906 503 1975 λείψανον
532 1908 633 1976 τῆς
669 1910 939 1978 προτέρας
990 1909 1325 1978 εὐπρεπείας
1374 1910 1818 1979 ὑπολειπόμενον.

1925 1924 2135 1979 urente,
2176 1914 2466 1968 marcescit
2493 1924 2547 1968 et
2572 1914 2899 1977 deﬂorescit,
2946 1914 3085 1967 nihil
3123 1913 3342 1982 pristini
3377 1913 3485 1967 den

246 1998 467 2069 Ὠσπερ
511 1999 605 2053 οῦν
649 2001 711 2053 τὸ
754 2001 914 2062 ἄνθος
962 2001 1056 2053 τοῦ
1095 2002 1309 2071 χόρτου,
1360 2003 1418 2054 έν
1442 1996 1487 2069 ᾦ
1512 2001 1573 2054 τὸ
1619 2002 1820 2072 ώραίον

245 2084 566 2158 πρὸσάλλει,
612 2091 891 2159 φθείρεται
939 2091 1034 2144 καὶ
1086 2091 1403 2156 ἀπόλλυται,
1466 2090 1620 2145 ὀὕτω
1672 2093 1821 2145 καὶὸ

246 2182 507 2246 πλούσιος
544 2186 602 2237 ὲν
643 2184 792 2253 αὐτῷ
843 2185 942 2254 τῆς
1001 2183 1613 2255 πολυτελείας(53)τῷ
1667 2183 1820 2238 ἄνθει

248 2275 578 2344 μαραίνεται
608 2275 702 2327 καὶ
724 2275 1011 2331 διόλλυται.
1060 2276 1277 2330 Μᾶλλον
1308 2275 1366 2328 δὲ
1405 2276 1502 2328 καὶ⁵
1522 2273 1617 2328 τοῦ
1664 2275 1723 2328 ἐν
1741 2275 1820 2346 τῷ

245 2365 429 2435 χόρτῳ
462 2367 713 2437 εὑρήσεις
742 2368 905 2421 αὑτὸν
951 2368 1336 2438 ἀσθενέστερόν
1362 2385 1421 2421 τε
1462 2368 1560 2421 καὶ
1601 2366 1822 2437 ἁδρανέ-

247 2470 465 2522 στερον.
500 2456 571 2509 Τὸ
600 2457 700 2524 μὲν
727 2458 835 2526 γὰρ
864 2457 978 2527 ἰδίῳ
1005 2458 1181 2527 καιρῷ
1211 2457 1380 2522 ἀνθεῖ,
1423 2458 1518 2511 καὶ
1551 2457 1667 2527 ἰδίῳ
1712 2476 1819 2527 μα-

249 2546 513 2615 ραίνεται·
571 2550 600 2601 ὀ
627 2548 683 2601 δὲ
735 2548 988 2612 πλούσιος
1011 2550 1070 2603 ἐν
1100 2551 1235 2621 αύτῇ
1268 2550 1501 2619 μάλιστα
1526 2552 1593 2619 τῇ
1641 2551 1818 2622 ἀκμῇ.

246 2642 339 2692 ὅτε
369 2643 702 2712 πανταχόθεν
748 2644 897 2713 αὐτῷ
926 2644 1210 2714 βλαστάνει
1247 2646 1340 2698 καὶ
1368 2644 1521 2697 ἀνθεῖ
1547 2644 1617 2697 τὰ
1665 2644 1821 2715 ἡδέα,

249 2732 349 2783 καὶ
384 2730 644 2785 δοκοῦντα
680 2727 817 2786 εἶναι
880 2733 1107 2804 λαμπρὰ
1149 2735 1244 2787 καὶ
1302 2734 1516 2802 ζηλωτὰ
1540 2772 1555 2796 ,
1592 2733 1688 2786 καὶ
1745 2733 1823 2803 τῷ

248 2824 402 2891 δγκῳ
456 2824 553 2876 καὶ
600 2824 679 2893 τῷ
730 2825 1011 2892 φυσήματι
1051 2824 1393 2893 φλεγμαίνων
1450 2826 1563 2886 τοῖς
1607 2825 1823 2887 πολλοῖς

248 2914 369 2966 ἑστι
396 2913 642 2984 φοϐερὸς,
669 2914 787 2966 τότε
820 2914 906 2983 δὴ.
930 2916 1051 2966 τότε
1067 2914 1260 2984 ἁθρόον
1289 2915 1599 2985 πολλάκιςῆ
1651 2916 1820 2970 θανά·-

249 3022 346 3057 του
379 3006 526 3076 νόμῳ
555 3006 665 3077 (54)
690 3006 1036 3076 συλληφθεὶς.
1067 3007 1127 3070 ἐξ
1151 3005 1450 3077 ἀνθρώπων
1477 3007 1821 3075 ἀφανίζεται,

250 3096 286 3162 ἦ
317 3097 571 3165 ναυάγιον
615 3097 777 3168 cabth
831 3101 975 3151 ποιεῖ
1024 3098 1375 3168 ὑποϐρυχιον.
1410 3100 1517 3150 Καὶ
1548 3098 1608 3150 τὸ
1636 3099 1821 3151 καινὸν

251 3188 349 3239 καὶ
407 3188 726 3259 παράδοξον,
753 3190 861 3243 οὐδ’
888 3191 1052 3243 αὑτὸν
1084 3190 1195 3243 ἔσθ’
1249 3190 1337 3242 ὅτε
1401 3189 1619 3258 βυθίζον
1651 3190 1818 3259 (55),

1921 2005 2067 2060 coris
2100 2005 2424 2074 relinquens.
2458 2005 2928 2071 Quemadmodum
2961 2006 3127 2075 igitur
3152 2003 3250 2059 llos
3276 2004 3485 2073 grami-

1923 2096 2030 2160 nis,
2072 2096 2124 2149 in
2157 2111 2267 2165 quo
2299 2096 2464 2150 decor
2489 2097 2608 2164 ejus
2630 2099 2849 2158 emicat,
2913 2096 3052 2165 perit
3083 2105 3137 2149 et
3199 2095 3481 2158 aboletur;

1921 2190 1996 2244 ita
2021 2189 2171 2243 dives
2197 2202 2433 2259 quoque,
2464 2189 2519 2243 in
2546 2188 2721 2243 media
2744 2186 2998 2242 felicitate
3050 2187 3407 2251 constitutus,
3432 2194 3488 2240 et

1925 2280 1978 2333 in
2012 2279 2132 2347 ipso
2166 2278 2579 2347 magniﬁcentiae
2606 2277 2740 2332 ﬂore
2771 2277 3058 2331 marcescit
3095 2283 3153 2330 et
3202 2275 3486 2329 consumi-

1922 2380 2030 2425 tur.
2060 2371 2172 2424 lmo
2201 2384 2329 2425 vero
2381 2371 2627 2426 eumdem
2663 2371 2782 2439 ipso
2811 2370 2903 2423 illo
2929 2369 3193 2440 graminis
3225 2367 3485 2421 ﬂoreim-

1924 2462 2257 2516 becilliorem
2290 2471 2344 2516 et
2396 2463 2640 2517 viliorem
2691 2462 2983 2515 Inveneris.
3041 2461 3133 2514 Ille
3182 2458 3329 2513 enim
3382 2472 3486 2510 suo

1923 2563 2165 2623 tempore
2192 2554 2364 2620 ﬂoret,
2394 2569 2494 2609 suo
2544 2569 2671 2609 vero
2714 2555 2878 2608 etiam
2937 2553 3226 2607 marcescit
3274 2567 3290 2605 :
3333 2550 3487 2605 dives

1924 2657 2101 2701 autem
2152 2646 2205 2700 in
2273 2661 2487 2701 summo
2534 2647 2717 2717 vigore
2759 2660 2899 2711 suo,
2965 2644 3182 2714 quando
3243 2642 3485 2713 jucunda

1925 2752 2153 2808 quaque
2176 2747 2230 2792 et
2256 2737 2483 2792 illustria
2512 2739 2858 2807 maximeque
2881 2736 3242 2791 consectanda
3294 2735 3486 2788 viden-

1927 2840 2031 2894 tnr,
2082 2828 2160 2882 illi
2194 2837 2491 2882 nascuntur
2516 2839 2569 2882 et
2597 2828 2805 2891 ﬂorent,
2868 2828 2982 2897 ipse
3028 2842 3179 2888 vero,
3237 2826 3376 2879 fastu
3433 2834 3488 2878 et

1925 2919 2231 2989 arrogantia
2265 2917 2500 2978 inﬂatus.
2534 2918 2720 2971 multis
2768 2927 3029 2971 terrorem
3089 2917 3304 2979 incutit,
3356 2924 3488 2968 tunc

1925 3010 2173 3072 omnino,
2207 3018 2335 3063 tunc
2359 3008 2669 3077 frequenter
2703 3009 2786 3061 vel
2816 3008 3159 3063 mortalitatis
3204 3011 3319 3075 lege
3363 3022 3488 3061 cor-

1926 3111 2112 3169 reptus
2143 3116 2208 3154 ex
2252 3101 2561 3155 hominibus
2614 3100 2875 3168 disparet,
2914 3107 3007 3153 aut
3034 3098 3319 3166 naufragio
3353 3098 3487 3152 διώ-ι

1928 3191 2205 3259 mergitur.
2230 3190 2409 3260 Neque
2436 3206 2563 3245 vero
2583 3207 2797 3260 semper
2824 3208 3021 3246 novum
3062 3192 3267 3260 aliquid
3300 3201 3354 3245 et
3395 3192 3477 3244 in-

250 3280 389 3333 άλλά
422 3282 515 3333 τὸν
536 3283 753 3351 χρυσὸν,
788 3283 887 3353 τὴν
928 3282 1090 3336 αὑτοῦ
1145 3283 1321 3353 ψυχὴν
1366 3286 1460 3336 καὶ
1504 3284 1670 3354 ζωὴν,
1726 3287 1818 3337 καὶ

1922 3282 2140 3335 solitum
2164 3282 2310 3334 illum
2350 3282 2662 3350 submergit,
2695 3284 2787 3336 sed
2820 3296 3013 3334 manus
3049 3282 3252 3349 potius,
3283 3280 3489 3348 majore

249 3372 512 3442 τύραννος
542 3375 599 3427 δὲ
629 3375 849 3443 μᾶλλον,
882 3376 916 3446 ἢ
946 3376 1067 3428 κατ’
1094 3376 1323 3439 έκεῖνον,
1351 3376 1472 3446 χεὶρ
1519 3377 1612 3429 τὸν
1658 3377 1818 3430 πλοῦ-

1926 3385 2088 3438 quam
2149 3385 2254 3438 qua
2302 3370 2417 3437 ipse
2449 3385 2580 3424 usus
2626 3381 2731 3434 est,
2767 3372 3048 3439 tyrannide
3094 3386 3313 3434 aurum,
3338 3371 3485 3438 quod

250 3482 345 3517 τον
376 3466 692 3535 ἁρπάσασα.
748 3467 952 3537 ἔρημον
999 3469 1163 3524 άυτὺν
1193 3470 1287 3522 καὶ
1337 3469 1439 3538 τῆς
1493 3469 1697 3538 ὀφρύος
1728 3471 1818 3523 καὶ

1926 3464 2160 3516 animam
2184 3461 2304 3529 ejus
2335 3470 2390 3515 et
2412 3462 2574 3515 vitam
2595 3461 2893 3525 constituit,
2916 3463 3242 3532 subripiens,
3268 3472 3317 3515 et
3344 3461 3487 3515 fastu

252 3558 353 3625 *ἧς
370 3557 514 3626 ζωῆς
542 3558 883 3623 ἰναπίλιπεν,
917 3558 1259 3630 θεραπόντων
1290 3560 1593 3624 ἐπιϐουλαὶ,
1615 3560 1818 3632 λῃστῶν

1928 3563 1984 3608 et
2013 3554 2124 3606 vita
2149 3554 2417 3621 privatum
2437 3552 2711 3621 relinquit.
2741 3551 2885 3606 Idem
2922 3553 3129 3607 faciunt
3155 3553 3485 3607 famulorum

251 3646 465 3717 ινέδρα,
486 3648 539 3702 τι
566 3649 633 3703 ἄν
652 3668 754 3711 τις,
774 3648 853 3713 οἷς
879 3652 1082 3713 ἐκεῖνος
1107 3653 1384 3707 ἁλίσκεται
1415 3654 1509 3705 καὶ
1534 3652 1818 3718 διόλλυται,

1935 3643 2364 3698 machinationes
2390 3651 2444 3695 et
2465 3642 2735 3695 latronum
2776 3642 3006 3695 insidiae.
3034 3641 3237 3711 thuis
3268 3645 3489 3696 tandem

253 3742 436 3811 φέρων
495 3742 712 3812 ἀριθμῷ
762 3743 879 3814 δοίη
910 3760 926 3809 ;
958 3744 1101 3797 οὕτω
1156 3745 1249 3798 καὶ
1302 3745 1497 3807 ἄνθους
1554 3744 1745 3798 παθεῖν
1791 3744 1818 3797 ὁ

1920 3747 2240 3791 enumerare
2266 3732 2436 3801 possit
2457 3734 2661 3798 omnia,
2686 3731 2888 3800 quibus
2907 3745 3071 3787 nomo
3091 3732 3361 3801 ejusmodi
3389 3748 3489 3787 ca-

250 3832 494 3895 τοιοῦτος
548 3834 876 3903 φαυλότερός
932 3852 993 3888 τε
1068 3835 1163 3889 καὶ
1220 3835 1583 3906 ἑτοιμότερος.
1658 3834 1818 3889 Ἀλλά

1920 3828 2062 3896 pitur
2076 3834 2131 3879 et
2146 3825 2281 3894 perit
2306 3823 2328 3876 ?
2350 3823 2482 3879 adeo
2510 3823 2598 3878 ille
2612 3823 2733 3879 vilis
2761 3832 2845 3879 est
2878 3823 3205 3879 conditionis
3234 3834 3287 3877 et
3310 3824 3487 3893 magis

251 3922 426 3977 ταῦτα
453 3924 574 3994 μὲν,
602 3926 732 3995 περὶ
756 3918 831 3978 ὧν
866 3924 1177 3997 ἠρώτησας,
1207 3928 1241 3995 ἡ
1272 3927 1527 3994 ἐπιστολή
1574 3942 1659 3979 σοι
1701 3925 1818 3978 δια-

1917 3931 2073 3988 aptus
2084 3918 2149 3972 ad
2168 3932 2251 3978 ea,
2268 3931 2387 3986 quae
2407 3916 2521 3970 llori
2541 3916 2811 3980 accidunt,
2832 3916 3356 3987 experienda.Atque
3374 3916 3491 3970 haec

254 4016 597 4081 λέγεται.οΣὺ
652 4016 709 4069 δὲ
765 4016 1003 4087 Χριστοῦ
1038 4017 1133 4071 τοῦ
1162 4017 1416 4088 ἀληθινοῦ
1445 4017 1578 4070 Θεοῦ
1632 4018 1815 4087 ἡμῶν,

1917 4010 2130 4079 quidem
2158 4008 2383 4077 epistola
2430 4023 2569 4073 mea,
2623 4011 2688 4063 de
2732 4009 2860 4073 illis,
2928 4009 3203 4078 quascire
3246 4009 3488 4074 voluisti,

253 4108 435 4175 ἔργοις
462 4108 557 4161 καὶ
571 4108 801 4179 δόγμασι
829 4109 1015 4163 δοῦλον
1040 4110 1262 4163 σεαυτὸν
1288 4109 1585 4179 παριστῶν,
1616 4108 1818 4161 καὶτὸν

1917 4104 2158 4171 exponit.
2188 4100 2267 4155 Tn
2300 4117 2449 4167 vero,
2469 4103 2818 4166 Cliristi,veri
2846 4103 2936 4156 Dei
2965 4101 3158 4166 nostri,
3186 4116 3402 4156 servum
3433 4110 3490 4154 et

254 4194 480 4249 πλοῦτον
523 4197 702 4261 καλῶς
740 4198 1039 4268 οἰκονομῶν
1069 4200 1127 4251 έν
1153 4200 1219 4268 τῇ
1269 4199 1489 4271 τοιαύτῃ
1538 4195 1815 4258 πεποιθὼς

1924 4209 2087 4263 opere
2105 4203 2160 4247 et
2184 4194 2430 4248 doctrina
2461 4203 2509 4248 te
2526 4204 2804 4262 przestans,
2826 4208 3063 4261 opesque
3082 4203 3201 4248 tuas
3225 4205 3369 4248 recte
3392 4193 3489 4245 ad-

254 4288 367 4350 ισο,
412 4288 509 4343 καὶ
536 4288 781 4359 εύθύμει.
824 4288 1187 4357 Ταπεινώσει,
1212 4290 1309 4343 καὶ
1354 4286 1525 4343 τᾶλλα
1576 4291 1642 4359 τῇ
1670 4288 1817 4359 ψυχῇ

1925 4284 2266 4348 ministratus,
2298 4284 2351 4338 in
2371 4284 2469 4339 ista
2489 4283 3286 4351 bumilitateconlide,bonoque
3306 4284 3489 4337 animo

254 4381 350 4434 καὶ
374 4380 451 4450 τῷ
484 4379 693 4451 σώματι
723 4382 955 4454 ἔρρωσο.

1927 4386 2067 4442 esto,
2095 4390 2193 4431 nec
2213 4376 2392 4430 minus
2420 4385 2611 4431 caetera
2644 4375 2825 4429 animo
2840 4384 2895 4430 et
2914 4389 3143 4446 corpore
3157 4384 3301 4430 recte
3330 4374 3485 4429 valel

325 4468 510 4526 "Jac.
550 4487 592 4536 ι,
616 4470 704 4526 10.
777 4472 821 4504 "
854 4472 987 4527 ibid.

1849 4588 1914 4602 ὀ

925 4718 1082 4784 JOS.
1114 4721 1847 4794 HERGENROETHER,
1891 4720 1954 4783 S.
2011 4723 2303 4786 THEOL.
2339 4722 2898 4800 PROFESSORIS,

1492 4898 2185 4991 ADMONITIO

285 5096 346 5152 IN
387 5094 685 5153 UNDECIM
728 5096 1133 5163 SEOUENTES
1168 5098 1630 5165 QUAZSTIONES
1669 5097 1797 5155 SEU

1917 5099 2366 5160 MMENTARIOS
2402 5099 2470 5157 IN
2508 5098 2968 5157 ARISTOTELIS
2988 5100 3453 5157 CATEGORIAS.

325 5403 458 5470 Quae
487 5412 794 5473 sequuntur
820 5404 1070 5459 undecim
1101 5404 1513 5461 dissertationes
1545 5413 1835 5462 tractatum
1865 5408 2144 5478 proprium
2180 5408 2511 5463 constituunt
2544 5407 2611 5462 de
2637 5407 2943 5464 Aristotelis
2970 5410 3309 5481 ~Categoriis,
3342 5428 3482 5481 quas

259 5500 485 5557 Photius
509 5502 620 5569 jam
644 5509 770 5555 ante
794 5500 1077 5571 discipulis
1109 5504 1223 5558 suis
1249 5503 1423 5559 fusius
1446 5504 1825 5574 explicaverat.
1852 5503 2067 5559 Ezedem
2094 5506 2148 5559 in
2179 5504 2439 5559 Vaticano
2468 5504 2653 5559 codice
2678 5520 2730 5574 (ι.
2759 5521 2816 5575 q.
2848 5505 2951 5559 1'57
2983 5522 3155 5577 usque
3178 5510 3243 5563 ad
3274 5526 3329 5579 q.
3366 5509 3488 5575 M7,

255 5595 285 5651 ς
310 5596 589 5652 ΗἹ--ἰὸι
618 5596 879 5667 implent;
916 5598 968 5653 in
1007 5598 1348 5655 Coisliniano
1392 5602 1606 5665 codice,
1657 5618 1818 5672 quem
1873 5601 2163 5670 descripsit
2201 5598 2664 5663 Montel‘alconius,
2693 5601 3023 5668 qumstiones
3074 5611 3203 5656 sunt
3256 5618 3485 5658 numero

1762 5697 1997 5754 ΝΟΤᾸΞ.

332 5784 439 5847 (53)
470 5784 602 5839 Cod.
634 5785 991 5849 πολιτελείας.
1023 5786 1277 5843 Fortasse
1316 5792 1661 5845 scribendum
1693 5802 1806 5847 erat

1983 5789 2040 5854 (5
2053 5790 2096 5860 ἰ)
2121 5788 2541 5860 θανάτουίνόμῳ,
2565 5788 2716 5844 Colb.
2736 5804 2833 5859 pro
2851 5788 3256 5860 θανατουμένῳ.

260 5855 551 5919 πολιτείας.
585 5856 760 5912 Malim
796 5869 972 5914 tamen
998 5858 1220 5913 alterum
1253 5870 1496 5919 nostrum
1546 5862 1698 5917 illud.

1985 5859 2096 5927 (55)
2124 5858 2302 5913 Malim
2346 5857 2569 5927 βυθίζοι.
