4174 6450
119 388 226 453 765

934 400 1032 460 AD
1080 406 1666 469 AMPIIILOCHIUM
1704 411 2048 475 OU/ESTIO
2085 418 2418 484 CXXXVII.

3253 436 3356 502 766

118 504 229 555 οὐκ
270 502 342 556 ἐν
374 505 742 575 ὑποκειμένῳ
764 524 780 541 ο
831 510 1083 563 οὐδέποτε
1134 514 1243 585 γὰρ
1276 518 1310 585 ἡ
1349 518 1508 570 οὐσία
1542 519 1673 588 εὑρι-

1793 520 2107 583 Substantia
2150 543 2329 587 autem
2382 544 2610 589 vocatur
2654 552 2755 590 non
2795 539 2849 590 in
2890 541 3163 611 subjecto;
3208 561 3351 601 nun-

119 608 308 649 σκεται
327 596 386 648 ἐν
410 596 553 668 ἄλλῳ
576 601 687 651 τινὶ
716 600 853 670 πρὸς
880 602 1115 673 ὕπαρξιν
1130 604 1301 674 αὐτῆς
1324 609 1686 662 συντελοῦντι·

190 792 256 847 θ’.
300 792 376 846 Τδ
424 795 482 848 δὲ
531 797 758 851 καθόλου
818 800 1037 870 λέγεται
1088 805 1216 858 καθ’
1242 808 1636 877 ὑποκειμένου
1668 830 1682 843 ·

114 885 205 938 ἀεὶ
233 890 343 955 γὰρ
372 890 433 942 τὸ
467 890 695 944 καθόλου
751 895 907 967 κατάγ
946 912 1091 960 τινος
1138 897 1501 969 ὑποκειμένου
1538 903 1685 974 αὑτῷ

115 982 536 1047 κατηγορεῖταιο
560 981 628 1033 τὰ
684 981 741 1034 δὲ
782 984 984 1053 μερικὰ
1024 986 1240 1055 λέγεται
1278 992 1351 1044 οὐ
1379 994 1507 1045 καθ’
1535 996 1687 1048 ὑπο-

114 1069 394 1136 κειμένου
438 1072 543 1125 ’ἀεὶ
566 1074 676 1143 γὰρ
699 1073 771 1127 τὰ
802 1076 1004 1147 μερικὰ
1052 1079 1222 1148 ἤγουν
1247 1081 1317 1134 τὰ
1344 1082 1533 1153 νᾶτομα
1561 1086 1681 1137 κατ’

111 1162 331 1224 οὐδενὸς
409 1165 770 1228 ὑποκειμένου
838 1168 1080 1238 λέγεται.
1134 1173 1246 1225 Καὶ
1312 1174 1435 1226 ἐπεὶ
1501 1176 1533 1243 ἡ
1585 1177 1683 1244 μὲν

110 1252 274 1303 οὑσία
311 1254 557 1307 καλεῖται
585 1258 695 1309 οὐκ
726 1258 799 1310 ἐν
826 1260 1219 1328 ὑποκειμένῳ.
1246 1263 1308 1314 τὸ
1345 1264 1402 1315 δὲ
1452 1266 1680 1318 καθόλου

110 1344 244 1395 καθ’
272 1345 689 1414 ὑποκειμένου,
723 1350 860 1417 ὁμοῦ
892 1351 953 1403 τό
982 1368 1040 1403 τε
1071 1354 1180 1405 οὐκ
1203 1353 1275 1405 ἐν
1308 1357 1683 1425 ὑποκειμένῳ

110 1436 209 1485 καὶ
237 1436 300 1486 τὸ
325 1439 454 1490 καθ’
484 1440 881 1506 ὑποψιμένου
900 1441 1310 1512 λαμϐανόμενον
1330 1462 1342 1474 ·
1383 1446 1495 1513 τὴν
1538 1452 1679 1501 καθ-

108 1526 262 1579 όλου
314 1530 533 1581 οὐσίαν
620 1532 838 1593 πάντως
876 1533 1165 1602 δηλώσειεν
1193 1552 1207 1564 ·
1261 1531 1371 1589 οἷον
1413 1538 1489 1601 ὡς
1518 1541 1679 1611 ζτύπῳ

105 1619 284 1670 εἰπεῖν
306 1620 398 1671 τὸν
426 1621 652 1674 καθόλου
676 1622 961 1694 ἄνθρωπον
984 1643 999 1658 ο
1028 1630 1057 1680 ό
1084 1627 1191 1697 γὰρ
1218 1630 1444 1683 καθόλου
1468 1633 1678 1702 ἄνθρω-

103 1726 213 1771 πος
243 1711 365 1763 καθ’
417 1713 773 1775 ὑποκειμένου
815 1718 912 1783 μὲν
937 1719 1047 1789 (9S)
1104 1720 1320 1787 λέγεται
1374 1722 1470 1775 τοῦ
1530 1743 1676 1789 τινος

102 1801 416 1871 ἀνθρώπου,
461 1798 571 1857 οἷον
618 1808 902 1872 Πλάτωνος
965 1812 997 1879 ἢ
1049 1812 1209 1864 ἄλλου
1257 1815 1400 1877 τινὸς
1427 1816 1561 1883 (99),
1618 1821 1677 1871 ἐν
1709 1854 1753 1912 Β

104 1894 451 1965 ὑποκειμένῳ
482 1898 537 1949 δὲ
595 1900 694 1951 οὑκ
755 1900 870 1954 ἔστι
898 1918 913 1934 ο
957 1904 1024 1956 τὰ
1066 1904 1174 1976 γὰρ
1221 1907 1281 1958 ὲν
1336 1908 1679 1981 ὑποκειμένῳ

101 1985 489 2056 συμϐεϐηκότα
518 1989 756 2056 ἐλέγετο.
798 1994 968 2046 Πάλιν
997 1996 1120 2049 ἐπεὶ
1161 2000 1222 2050 τὸ
1256 2001 1355 2067 μὲν
1395 2004 1673 2075 συμϐεϐη-

99 2080 198 2140 κὸς
231 2080 475 2134 ἐκαλεῖτο
519 2084 589 2135 ἑν
633 2086 1027 2153 ὑποκειμένῳ,
1078 2090 1139 2142 τὸ
1184 2092 1242 2143 δὲ
1279 2093 1511 2147 καθόλου
1542 2099 1672 2149 καθ’

95 2172 520 2241 ὑποκειμένου,
568 2174 706 2243 ὁμοῦ
751 2177 810 2229 τό
848 2195 907 2230 τε
953 2180 1024 2232 ἐν
1079 2183 1449 2251 ὑποκειμένῳ
1492 2186 1676 2239 καὶτὸ

94 2266 229 2339 καθ’
289 2268 688 2334 ὑποκειμένου
746 2268 1243 2345 λαμϐανόμενονῌ)
1298 2276 1365 2329 τὸ
1411 2282 1673 2335 καθόλου

93 2336 476 2421 ουμόεϐηκὸς
534 2357 751 2420 πάντως
796 2360 1087 2428 δηλώσειεν
1114 2380 1129 2393 ·
1208 2363 1320 2418 οἷον
1384 2369 1462 2430 ὡς
1516 2369 1671 2439 τύπῳ

92 2446 153 2497 τὸ
187 2446 420 2499 καθόλου
452 2448 648 2519 χρῶμα
679 2466 693 2479 ⁶
725 2452 787 2503 τὸ
823 2453 931 2521 γὰρ
957 2456 1187 2509 καθόλου
1212 2459 1415 2529 χρῶμα
1431 2461 1508 2532 (2)
1546 2464 1669 2517 καθ’

94 2538 458 2608 ὑποκειμένου
489 2544 586 2609 μὲν
611 2544 687 2610 (5)
745 2544 961 2611 λέγεται
1012 2549 1104 2601 τοῦ
1158 2568 1305 2610 τινος
1358 2554 1665 2624 χρώματος,

89 2624 203 2679 οἷον
225 2628 381 2681 τοῦδε
413 2630 506 2682 τοῦ
537 2631 753 2693 λευκοῦ,
787 2634 923 2689 ἀλλὰ
951 2638 1041 2690 καὶ
1070 2639 1129 2691 ἐν
1154 2640 1498 2714 ὑποκειμένῳ
1523 2647 1669 2699 ἐστὶν

90 2718 166 2779 ὡς
206 2720 265 2771 ὲν
297 2720 530 2790 σώματι,
586 2721 698 2776 οἷον
740 2727 798 2776 ἐν
836 2728 972 2795 χιόνι
998 2730 1073 2798 (4)
1109 2730 1141 2799 ἢ
1190 2732 1335 2803 ἄλλῳ
1381 2738 1510 2789 τινί.
1546 2738 1666 2792 Ἔτι

88 2814 145 2864 δὲ
174 2816 302 2867 ἐπεὶ
340 2819 401 2867 τὸ
429 2822 651 2888 μερικδν
678 2822 925 2875 ἐκαλεῖτο
981 2828 1052 2878 οὐ
1081 2828 1207 2880 καθ’
1245 2831 1663 2901 ὑποκειμένου,

90 2906 121 2972 ὴ
158 2906 217 2957 δὲ
248 2907 405 2959 οὐσία
432 2912 541 2962 οὐκ
572 2911 642 2963 ἐν
675 2916 1045 2982 ὑποκειμένῳ
1069 2956 1084 2981 ,
1120 2918 1257 2987 ὁμοῦ
1283 2921 1343 2973 τό
1364 2940 1423 2974 τε
1448 2926 1559 2977 οὐκ
1598 2926 1666 2977 ἐν

88 3000 468 3065 ὑποκειμένῳ
497 3004 588 3056 καὶ
613 3006 674 3056 τὸ
704 3009 775 3059 οὐ
820 3009 947 3061 καθ’
992 3012 1391 3078 ὑποκειμένου
1425 3015 1538 3082 τὴν
1561 3036 1665 3084 με·

83 3090 274 3155 ρικὴν
311 3092 529 3144 οὐσίαν
561 3096 773 3157 πάντως
800 3097 1091 3165 δηλώσειεν
1121 3116 1135 3130 ’
1164 3095 1274 3153 οἷον
1302 3103 1377 3164 ὡς
1406 3104 1561 3173 τύπῳ
1584 3107 1657 3174 (5)

1789 629 1953 683 quam
1981 620 2125 673 enim
2158 625 2463 681 substantia
2498 629 2770 683 invenitur
2808 631 2860 684 in
2910 634 3021 688 alio
3064 639 3349 708 quopiam,

1788 712 1930 778 quod
1957 713 2024 766 ad
2048 716 2457 774 subsistentiam
2482 723 2603 789 ejus
2632 724 2901 780 conferat.

1855 805 1908 856 9.
1951 804 2272 865 Universale
2301 812 2498 867 dicitur
2537 816 2602 868 de
2641 818 2904 883 subjecto;
2942 835 3161 890 semper
3198 825 3347 876 enim

1787 895 2091 952 universale
2150 900 2217 953 de
2274 904 2457 971 aliquo
2529 906 2631 974 ipsi
2691 910 2936 975 subjecto
2999 917 3349 981 praedicatur.

1784 986 2138 1045 Particularia
2164 993 2419 1049 dicuntur
2443 1015 2543 1050 non
2576 1000 2639 1052 de
2666 1002 2931 1069 subjecto;
2962 1020 3175 1075 semper
3200 1009 3347 1062 enim

1783 1080 2125 1145 particularia
2157 1085 2272 1139 sive
2307 1088 2582 1143 individua
2611 1092 2677 1145 de
2706 1094 2851 1148 nullo
2882 1097 3129 1165 subjecto
3156 1100 3345 1153 dicun-

1782 1175 1891 1220 tur.
1924 1169 1991 1224 Et
2030 1173 2157 1239 quia
2213 1177 2513 1233 substantia
2555 1192 2785 1237 vocatur
2837 1201 2937 1239 non
2990 1189 3045 1241 in
3088 1191 3343 1259 subjecto,

1782 1259 2088 1315 universale
2118 1279 2246 1318 vero
2276 1268 2338 1319 de
2357 1270 2612 1336 subjecto,
2642 1276 2754 1327 haec
2783 1275 2908 1341 dno,
2943 1296 3046 1331 non
3074 1281 3129 1332 in
3166 1283 3342 1349 subje-

1782 1359 1863 1401 cto
1894 1362 1946 1404 et
1968 1353 2035 1406 de
2065 1356 2318 1422 subjecto,
2369 1363 2532 1417 simul
2579 1378 2793 1434 sumpta
2834 1373 3186 1426 universalem
3218 1380 3349 1429 sub-

1780 1445 2056 1510 stantiam,
2083 1446 2476 1518 designabunt;
2520 1458 2664 1509 verbi
2698 1461 2863 1527 gratia
2910 1463 3188 1519 hominem
3226 1468 3348 1522 uui—

1780 1532 2060 1586 versaliter
2118 1548 2433 1606 sumptum;
2490 1543 2650 1597 homo
2711 1548 2852 1601 enim
2917 1552 3218 1607 universim
3276 1555 3345 1609 de

1778 1619 2022 1687 subjecto
2054 1626 2273 1692 quidem
2314 1630 2533 1695 dicitur,
2590 1637 2801 1692 scilicet
2842 1642 2906 1693 de
2948 1642 3167 1698 homine
3203 1662 3346 1714 quo-

1776 1712 1921 1778 dam,
1971 1724 2030 1767 ut
2071 1718 2138 1770 de
2176 1718 2397 1775 Platone
2420 1726 2501 1777 vel
2548 1727 2614 1781 de
2661 1730 2787 1794 alio,
2823 1732 2874 1783 in
2930 1734 3175 1799 subjecto
3211 1712 3342 1791 vero

1782 1819 1888 1859 non
1936 1816 2060 1872 est;
2109 1825 2229 1877 qua:
2270 1815 2411 1868 enim
2466 1818 2517 1869 iu
2570 1821 2813 1888 subjecto
2859 1836 2987 1878 sunt
3035 1828 3340 1883 accidentia

1780 1906 1906 1950 ante
1928 1898 2069 1953 dicta
2102 1913 2251 1957 sunt.
2284 1903 2520 1961 Rursum
2544 1914 2800 1979 quoidam
2836 1916 3093 1972 accidens
3121 1918 3342 1975 diceba-

1780 1994 1867 2040 tur
1911 1989 1965 2041 in
2008 1991 2264 2059 subjecto,
2316 1996 2615 2053 universale
2661 2019 2779 2055 vero
2828 2009 2891 2057 de
2933 2007 3187 2075 subjecto,
3227 2013 3340 2066 lm-c

1776 2077 1883 2131 duo
1910 2081 2074 2134 simul
2114 2094 2353 2152 sumpta,
2386 2088 2505 2142 scil.
2546 2092 2600 2143 in
2632 2094 2865 2159 subjecto
2896 2106 2952 2149 et
2988 2099 3051 2150 de
3078 2100 3335 2168 subjecto,

1775 2169 1996 2223 omnino
2063 2173 2302 2227 accidens
2364 2179 2658 2232 universale
2714 2182 3114 2253 indicaverint;
3171 2191 3326 2244 verbi

1774 2261 1947 2328 gratia
1977 2263 2335 2320 universalem
2376 2270 2635 2324 colorem.
2668 2272 2801 2327 Nam
2848 2277 3000 2330 color
3034 2280 3332 2336 universim

1772 2361 2023 2421 sumptus
2060 2354 2127 2409 de
2161 2357 2406 2427 subjecto
2434 2361 2635 2416 dicitur
2678 2364 2964 2434 cujusdam
3005 2371 3138 2424 certi
3178 2373 3333 2426 colo-

1772 2444 1868 2511 ris,
1904 2454 2031 2513 puta
2064 2447 2228 2516 hujus
2251 2451 2448 2505 coloris
2475 2454 2606 2518 albi,
2641 2456 2693 2509 in
2726 2458 2973 2525 subjecto
3008 2478 3137 2516 vero
3166 2466 3332 2521 etiam

1768 2546 1854 2589 est
1887 2538 2023 2591 utin
2059 2554 2305 2608 corpore,
2334 2545 2477 2597 velut
2510 2547 2562 2599 in
2597 2548 2718 2603 nive
2748 2551 2830 2603 vel
2865 2552 2920 2605 in
2967 2570 3025 2608 re
3062 2556 3165 2609 alia
3196 2574 3333 2626 qua-

1770 2628 1934 2696 piam.
1970 2630 2236 2687 Praeterea
2273 2638 2527 2703 quoniam
2575 2642 2902 2707 particulare
2945 2646 3333 2703 nominabatur

1767 2737 1871 2774 non
1907 2721 1970 2774 de
2018 2724 2271 2791 subjecto,
2308 2729 2610 2784 substantia
2635 2747 2763 2786 vero
2819 2752 2923 2787 non
2969 2738 3021 2789 in
3072 2740 3329 2808 subjecto,

1767 2816 1881 2869 haec
1923 2816 2033 2870 duo
2074 2819 2256 2882 simul,
2306 2837 2404 2873 non
2454 2822 2516 2875 de
2560 2825 2791 2892 subjecto
2848 2845 2939 2881 nec
2989 2831 3041 2881 in
3072 2832 3329 2900 subjecto,

1766 2908 2374 2974 omninOparticularem
2390 2916 2744 2970 substantiam
2769 2921 3087 2977 indicabunt
3108 2942 3123 2989 ;
3143 2943 3330 2981 exent-

1764 3000 1834 3067 pli
1868 3015 2031 3055 causa
2063 3003 2221 3056 talem
2255 3013 2307 3057 et
2338 3006 2495 3060 talem
2528 3007 2826 3072 hominem,
2868 3015 3031 3067 talem
3076 3024 3131 3069 et
3164 3018 3324 3069 talem

1763 3092 1975 3146 bovem.
2013 3094 2157 3147 Nihil
2190 3097 2331 3150 enim
2358 3100 2623 3165 ejusmodi
2660 3101 2710 3154 in
2745 3102 2989 3171 subjecto
3041 3116 3123 3159 est
3158 3109 3323 3176 (quod

86 3183 289 3241 εἰπεῖν,
316 3185 407 3235 τὸν
438 3186 582 3237 δεῖνα
629 3186 911 3256 ἄνθρωπον
940 3190 972 3255 ἢ
1020 3191 1108 3243 τὸν
1144 3192 1290 3244 δεῖνα
1316 3194 1442 3261 βοῦν
1468 3212 1481 3225 ·
1515 3197 1665 3249 οὐδὲν

1772 3186 1913 3237 enim
1954 3186 2005 3239 in
2032 3187 2279 3255 subjecto
2311 3198 2410 3255 est,
2454 3192 2707 3246 accidens
2738 3208 2860 3248 esse
2892 3197 3325 3251 demonstratum

91 3272 201 3338 γὰρ
256 3272 367 3322 τῶν
420 3273 674 3325 τοιούτων
722 3276 944 3345 οὗτείϐ)
996 3281 1052 3330 ὲν
1107 3281 1449 3352 ὑποκειμένῳ
1516 3287 1660 3338 ἐστὶν

87 3360 269 3426 (τοῦτο
312 3364 420 3431 γὰρ
476 3364 819 3433 συμϐεϐηκὸς
867 3368 1080 3438 ἐδείχθη
1110 3365 1338 3441 [εἶναι]›,
1366 3372 1488 3425 οὔτε
1541 3377 1660 3427 καθ’

86 3454 453 3521 ὑποκειμένου
483 3456 659 3521 (τοῦτο
680 3458 785 3526 γὰρ
816 3456 953 3528 [τοῦ]
978 3460 1205 3513 καθόλου
1234 3464 1448 3533 ἐδείχθη
1472 3462 1655 3534 εἶναι).

88 3546 209 3595 "Eu
246 3544 305 3594 δὲ
337 3544 459 3595 ἐπεὶ
476 3544 536 3595 τὸ
564 3545 787 3613 μερικὸν
814 3549 1058 3601 ἐκαλεῖτο
1082 3552 1153 3602 οὐ
1184 3551 1311 3603 καθ’
1348 3555 1659 3621 ὑποκειμέ-

82 3653 214 3699 νου,
248 3636 311 3686 τὸ
332 3636 387 3686 δὲ
413 3637 757 3705 συμϐεϐηκδς
778 3640 846 3691 ἐν
866 3642 1257 3709 ὑποκειμένῳ,
1276 3644 1411 3713 ὁμοῦ
1440 3647 1500 3698 τό
1513 3664 1571 3699 τε
1591 3648 1660 3699 ἐν

82 3730 457 3799 ὑποκειμένῳ
473 3732 565 3782 καὶ
590 3733 648 3784 τὸ
669 3735 741 3785 οὐ
761 3735 889 3786 καθ’
905 3736 1305 3803 ὑποκειμένου
1333 3739 1398 3791 τὸ
1412 3741 1658 3807 μερικὸν

1767 3276 1913 3347 [υἱι),
1945 3294 2119 3347 neque
2141 3280 2208 3333 de
2244 3283 2487 3349 subjecto
2507 3294 2586 3337 est
2618 3286 2781 3352 (quod
2810 3290 2953 3339 enim
2991 3288 3056 3341 de
3082 3290 3327 3357 subjecto

1764 3377 1866 3433 est,
1911 3370 2216 3424 universale
2247 3388 2369 3427 esse
2397 3374 2936 3447 demonstravimus).
2968 3379 3164 3434 Adhuc
3192 3398 3325 3435 vero

1762 3464 2021 3529 quoniam
2076 3465 2403 3532 particulare
2446 3466 2729 3521 dicebatur
2789 3486 2889 3522 non
2945 3472 3007 3525 de
3062 3476 3322 3541 subjecto,

1762 3555 2017 3611 accidens
2043 3572 2192 3618 vero,
2224 3559 2277 3609 in
2315 3558 2564 3624 subjecto,
2596 3559 2711 3613 haec
2747 3561 2873 3624 duo,
2912 3562 2965 3614 in
3007 3566 3240 3631 subjecto
3272 3578 3325 3619 et

1761 3663 1863 3698 non
1910 3648 1973 3699 de
2018 3648 2253 3714 subjecto
2298 3649 2537 3703 accidens
2589 3652 2914 3716 particulare
2948 3653 3318 3720 denotabunt;

1762 3741 1907 3794 verbi
1938 3743 2114 3811 gratia
2144 3744 2246 3795 hoc
2272 3742 2452 3795 album
2486 3743 2563 3795 vel
2597 3745 2696 3795 hoc
2732 3744 2981 3812 nigrum;
3036 3748 3140 3801 hoc
3174 3752 3319 3801 enim

78 3819 461 3888 συμϐεϐηκὸς
501 3821 820 3892 δηλώσειεν
849 3820 962 3879 οἷον
992 3828 1068 3889 ὡς
1096 3828 1251 3898 τύπῳ
1274 3832 1470 3893 εἰπεῖν,
1495 3833 1653 3886 τοῦτο

1772 3832 1939 3885 ilbum
1989 3833 2043 3885 in
2085 3848 2314 3901 corpore
2347 3836 2582 3902 quodam
2632 3846 2733 3896 est,
2779 3853 2883 3891 non
2941 3854 3069 3894 vero
3122 3851 3203 3894 est
3252 3842 3321 3895 de

78 3913 136 3961 τὸ
156 3912 354 3964 λευκὸν
381 3916 413 3982 ἢ
440 3914 599 3966 τοῦτο
624 3915 683 3967 τὸ
718 3916 884 3985 μέλαν
910 3935 923 3949 ·
954 3917 1110 3972 τοῦτο
1140 3920 1247 3991 γὰρ
1276 3920 1338 3974 τὸ
1364 3922 1557 3977 λευκὸν
1592 3926 1651 3977 ὲν

1757 3923 2004 3993 subjecto
2045 3926 2309 3993 quodam;
2354 3940 2477 3979 nam
2513 3926 2659 3996 quod
2698 3928 2764 3981 de
2814 3930 3063 3998 subjecto
3093 3943 3175 3985 est
3202 3935 3319 3987 uni-

79 4002 299 4071 σώματι
332 4004 431 4072 μέν
484 4006 746 4071 ὲστίτινι,
787 4009 886 4061 οὑκ
918 4008 1032 4062 ἔστι
1063 4010 1118 4063 δὲ
1149 4012 1271 4065 καθ’
1291 4014 1649 4085 ὑποκειμένου

1772 4017 1965 4070 :ersale
1988 4030 2110 4070 esse
2144 4029 2425 4072 ostensum
2455 4030 2554 4072 est.
2595 4018 2700 4073 Sed
2724 4023 2789 4073 de
2823 4022 2907 4075 his
2944 4024 3229 4079 hactenus.

78 4095 219 4157 τινός
250 4111 266 4125 ⁸

319 4096 379 4148 τὸ
431 4098 538 4169 γὰρ
571 4097 694 4151 καθ’
742 4100 1102 4171 ὑποκειμένου
1152 4104 1383 4159 καθόλου
1437 4108 1650 4179 ἐδείχθη
1678 4109 1837 4166 εἶναι.
1877 4109 2018 4165 Ἀλλ’
2040 4110 2131 4163 ἐπὶ
2158 4113 2411 4165 τοσοῦτον
2446 4113 2543 4181 μὲν
2573 4113 2701 4183 περὶ
2746 4115 2947 4169 τούτων
2972 4117 3071 4187 (7).

1618 4240 1849 4299 NOTE.

298 4343 413 4421 ᾒμν
442 4343 593 4421 deest
616 4344 841 4421 injlon.
861 4345 964 4421 _Cl'.
983 4348 1153 4421 Arist.
1183 4367 1234 4406 c.
1264 4351 1316 4409 2.
1342 4352 1366 4421 ᾗ
1392 4353 1444 4406 9..

141 4412 438 4494 (99).Mon.
464 4416 585 4494 add.
624 4434 636 4468 :
680 4416 785 4469 Καὶ
814 4416 921 4484 γὰρ
945 4418 971 4467 ὁ
1005 4418 1229 4474 [Ιλατων
1282 4412 1639 4494 ὑτξοκείμενόν

75 4484 239 4545 ἐστιν,
267 4486 327 4533 ἐν
362 4485 455 4535 ὑπ.
488 4485 544 4536 δέ
576 4495 635 4537 ιιι
661 4500 845 4553 supra.

141 4553 219 4619 (1)
247 4554 501 4621 Λαμϐαν.
528 4556 676 4608 deest
707 4557 759 4608 in
790 4554 936 4607 Non.

442 4642 456 4675 ε
495 4624 734 4699 ΧρῶξξΨ
770 4624 862 4676 τοῦ
889 4626 968 4694 (το
992 4630 1112 4683 καθ’
1137 4630 1323 4699 ὑποκ.)

139 4692 215 4757 (5)
245 4692 362 4744 Μέν
386 4692 616 4747 άεεειΐη
647 4694 792 4750 Mon.

139 4761 216 4828 (4)
246 4760 395 4816 Bion.
420 4758 541 4816 Οἴον
565 4765 639 4828 ὡς
668 4768 726 4821 ἐν
756 4767 964 4839 σώματι
989 4768 1021 4839 ἦ
1047 4770 1103 4819 ἐν
1128 4772 1194 4840 τῇ
1230 4769 1386 4838 χιόνι.

1047 4883 1168 4934 καθ’
1201 4884 1564 4955 ὑποκειμένου

932 5265 1000 5317 Ill
1031 5266 1092 5317 τὸ
1123 5266 1283 5321 καθό-

1068 5335 1159 5388 λου

944 5406 1285 5477 συμϐεϐηκὸς

1010 5818 1028 5842 ‘_
1046 5818 1062 5843 ρ
1096 5794 1435 5861 ὑποκειμένῳ

1820 4358 1895 4434 (ξ)
1928 4358 2074 4434 Men.
2108 4361 2195 4415 hic
2231 4372 2287 4434 ut
2315 4362 2528 4434 et__alias
2557 4366 2613 4416 ἐν
2640 4364 2814 4434 τύπῳ.

1815 4428 1891 4504 (ρ)
1925 4428 2059 4504 ρῦτε
2091 4434 2243 4504 deest
2273 4433 2325 4485 in
2360 4432 2500 4497 ναι,
2528 4437 2618 4504 sed
2654 4428 2846 4504 legitur
2875 4438 2925 4490 in
2954 4439 3167 4496 Monac.

1816 4499 1891 4566 (7)
1926 4500 2050 4552 Haec
2079 4502 2266 4554 ultima
2294 4504 2455 4555 verba
2505 4503 2621 4556 ἀλλ’
2651 4499 2727 4544 -ξ
2750 4508 2953 4560 τούτων
3004 4512 3200 4566 desunt
3253 4518 3306 4567 in

1742 4564 1888 4653 you.
1916 4568 2368 4653 Explaiiaturlioc
2397 4574 2752 4653 paragrapho.
2778 4578 3002 4653 aristot.
3029 4595 3079 4633 c.
3099 4564 3220 4653 ἧς

1740 4634 1797 4689 In
1830 4637 1971 4691 Mou.
1998 4634 2120 4693 cod.
2158 4643 2193 4691 l'.
2221 4642 2309 4703 57,
2338 4634 2411 4703 a,'
2450 4644 2501 4695 in
2532 4634 2827 4698 Ἂήιιηοιιὶί
2879 4634 3306 4707 Commedtfriis

1748 4707 1851 4761 hoc
1874 4710 2146 4763 schemate
2167 4712 2464 4766 illustratur
2493 4714 2637 4782 quod
2666 4716 2865 4770 dictum
2899 4728 2983 4773 est
3007 4757 3024 4774 .

1917 4889 1977 4941 οὑ
2011 4890 2138 4943 καθ’
2164 4893 2519 4963 ὑποκειμένου

1420 5013 1463 5053 /
1906 5015 1993 5096 ἆρα

1454 5058 1595 5195 ita?
1799 5090 1929 5191 ἥρῳ-(Χ

1574 5184 1669 5285 $900
1729 5187 1819 5271 δοῨ

1644 5282 1708 5337 ‘6‘
2109 5274 2171 5326 IV
2207 5278 2235 5343 ἡ
2274 5278 2467 5347 μερικὴ

1578 5346 1657 5420 οςὶ·
2210 5346 2382 5401 οὑσία.

1462 5412 1613 5516 ‘0‘?"
1820 5445 1903 5526 οίθόι

1382 5503 1488 5592 xx“
1889 5505 1941 5572 ἐν

1936 5800 2031 5851 οὐκ
2072 5800 2129 5852 ὲν
2165 5805 2495 5869 ὑποκειμένῳ
