4174 6450
817 399 920 462 ’167

1960 396 2214 458 ΡΠΟΤΙῙ
2254 392 2889 462 PATRIARCIIEECI‘.

3936 395 4043 457 768

885 508 972 564 10.
1011 505 1242 574 Quando
1277 521 1408 562 vero
1435 507 1583 562 aliud
1611 503 1680 562 de
1718 507 1824 561 alio
1853 507 2178 577 prardicatur
2216 519 2276 560 ut
2301 506 2368 561 de

2561 514 2615 562 t'.
2656 511 2824 562 Ὀταν
2889 510 2936 562 δ’
2981 509 3169 581 ἔτερον
3193 509 3316 563 καθ’
3349 509 3536 580 ἑτέρου
3565 507 3940 580 κατηγορῆται
3972 511 4045 572 ὡς

810 601 1060 670 subjecto
1082 601 1198 654 sive
1229 601 1479 662 univoce,
1501 612 1840 669 quaecunque
1863 599 1932 652 de
1961 601 2250 668 praedicata
2280 599 2377 653 illo

811 697 1103 759 dicuntur,
1173 693 1355 745 omnia
1419 693 1488 744 de
1547 691 1794 759 subjecto
1838 704 2056 761 quoque
2105 690 2373 744 dicentur.

817 784 972 839 Verbi
999 785 1170 855 gratia
1197 786 1360 838 homo
1387 783 1716 851 praedicatur
1748 783 1816 836 de
1846 781 1948 836 hoc
1980 791 2134 836 certo
2160 781 2378 836 homine

812 875 1030 945 (Petrus
1054 885 1140 930 est
1173 877 1384 943 homo),
1412 875 1616 928 animal
1655 889 1786 929 vero
1813 873 1881 927 de
1909 874 2128 928 homine
2164 873 2378 942 simpli-

810 967 983 1032 citer;
1034 967 1324 1020 manifeste
1385 980 1517 1033 ergo
1569 973 1624 1019 et
1680 967 1746 1019 de
1799 973 1954 1020 certo
2005 966 2110 1018 hoc
2157 963 2379 1018 homine

812 1056 1009 1110 animal
1035 1057 1438 1125 pranlicandum
1461 1058 1563 1109 erit
1587 1055 1809 1125 (Petrus
1845 1064 1929 1108 est
1958 1053 2204 1106 animal).
2238 1054 2376 1106 Nam

810 1155 995 1201 certus
1015 1149 1245 1217 quilibet
1263 1148 1426 1200 homo
1450 1156 1506 1200 et
1534 1148 1696 1200 homo
1722 1155 1774 1201 et
1805 1145 2006 1199 animal
2027 1155 2126 1198 est.
2148 1146 2377 1210 Quando

813 1253 941 1291 vero
989 1253 1097 1291 non
1158 1241 1387 1293 univoee
1427 1238 1556 1306 quid
1605 1239 1674 1291 de
1727 1238 1834 1292 alio
1889 1238 2232 1308 medicatur,
2281 1235 2377 1290 sed

810 1331 1130 1396 tequivoce,
1189 1329 1411 1382 minime
1463 1344 1690 1383 necesse
1739 1339 1855 1393 est,
1912 1329 2092 1383 omnia
2145 1344 2268 1398 quae
2311 1328 2378 1382 de

811 1420 1101 1488 praedicam
1123 1421 1400 1481 dietnmir,
1427 1420 1540 1473 hinc
1571 1429 1625 1474 et
1652 1421 1720 1474 de
1749 1420 1996 1488 subjecto
2021 1420 2152 1474 dici.
2184 1419 2377 1474 Exem-

812 1509 885 1578 pli
940 1509 1113 1579 gratia
1149 1527 1161 1563 :
1198 1510 1393 1562 Album
1447 1511 1772 1577 pradicatur
1815 1513 2094 1581 aequivoce
2142 1512 2210 1565 de
2253 1526 2377 1564 cor-

812 1615 981 1670 pore;
1019 1603 1203 1656 album
1265 1602 1411 1656 enim
1464 1617 1662 1671 corpus
1715 1603 1949 1669 dicitur;
2007 1604 2148 1657 ratio
2196 1613 2376 1657 autem

811 1709 918 1762 qua
958 1693 1216 1748 delinitur
1241 1694 1448 1758 album,
1477 1694 1628 1747 nullo
1651 1695 1814 1748 modo
1841 1696 2055 1764 corpori
2087 1695 2374 1762 congruit;

808 1795 897 1841 est
926 1787 1072 1841 enim
1102 1785 1344 1840 delinitio
1383 1785 1491 1838 albi
1538 1787 1691 1840 color
1722 1796 1778 1840 et
1822 1787 1928 1840 alia
1959 1787 2230 1855 quaedam,
2260 1800 2380 1839 cor-

814 1890 918 1946 pus
942 1891 1074 1929 vero
1104 1891 1209 1930 non
1242 1891 1364 1930 esse
1391 1875 1628 1929 colorem
1661 1877 2006 1931 manifestum
2031 1888 2133 1932 est.

878 1962 968 2016 11.
1012 1960 1210 2016 Verum
1261 1975 1316 2017 et
1367 1965 1475 2018 hoe
1524 1965 1668 2019 scire
1711 1974 1948 2034 oportet,
1998 1982 2213 2034 eorum,
2255 1984 2377 2038 qua:

812 2063 944 2108 sunt
971 2055 1174 2109 diversi
1201 2057 1418 2125 generis
1471 2071 1570 2110 nec
1597 2057 1700 2111 sibi
1733 2057 1965 2112 invicem
1995 2059 2374 2124 subordinata,

809 2145 1054 2202 diversas
1082 2156 1136 2201 et
1164 2149 1345 2216 specie
1375 2162 1499 2202 esse
1529 2147 1888 2215 dilIerentias,
1923 2149 2088 2204 veluti
2119 2152 2378 2206 animalis

810 2247 864 2291 et
909 2239 1183 2306 scientiae;
1240 2239 1494 2293 animalis
1543 2239 1687 2293 enim
1744 2240 2062 2296 dill'erentia:
2120 2253 2378 2298 terrestre

807 2330 1107 2398 (pedestre)
1157 2339 1213 2384 et
1258 2331 1530 2400 aquatile;
1593 2332 1836 2387 scientia:
1885 2349 2014 2387 vero
2055 2334 2190 2387 nihil
2234 2334 2380 2404 ejus-

807 2417 998 2482 modi;
1048 2433 1226 2487 neque
1273 2421 1420 2474 enim
1467 2419 1697 2473 scientia
1738 2435 1768 2474 a
1821 2421 2049 2476 scientia
2099 2421 2280 2477 ditl‘art
2312 2437 2380 2477 eo

808 2511 957 2580 quod
993 2510 1165 2564 altera
1200 2512 1271 2565 sit
1298 2512 1472 2578 bipes.

883 2600 972 2655 £2.
1011 2599 1284 2655 Praterca
1323 2617 1514 2655 eorum
1540 2616 1662 2670 qua:
1704 2603 1913 2670 absque
1955 2604 2243 2672 complexu
2294 2605 2379 2657 di-

809 2678 1028 2754 cuntur,
1058 2691 1205 2744 aliud
1232 2702 1319 2746 est
1366 2694 1696 2757 substantia,
1731 2694 1878 2747 aliud
1903 2695 2202 2763 quantitas,
2229 2697 2378 2750 aliud

805 2780 1071 2848 qualitas,
1125 2781 1272 2832 aliud
1319 2782 1532 2841 relatio.
1581 2781 1724 2834 aliud
1775 2783 1890 2846 ubi,
1937 2783 2086 2836 aliud
2132 2786 2376 2852 quando.

805 2870 954 2923 aliud
987 2874 1147 2934 situs,
1190 2872 1336 2924 aliud
1383 2873 1602 2935 habere.
1655 2874 1801 2926 aliud
1833 2889 2014 2942 agere,
2066 2875 2212 2928 aliud
2247 2879 2376 2944 pati.

810 2960 876 3014 Et
901 2962 1208 3016 substantia
1237 2963 1458 3032 quidem
1485 2974 1570 3017 est
1589 2965 1738 3018 verbi
1765 2965 1939 3034 gratia
1961 2966 2145 3029 homo,
2169 2982 2374 3036 equus;

805 3054 1087 3120 quantitas
1116 3069 1247 3106 vero
1285 3055 1597 3117 bieubitale,
1637 3057 1984 3123 tricubitale;
2018 3059 2256 3124 qualitas
2294 3067 2380 3111 est

805 3143 1026 3208 album,
1063 3148 1483 3214 grammaticum
1518 3161 1677 3207 esse,
1721 3149 1911 3202 relatio
1963 3164 2094 3202 vero
2150 3150 2374 3218 duplex,
2404 3183 2446 3238 ο

803 3234 1136 3301 dimidium,
1188 3236 1401 3303 majus;
1449 3237 1540 3288 ubi
1576 3237 1771 3307 (locus)
1816 3254 1868 3291 v.
1921 3256 1975 3308 ε.
2021 3240 2280 3304 Athenis,
2320 3241 2376 3293 in

805 3326 1126 3391 academia;
1178 3326 1398 3394 quando
1442 3327 1702 3395 (tempus)
1741 3345 1754 3380 :
1803 3327 1918 3382 beri
1969 3345 2115 3382 anno
2158 3341 2378 3398 praetcr-

806 3415 988 3484 lapso;
1021 3416 1204 3470 situs:
1238 3432 1292 3470 v.
1338 3432 1420 3484 gr.
1463 3419 1634 3478 sedet,
1677 3420 1970 3482 consistit;
2017 3420 2234 3475 habitus
2269 3432 2374 3484 est,

804 3521 858 3557 ν.
893 3521 974 3573 gr.
1016 3505 1343 3567 calceatum,
1376 3507 1630 3560 vestitum
1662 3523 1822 3574 esse;
1863 3508 2040 3564 facere
2076 3527 2172 3564 seu
2215 3526 2378 3580 agere

802 3606 909 3660 est,
948 3611 1003 3649 v.
1031 3611 1084 3666 g.
1125 3612 1337 3662 secare,
1381 3613 1576 3663 urere;
1618 3600 1727 3668 pati
1783 3615 1912 3652 vero
1947 3609 2054 3662 est,
2083 3602 2256 3654 secari
2296 3602 2376 3654 vel

803 3687 1078 3741 comburi.
1133 3686 1575 3758 Unumquodque
1614 3691 1783 3760 igitur
1816 3693 2012 3746 horum
2055 3694 2377 3762 simpliciter

802 3779 1010 3833 dictum
1059 3794 1236 3849 neque
1281 3782 1564 3835 veritatem
1614 3783 1889 3852 signiﬁcat
1925 3799 2102 3851 neque
2148 3786 2374 3838 metula-

805 3872 988 3938 cium;
1020 3872 1304 3942 complexa
1333 3888 1464 3926 vero
1497 3876 1564 3927 ad
1597 3876 1829 3929 invicem
1864 3876 2145 3929 veritatem
2169 3877 2378 3944 signiﬁ-

801 3971 930 4020 caat
950 3973 1048 4019 aut
1087 3964 1462 4028 mendacium;
1495 3964 1641 4018 verbi
1664 3967 1834 4034 gratia
1861 3983 1874 4018 :
1901 3965 2073 4020 llomo
2109 3967 2372 4032 ambulat,

805 4056 891 4109 vel
919 4056 1068 4109 aliud
1093 4056 1375 4125 quidpiam
1405 4056 1698 4124 ejusmodi.
1732 4055 2167 4126 Propositionem
2189 4059 2333 4112 enim
2357 4075 2371 4111 :

804 4145 908 4201 Hic
935 4157 1110 4200 certus
1140 4147 1296 4200 homo
1323 4149 1562 4200 ambulat
1596 4159 1691 4202 aut
1716 4165 1900 4203 veram
1925 4161 2018 4204 aut
2038 4150 2228 4206 falsam
2247 4165 2371 4206 esse

800 4256 1027 4296 necesse
1051 4251 1154 4293 εει.

1040 4327 1371 4396 ρωεδτιο
1407 4327 1740 4384 CXXXVIII.
1781 4329 2112 4402 (σιδίων.)

1373 4423 1449 4475 De
1477 4421 1794 4476 substantia.

2478 601 2598 654 καθ’
2625 601 2986 669 ὑποκειμένου
3029 603 3199 670 ἧγουν
3245 605 3594 670 συνωνύμως,
3634 603 3736 654 ὅσα
3781 600 3927 652 κατὰ
3955 600 4047 653 τοῦ

2477 697 2950 765 κατηγορουμένου
2981 694 3222 762 λέγεται,
3263 694 3438 746 πάντα
3469 695 3560 746 καὶ
3598 693 3740 747 κατὰ
3786 692 3888 745 τοῦ
3914 693 4048 743 ὑπο-

2477 786 2727 856 κειμένου
2752 785 2829 854 (8)
2871 785 3200 856 ῥηθήσεται*
3232 778 3347 836 οἷον
3401 783 3687 854 ἄνθρωπος
3717 786 4049 851 κατηγορεῖ-

2475 895 2566 930 ται
2603 877 2697 931 τοῦ
2711 894 2857 940 τινος
2884 876 3192 947 ἀνθρώπου,
3227 875 3288 927 τὸ
3306 875 3363 927 δὲ
3387 873 3524 937 ζῶον
3544 876 3686 926 κατὰ
3709 874 3806 924 τοῦ
3839 873 4050 940 ἀνθρὼ-

2477 979 2580 1015 που
2609 963 2705 1017 καὶ
2731 965 2888 1032 δῆλον
2909 966 2991 1018 ὅτι
3014 965 3089 1032 (9)
3127 965 3223 1015 καὶ
3263 963 3406 1015 κατὰ
3439 961 3533 1014 τοῦ
3582 980 3728 1026 τινος
3754 962 4048 1030 ἀνθρώπου

2475 1055 2538 1106 τὸ
2569 1055 2709 1118 ζῶον
2734 1057 3240 1127 κατηγορηθήσεται
3263 1071 3280 1087 ⁶
3310 1057 3339 1108 ό
3376 1055 3484 1124 γάρ
3523 1071 3608 1118 τις
3637 1056 3937 1123 ἄνθρωπος
3959 1058 4050 1106 καὶ

2476 1149 2760 1218 ἄνθρωπός
2791 1151 2906 1202 ἑστι
2957 1148 3052 1200 καὶ
3101 1147 3259 1210 ζῶον.
3313 1146 3482 1198 Ὅταν
3511 1145 3568 1196 δὲ
3603 1147 3679 1215 μὴ
3712 1145 4050 1214 συνωνύμως

2478 1239 2850 1308 κατηγορῆταί
2894 1256 2948 1290 τι
3003 1239 3143 1292 κατά
3190 1254 3336 1299 τινος
3359 1236 3494 1306 (10),
3550 1235 3666 1288 ἀλλ’
3713 1235 4048 1306 ὁμωνύμως,

2477 1329 2575 1380 οὐκ
2609 1331 2842 1395 ἀνάγκη,
2880 1329 2978 1381 ὅσα
3009 1329 3151 1381 κατὰ
3182 1327 3276 1379 τοῦ
3307 1327 3791 1397 κατηγορουμένου
3810 1326 4049 1392 λέγεται,

2477 1420 2711 1472 τοσαῦτα
2741 1419 2853 1488 (11)
2882 1421 2978 1472 καὶ
3017 1419 3160 1471 κατὰ
3200 1417 3296 1470 τοῦ
3341 1419 3701 1487 ὑποκειμένου
3749 1417 4047 1483 λέγεσθαι·

2476 1503 2722 1580 οἷον·(12)
2755 1509 2818 1561 τὸ
2841 1510 3032 1562 λευκὸν
3058 1509 3445 1578 κατηγορεῖται
3471 1507 3780 1577 ὁμωνύμως
3815 1508 3918 1559 τοῦ
3946 1509 4051 1559 trdi-

2480 1617 2645 1669 ματος
2671 1616 2686 1630 ο
2717 1599 2907 1652 λευκὸν
2936 1601 3044 1669 γάρ
3072 1599 3233 1668 σῶμα
3260 1598 3480 1665 λέγεται
3506 1614 3520 1628 ’
3567 1601 3596 1650 ὁ
3616 1597 3673 1650 δὲ
3703 1599 3866 1666 λόγος
3885 1597 3917 1650 δ
3959 1600 4052 1650 ἐπὶ

2477 1691 2570 1744 τοῦ
2601 1690 2796 1744 λευκοῦ
2828 1692 2940 1759 (15)
2966 1690 3222 1744 οὐδέποτε
3251 1691 3484 1760 ἁρμόσει
3511 1689 3604 1742 ἐπὶ
3627 1689 3720 1743 τοῦ
3758 1691 4014 1760 σώματος
4033 1707 4049 1722 ο

2478 1782 2597 1835 εστι
2631 1783 2741 1852 γὰρ
2763 1784 2792 1835 ὁ
2818 1781 2974 1850 λόγος
2998 1781 3162 1834 αὑτοῦ
3200 1781 3398 1851 χρῶμα
3441 1782 3533 1834 καὶ
3565 1782 3700 1835 ἄλλα
3721 1782 3867 1847 τινὰ,
3905 1784 3968 1835 τὸ
3993 1783 4050 1835 δὲ

2409 1859 2450 1914 Β
2480 1871 2637 1941 σῶμα
2665 1871 2898 1942 φανερὸν
2921 1874 3006 1924 ὅτι
3037 1872 3138 1924 οὐκ
3167 1871 3282 1924 ἐστι
3308 1869 3506 1942 χρῶμα
3553 1873 3686 1941 (Ιό).

2549 1967 2638 2014 ια’.
2679 1963 2770 2013 Δεῖ
2808 1960 2864 2012 δὲ
2897 1961 2994 2014 καὶ
3034 1959 3192 2013 τοῦτο
3226 1961 3453 2025 ειδέναι,
3477 1963 3559 2014 ὅτι
3582 1961 3691 2014 τῶν
3714 1962 4053 2032 ἑτερογενῶν

2477 2053 2571 2105 καὶ
2600 2052 2676 2123 μὴ
2707 2051 2797 2104 ὑπ’
2825 2051 3031 2121 ἄλληλα
3083 2053 3432 2122 τεταγμένων
3469 2053 3652 2122 ἕτεραι
3679 2053 3758 2123 τῷ
3782 2054 3920 2106 εῖδει
3954 2055 4052 2104 καὶ

2477 2144 2534 2195 αἱ
2563 2144 2855 2214 διαφοραίο
2900 2138 3012 2196 οἷον
3059 2143 3198 2207 ζώου
3245 2145 3341 2198 καὶ
3373 2147 3699 2215 ἐπιστήμης.
3748 2145 3903 2200 Ζώου
3949 2146 4053 2214 μὲν

2477 2236 2587 2304 γάρ
2628 2235 2882 2306 διαφοραὶ
2918 2235 2980 2287 τὸ
3029 2234 3190 2298 πεζὸν
3226 2236 3322 2288 καὶ
3355 2235 3418 2288 τδ
3449 2235 3694 2305 ἔνυδρον,
3731 2235 4052 2306 ἐπιστήμης

2477 2326 2532 2378 δὲ
2563 2326 2786 2395 οὐδεμία
2815 2325 3054 2378 τούτων·
3085 2326 3148 2378 οὐ
3197 2325 3309 2395 γὰρ
3338 2325 3583 2396 διαφέρει
3612 2327 3898 2397 ἐπιστήμη
3927 2331 4054 2382 ἑπι-

2481 2418 2695 2487 στήμης
2719 2417 2799 2486 τῷ
2825 2417 3011 2481 δίπους
3040 2413 3180 2471 εἶναι
3207 2419 3340 2488 (15).

2551 2595 2640 2664 ιβ’.
2685 2597 2805 2648 Ἐτι
2845 2595 3026 2649 τοίνυν
3065 2597 3176 2650 τῶν
3229 2597 3400 2670 χωρὶς
3449 2598 3767 2668 συμπλοκῆς
3815 2599 4055 2669 λεγομέ-

2480 2705 2586 2740 νων
2616 2688 2725 2757 (16)
2763 2689 2823 2740 τὸ
2877 2688 2977 2758 μέν
3023 2691 3172 2742 ἐστιν
3220 2690 3402 2752 οὐσία,
3447 2690 3507 2743 τὸ
3553 2691 3610 2742 δὲ
3649 2691 3829 2753 ποσὸν,
3889 2693 3955 2743 τὸ
4000 2692 4054 2744 δὲ

2481 2778 2652 2840 ποιὸν,
2693 2781 2752 2828 τὸ
2797 2778 2854 2830 δὲ
2891 2780 3026 2845 πρός
3064 2796 3116 2830 τι
3138 2817 3153 2840 ,
3183 2780 3245 2831 τὸ
3286 2780 3342 2832 δὲ
3373 2779 3507 2841 τιοῦ,
3536 2781 3598 2832 τὺ
3621 2781 3677 2832 δὲ
3709 2780 3831 2832 ποτὲ
3852 2819 3871 2841 ,
3901 2782 3969 2833 τὸ
4000 2782 4054 2833 δὲ

2481 2868 2724 2928 κεῖσθαι,
2770 2869 2830 2920 τὸ
2862 2869 2920 2921 δὲ
2967 2868 3132 2938 ἔχειν,
3179 2868 3240 2920 τὸ
3272 2870 3331 2920 δὲ
3379 2873 3573 2935 ποιεῖν,
3602 2872 3663 2923 τὸ
3701 2871 3756 2923 δὲ
3787 2873 4050 2940 πάσχειν.

2479 2958 2590 3009 Καὶ
2634 2957 2782 3010 ἔστιν
2835 2959 2990 3012 οὐσία
3039 2960 3138 3028 μὲν
3174 2953 3284 3012 οἷον
3319 2960 3636 3030 ἄνθρωπος,
3687 2963 3847 3023 ἵππος
3892 2965 4049 3032 (17)·

2479 3049 2644 3103 ποσὸν
2662 3049 2717 3101 δὲ
2749 3044 2862 3103 οἷον
2879 3050 3102 3119 δίπηχυ,
3129 3051 3365 3120 τρίπηχυ
3391 3071 3405 3084 -
3432 3054 3582 3106 ποιὸν
3611 3048 3805 3116 δὲ,οἷσν
3828 3055 4049 3117 λευκὸν,

2479 3144 2862 3210 γραμματικόν
2888 3144 3022 3212 (l8'r
3049 3145 3183 3212 πρός
3215 3161 3266 3196 τι
3295 3141 3502 3206 δὲ,οἷον
3523 3147 3822 3211 διπλάσιον,
3844 3149 4052 3217 ἣμισυ,

2483 3231 2668 3300 μεῖζον
2691 3250 2705 3264 '
2737 3233 2838 3285 ποῦ
2871 3231 3066 3297 δὲ,οἷον
3100 3238 3156 3287 ἐν
3177 3235 3445 3304 Ἀθήναις,
3478 3240 3534 3289 ἐν
3565 3239 3840 3307 ἀκαδημίᾳ
3864 3255 3882 3270 ·

2476 3323 2556 3386 δὲ,
2577 3319 2690 3375 οἷον
2717 3325 2866 3393 χθὲς,
2900 3326 3118 3393 πέρυσι’
3142 3327 3352 3380 κεῖσῡαι
3385 3325 3578 3393 δὲ,οἷον
3606 3330 3860 3398 κάθηται,
3900 3333 4038 3386 ἱστα-

2477 3433 2566 3468 ται
2597 3433 2611 3446 ο
2642 3417 2788 3484 ἔχειν
2819 3417 2899 3483 δὲ,
2931 3415 3045 3471 οἷον
3100 3419 3453 3474 ὐπώεδέσῡαι
3501 3422 3614 3490 (19)
3635 3462 3650 3482 ,
3697 3423 4047 3478 ἑνδεόὖαῡαι·

2477 3510 2627 3559 ποεῖν
2657 3504 2852 3570 δὲ,οἷον
2879 3509 3118 3580 τέμνειν,
3146 3511 3351 3564 καίεινο
3392 3513 3621 3580 πάσχειν
3641 3508 3834 3573 δὲ,οἷον
3854 3517 4036 3584 τέμνει

2480 3598 2640 3662 σοαι,
2682 3599 2928 3651 καίεσθαι
2974 3601 3110 3670 (211).
3141 3601 3410 3654 Ἐκαστον
3461 3598 3556 3654 οὖν
3589 3604 3698 3654 τῶν
3730 3605 4048 3672 εἰρημένων

2479 3687 2684 3739 ἁπλοῦν
2726 3689 2823 3756 μὲν
2857 3688 2970 3758 (21)
3018 3690 3306 3759 λεγόμενον
3347 3691 3457 3744 οὔτ’
3502 3693 3755 3758 ἀλήθειαν
3789 3699 4044 3764 σημαίνει

2475 3779 2597 3830 οὔτε
2630 3779 2855 3848 ψεῦδοςο
2913 3782 3336 3852 συμπλεκόμενα
3364 3784 3424 3836 ὁὶ
3473 3785 3591 3854 μετ’
3630 3785 3876 3855 ἀλλήλων
3911 3788 4047 3856 (ἃ).

2474 3872 2733 3940 ἀλήθειαν
2779 3875 3092 3945 σημαίνειῆ
3134 3874 3366 3942 ψευδος·
3414 3870 3527 3928 οἷον
3563 3876 3847 3945 ἄνθρωπος
3885 3896 4042 3948 περι-

2474 3967 2670 4029 πατεῖ,
2693 3966 2726 4030 ἢ
2758 3965 2886 4018 ἄλλο
2905 3983 2959 4018 τι
2983 3965 3093 4017 τῶν
3114 3965 3372 4018 τοιούτων
3391 3983 3404 3995 ’
3431 3968 3493 4018 τὸ
3513 3967 3621 4034 γὰρ
3643 3968 3727 4029 τὶς
3752 3969 4044 4035 ἄνθρωπος

2477 4055 2769 4122 περιπατεῖ
2797 4055 3009 4123 ἀνάγκη
3039 4055 3072 4125 ἢ
3099 4055 3212 4123 (25)
3244 4053 3440 4124 ἀληθὲς
3471 4049 3611 4108 εἶναι
3635 4056 3671 4126 ἢ
3696 4055 3922 4125 ψεῦδος.

2991 4333 3323 4386 ΕΡΩΤΗΣΙΣ
3359 4336 3444 4388 ΡΛ
3452 4336 3533 4390 ιιι.

3049 4427 3186 4495 Περὶ
3219 4429 3455 4493 οὐσίας.

1860 4516 2000 4566 Nunc
2024 4519 2233 4580 primum
2257 4520 2386 4568 edita
2414 4534 2440 4568 a
2467 4521 2525 4570 l).
2555 4522 2977 4583 llergcnroether.

873 4600 926 4653 1.
963 4599 1150 4653 Primo
1183 4599 1472 4654 dicendum
1497 4608 1583 4653 est
1613 4600 1680 4654 de
1701 4601 2026 4655 substantia.
2057 4603 2368 4657 Substzmtia

2548 4614 2617 4659 α’.
2663 4608 2880 4676 ΙΙρῶτον
2903 4608 2959 4659 δὲ
2981 4606 3172 4678 ῥητέον
3193 4607 3320 4675 περὶ
3342 4607 3549 4671 οὐσίας.
3591 4610 3650 4661 'H
3673 4611 3856 4664 τοίνυν
3881 4617 4036 4667 οὐσία

798 4691 962 4759 igitur
1008 4706 1114 4743 non
1165 4690 1466 4743 secundum
1497 4706 1658 4743 unam
1708 4693 2062 4761 eamdemque
2089 4695 2363 4748 notionem

797 4783 998 4838 dicitur
1025 4783 1354 4846 substantia,
1402 4781 1496 4834 sed
1524 4796 1626 4835 vox
1668 4795 1750 4839 est
1790 4798 1977 4837 earum
2018 4799 2083 4837 ex
2114 4800 2362 4849 numero,

2472 4697 2534 4749 οὐ
2561 4698 2697 4750 κατὰ
2731 4699 2860 4766 μίαν
2901 4699 2995 4749 καὶ
3021 4697 3120 4766 τὴν
3145 4697 3314 4765 αὐτὴν
3354 4699 3560 4749 ἔννοιαν
3602 4699 3818 4765 λέγεται
3848 4705 4035 4764 οὐσία,

2471 4785 2604 4838 ἀλλὰ
2628 4786 2736 4839 τῶν
2763 4785 3044 4855 πολλαχῶς
3071 4786 3378 4856 λεγομένων
3404 4787 3549 4839 ἐστὶν
3578 4789 3611 4856 ἡ
3642 4791 3797 4857 φωνὴ
3814 4832 3831 4854 ,
3864 4795 3919 4845 εἰ
3947 4793 4037 4846 καὶ

2302 4873 2534 4929 ΒΟΤΑΞ.

867 4963 942 5033 (8)
974 4962 1148 5016 Αὑτοῦ
1178 4962 1301 5015 add.
1331 4961 1542 5016 Monac.
1572 4962 1677 5022 bis,
1709 4961 1854 5029 quod
1873 4961 2025 5033 deest
2058 4965 2109 5012 in
2144 4959 2268 5016 Vat.
2303 4974 2357 5015 et

791 5051 882 5104 ap.
907 5031 1074 5089 Arist.
1109 5048 1228 5103 cap.
1256 5033 1311 5093 5,
1344 5035 1488 5101 quod
1526 5033 1634 5087 fere
1663 5035 1987 5086 verboteuus
2016 5031 2106 5084 hic
2157 5033 2354 5086 inscri-

797 5115 904 5158 tur.

863 5175 942 5242 (9)
971 5172 1080 5224 Καί
1101 5172 1256 5226 deest
1283 5172 1333 5224 in
1374 5171 1516 5224 illo".

863 5238 976 5310 (l0)
1009 5243 1072 5293 Τί
1105 5244 1243 5293 κατά
1276 5259 1416 5303 τινος
1449 5244 1601 5295 deest
1629 5241 1680 5293 in
1714 5238 1840 5294 Vat.

864 5313 974 5380 (11)
999 5311 1142 5380 Dion.
1174 5313 1376 5380 Πάντα.

868 5377 974 5449 (12)
1006 5379 1150 5434 Moti.
1184 5377 1307 5434 υἱον
1332 5382 1405 5444 ὡς
1436 5381 1496 5432 τὸ
1524 5379 1710 5434 λευκὸν
1735 5396 1858 5434 κατ.
1917 5381 2083 5450 ὁμων.
2141 5381 2218 5450 τῷ
2244 5382 2348 5433 σώ-

792 5469 942 5522 ματι.

859 5521 972 5590 (15)
999 5522 1302 5590 Λεγόμενος
1333 5520 1458 5574 add.
1489 5519 1696 5590 Monac.

861 5593 972 5661 (14)
1004 5589 1155 5645 Mon.
1189 5593 1309 5642 Ὀτι
1336 5591 1606 5661 οὑκ-εστιν
1630 5589 1823 5651 οὕτως.

891 5663 972 5728 15)
1007 5663 1138 5715 Cod.
1179 5661 1252 5712 Τὸ
1277 5661 1390 5712 διπ.
1422 5657 1521 5711 εἴν.
1548 5659 1671 5712 llaec
1697 5659 2066 5728 paragraphus
2112 5662 2259 5712 deest
2295 5661 2347 5710 in

784 5728 908 5786 cod.
938 5731 1080 5783 Non.
1112 5731 1278 5784 Arist.
1311 5745 1360 5783 c.
1405 5732 1456 5792 ’5,
1487 5730 1574 5800 (ll,
1603 5731 1738 5800 4,71).
1765 5731 1798 5781 2
1842 5732 1928 5783 ed.
1953 5728 2127 5800 Paris.
2167 5729 2346 5787 1818).

857 5801 966 5858 (Mil
997 5800 1141 5855 Μυιι.
1170 5801 1289 5854 Τῶν
1318 5803 1484 5867 χωρὶς
1508 5799 1822 5868 συμπλοκῆς
1851 5799 2158 5866 λεγομένων
2173 5815 2348 5863 πραγ-

2467 4964 2650 5031 μάτων
2678 4965 2739 5016 τὸ
2772 4982 2829 5031 μ.

2535 5037 2644 5099 (17)
2682 5036 2874 5096 Ἵππος
2899 5034 3051 5087 deest
3086 5035 3138 5087 in
3165 5034 3312 5088 Non.

2535 5105 2647 5170 (18)
2681 5105 2973 5178 Τρίττηχυ,
3015 5107 3422 5178 γραμματικόν,
3459 5119 3512 5161 et
3549 5111 3752 5178 reliqua
3779 5113 4030 5178 exempla

2463 5179 2792 5226 omittuntur
2822 5180 2874 5226 in
2929 5175 3098 5238 Matr,
3135 5177 3226 5227 ubi
3285 5193 3499 5245 semper
3535 5175 3698 5234 unum
3758 5175 4029 5233 duntaxat

2461 5247 2791 5311 exemplum,
2833 5247 2995 5314 idque
3027 5249 3260 5314 primum
3299 5264 3364 5300 ex
3423 5265 3584 5317 supra
3624 5250 3838 5318 positis,
3896 5253 4027 5304 alle-

2460 5329 2638 5380 gatur.

2531 5387 2576 5451 (1
2589 5387 2642 5447 υ)
2682 5383 2823 5437 Mou.
2871 5386 3230 5442 ἰ’ποδὲδεται.

2533 5457 2642 5525 (20)
2678 5457 2867 5507 Καίειν
2892 5467 2942 5508 et
2978 5459 3226 5508 καίεπυαι
3258 5459 3437 5511 omitt.
3468 5457 3611 5511 Mou.

2530 5528 2642 5591 (21)
2675 5525 2793 5576 Μέν
2824 5527 2975 5578 deest
3010 5529 3060 5577 in
3086 5525 3231 5580 Μυιι.

2530 5597 2642 5663 (Ξῖ)
2682 5595 2825 5648 Non.
2863 5598 2988 5648 add.
3024 5598 3054 5664 ἢ
3089 5597 3246 5664 atqu.
3282 5600 3630 5665 σημαίσουσι.

2533 5667 2643 5726 (25)
2677 5667 2761 5737 ’11
2782 5668 2955 5719 omitt.
2992 5665 3133 5717 Mnn.
3169 5668 3292 5719 llzrc
3319 5671 3458 5737 apud
3495 5671 3660 5724 Arist.
3701 5669 3871 5735 leges.
3903 5685 3952 5727 ο.
3973 5670 4020 5722 ι.

2458 5735 2505 5804 (§
2531 5739 2631 5790 6-8
2654 5752 2706 5805 p.
2741 5735 2798 5800 2,
2817 5739 2900 5790 ed.
2935 5737 3109 5799 l’aris,
3139 5737 3319 5805 1848).
