4174 6450
727 382 832 446 771

1885 399 2149 461 ΡΗΟἸἹΙ
2191 405 2690 466 ΡΑΤΒΙΑΗΟΗᾹΞ
2717 407 2826 467 CP.

3876 409 3995 473 772

720 517 845 558 cum
905 503 1240 560 materiaiem
1291 520 1359 560 ac
1398 520 1720 579 corpoream
1781 516 2092 572 crassitiem
2169 519 2273 576 εσυ

2410 521 2616 592 χύτητα
2660 524 2726 592 τῇ
2765 519 2861 574 τοῦ
2905 520 3072 574 ἀΰλου
3101 519 3267 586 φύσει
3302 520 3694 577 ωνοικειοῦται
3743 523 3845 577 καὶ
3873 522 3994 578 «οὖν

718 594 890 663 giant,
927 601 1137 650 natura
1172 611 1353 650 rerum
1389 599 1827 659 immaterialium
1858 614 1913 660 et
1946 608 2300 679 incorporeo—

721 700 839 738 rum
875 696 1273 750 accensentur;
1307 703 1495 745 verum
1529 692 1632 748 hoc
1689 694 1921 752 alterius
1973 713 2039 754 ac
2068 699 2298 769 profun-

717 772 889 826 dioris
950 772 1332 842 disputationis
1389 785 1494 831 est.
1555 777 1712 844 Quod
1773 797 1906 838 vero
1955 794 2165 854 spectat
2227 788 2297 844 ad

718 859 1078 914 substantiam
1111 875 1177 915 ex
1213 862 1439 917 materia
1475 873 1528 918 et
1560 863 1738 922 forma
1768 872 2155 939 compositam,
2190 875 2297 929 alia

713 953 798 998 est
831 944 1155 1010 uniformis,
1200 962 1364 1017 quam
1412 959 1467 1005 et
1499 953 1801 1023 simplicem
1836 959 2111 1028 appellare
2152 963 2297 1017 sole-

714 1049 877 1100 mus,
921 1037 1027 1092 alia
1055 1054 1187 1094 vero
1235 1040 1619 1111 multiformis,
1649 1061 1811 1115 quam
1850 1058 1906 1103 et
1936 1052 2296 1120 compositam

715 1128 933 1196 proprie
962 1144 1370 1200 nuncupamus.
1405 1134 1638 1190 Rursum
1672 1138 1947 1208 simplices
1975 1142 2296 1199 substantiae

712 1215 835 1270 alias
864 1227 995 1272 sunt
1024 1234 1146 1289 qua:
1176 1231 1325 1277 recte
1356 1225 1796 1295 progrediuntur,
1827 1230 1945 1285 alite
1969 1247 2095 1300 qua:
2123 1233 2176 1287 in
2203 1248 2294 1288 or-

709 1307 834 1363 bern
877 1311 1238 1382 rediguntur;
1288 1329 1355 1369 ex
1403 1316 1492 1373 his
1519 1333 1646 1373 vero
1693 1322 1982 1389 postremis
2009 1323 2133 1378 alia:
2164 1339 2284 1381 mo-

715 1407 830 1454 tum
857 1401 930 1456 ab
955 1403 1166 1459 oriente
1190 1403 1244 1459 in
1281 1407 1622 1462 occidentem
1648 1410 1960 1479 perficiunt,
1989 1421 2050 1467 ut
2079 1415 2290 1484 sphaera

708 1507 833 1560 qua:
863 1493 1066 1548 dicitur
1093 1510 1203 1551 non
1248 1499 1459 1553 stellata
1488 1510 1544 1554 et
1575 1501 2071 1570 ipsametjixarum
2108 1505 2291 1561 stella-

706 1599 831 1638 rum
883 1585 1140 1654 sphaera;
1205 1587 1325 1643 alia:
1380 1604 1413 1643 e
1466 1606 1732 1646 converso
1783 1593 1853 1646 ab
1899 1595 2186 1652 occidente
2234 1597 2288 1653 in

706 1677 970 1732 orientem
995 1681 1292 1735 motionem
1327 1679 1554 1745 faciunt,
1581 1693 1640 1736 ut
1660 1697 1782 1753 quae
1801 1684 2059 1741 dicuntur
2070 1699 2285 1759 septem

705 1763 1048 1831 planetarum
1080 1767 1309 1834 sphaera
1333 1779 1350 1820 :
1371 1768 1798 1825 substantiarum
1827 1787 1977 1840 vero,
1994 1791 2117 1845 qua:
2142 1785 2288 1833 recte

2407 615 2747 685 ἁσωμὰτωνυ
2777 612 2914 667 ἀλλὰ
2957 610 3121 667 τοῦτο
3165 612 3266 682 μὲν
3315 604 3503 684 ἑτέρου
3536 616 3631 668 καὶ
3675 616 3990 686 βαθυτίριυ

2405 704 2584 773 λόγου.
2629 705 2741 774 Τῆς
2785 704 2843 758 δέ
2881 720 2948 774 γε
2999 703 3058 771 ἐξ
3091 704 3226 774 ὕλης
3269 705 3363 758 καὶ
3395 705 3572 770 ετδους
3604 710 3990 778 συγκειμένης

2404 795 2592 858 οὐσίας
2618 797 2652 865 ἡ
2685 795 2787 864 μιν
2808 797 2925 849 ἔστι
2956 795 3255 866 μονοειδὴς.
3287 798 3356 863 ἢν
3379 797 3473 851 καὶ
3499 797 3676 867 ἁπλῆν
3705 796 3990 866 εἰώθαμεν

2404 886 2620 939 καλείνο
2650 888 2684 956 ὴ
2711 887 2768 942 δὲ
2799 887 3087 958 πολυειδὴς
3106 927 3122 950 ,
3161 890 3231 959 ὴν
3261 889 3356 941 καὶ
3395 887 3652 942 σύνθετον
3679 888 3833 952 ἰδίως
3876 906 3989 943 κα-

2403 976 2623 1047 λοῦμεν.
2664 977 2826 1032 Ἀλλὰ
2849 979 2952 1049 τῆς
2985 978 3164 1049 ἁπλῆς
3193 979 3358 1033 πάλιν
3386 979 3577 1042 οὐσίας
3607 981 3644 1050 ὴ
3693 979 3795 1051 μιν
3829 981 3988 1034 ἐστιν

2406 1066 2717 1139 ἰθυφορικὴ,
2752 1069 2786 1137 η
2809 1068 2867 1122 δὲ
2896 1067 3288 1140 κυκλοφορικὴ,
3312 1069 3414 1122 καὶ
3437 1069 3538 1139 τῆς
3566 1068 3987 1140 κυκλοφορικῆς

2400 1158 2434 1225 ἠ
2473 1156 2571 1225 μὲν
2599 1156 2700 1227 τὴν
2730 1157 2826 1210 ἀπ’
2855 1157 3121 1228 ἀνατολῆς
3150 1158 3243 1211 ἐπὶ
3273 1157 3424 1212 δύσιν
3454 1159 3669 1230 κίνησιν
3695 1165 3945 1215 ποιεῖται
3965 1199 3984 1224 ,

2398 1245 2539 1316 ou.
2579 1245 2846 1319 λεγομένη
2883 1249 3151 1320 ἁναστρος
3185 1251 3420 1320 σφαῖρα,
3473 1252 3568 1303 καὶ
3607 1248 3749 1322 αὕτη
3787 1253 3822 1321 ὴ
3866 1252 3987 1305 τῶν

2398 1335 2686 1390 ἀπλάνων·
2722 1337 2757 1406 ὴ
2796 1338 2858 1391 δι
2880 1338 2941 1391 τὸ
2978 1337 3248 1392 ἀνάπαλιν
3269 1338 3377 1391 ἀπὸ
3416 1339 3624 1403 δύσεως
3658 1339 3748 1392 ἐπ’
3774 1342 3985 1394 ἀνατο-

2397 1425 2514 1497 λὴν,
2549 1426 2624 1490 ὡς
2667 1429 2722 1480 al
2765 1426 3056 1498 λεγόμεναι
3077 1427 3188 1482 τῶν
3224 1430 3366 1482 ἑπτὰ
3396 1428 3766 1500 πλανωμένων
3805 1433 3985 1499 σφατ-

2401 1534 2524 1587 ραι·
2575 1517 2676 1587 τῆς
2721 1517 2779 1570 δὲ
2824 1517 3201 1589 ίθυφορικῆςὴ
3239 1519 3340 1588 μὲν
3376 1519 3486 1573 ἀπὸ
3514 1519 3612 1573 τοῦ
3653 1521 3820 1590 μέσου
3853 1522 3985 1589 ἦτοι

2395 1607 2489 1661 τοῦ
2522 1608 2674 1663 κάτω
2705 1609 2931 1680 φέρεται
2965 1610 3102 1681 πρὸς
3129 1611 3198 1664 τὰ
3229 1610 3364 1674 ἄνω,
3391 1613 3425 1681 ὴ
3463 1610 3520 1663 δὲ
3550 1611 3820 1664 ἀνάπαλιν
3862 1613 3984 1665 ἀπὸ

2394 1698 2503 1752 τῶν
2527 1699 2643 1753 ἄνω
2672 1699 2806 1768 πρὸς
2833 1700 2903 1754 τὰ
2941 1702 3093 1754 κάτω
3111 1715 3127 1730 ⁸
3172 1702 3420 1756 κάτωθεν
3459 1702 3560 1770 μιν
3586 1700 3722 1772 πρὸς
3744 1701 3816 1754 τὰ
3858 1702 3984 1757 ἂνω

2393 1791 2523 1859 ἀὴρ,
2555 1788 2689 1861 πῦρ,
2718 1785 2795 1845 ὧν
2833 1791 2894 1845 τὸ
2935 1792 3049 1862 πῦρ
3097 1791 3234 1863 πρὸς
3259 1793 3353 1844 τὸν
3394 1791 3534 1864 ἀέρα
3562 1790 3816 1864 ξηρότητι
3853 1793 3982 1848 διαρ-

704 1853 1162 1924 progrediuntur,
1211 1857 1338 1912 alia:
1372 1873 1403 1912 a
1440 1859 1617 1914 medio
1648 1863 1730 1916 vel
1770 1862 1840 1917 ab
1879 1865 1991 1919 imo
2035 1865 2283 1922 feruntur

2392 1853 2702 1933 στίλλεται·
2737 1880 2942 1935 ἄνωθεν
3072 1853 3226 1937 κάτω
3251 1883 3398 1956 ὕδωρ
3425 1853 3520 1937 καὶ
3785 1887 3825 1956 ὴ
3860 1886 3978 1956 φύς

707 1943 774 1997 ad
804 1959 1064 2014 superna,
1095 1947 1217 2002 aliae
1249 1962 1280 2002 e
1312 1963 1582 2005 converso
1617 1967 1648 2006 a
1683 1954 1938 2023 supernis
1963 1959 2031 2010 ad
2059 1957 2284 2014 inferio-

706 2050 798 2100 ra;
830 2036 898 2090 ab
925 2036 1067 2090 infra
1096 2038 1163 2091 ad
1193 2054 1431 2108 superna
1459 2042 1633 2096 fertur
1657 2058 1752 2098 aer
1774 2054 1831 2099 et
1859 2046 2019 2116 ignis,
2048 2063 2282 2118 quorum

705 2140 896 2192 unum,
932 2125 1097 2195 ignis,
1126 2127 1196 2182 ab
1238 2143 1364 2183 aere
1406 2130 1651 2186 siccitate
1673 2132 1893 2201 differt;
1921 2137 1989 2190 ab
2023 2138 2134 2193 alto
2158 2155 2284 2194 vero

703 2215 770 2269 ad
794 2214 934 2270 infra
962 2216 1137 2273 fertur
1161 2234 1302 2290 aqua
1329 2230 1384 2276 et
1408 2231 1577 2290 terra,
1610 2241 1844 2296 quarum
1882 2241 2078 2286 natura
2103 2233 2284 2288 humi-

702 2309 872 2364 ditate
902 2308 1102 2365 differt.
1133 2309 1199 2365 Et
1227 2312 1364 2379 hac,
1396 2318 1632 2386 exempli
1659 2322 1867 2390 gratia,
1908 2323 1977 2377 de
2020 2325 2283 2382 substan-

702 2402 798 2468 tia,
849 2419 970 2475 ηοω
1014 2406 1241 2477 simplex
1278 2407 1509 2476 dicitur,
1545 2409 1692 2467 dicta
1723 2424 1908 2472 sunto.
1935 2401 2290 2488 Composita?

699 2508 820 2547 rnm
873 2510 1003 2550 vero
1055 2497 1482 2553 substantiarum
1535 2501 1642 2556 alia
1698 2511 1784 2559 est
1829 2506 2133 2575 sensitiva,
2175 2510 2281 2564 alia

698 2586 1058 2654 insensitiva;
1092 2591 1354 2646 sensitiva
1402 2593 1622 2663 quidem
1660 2604 1747 2651 est
1770 2611 1834 2652 ea
1868 2614 1991 2668 qua:
2028 2602 2282 2659 sensibus

700 2679 778 2733 uti
811 2689 935 2748 apta
959 2688 1079 2747 est;
1111 2681 1432 2736 insensitiva
1463 2699 1612 2748 vero,
1647 2702 1769 2756 qua:
1799 2688 1919 2743 sine
1956 2690 2067 2746 ulla
2092 2706 2282 2748 sensa-

699 2765 849 2820 tione
884 2774 1030 2820 recta
1078 2775 1195 2833 est;
1246 2767 1412 2838 hujus
1461 2770 1684 2839 quidem
1717 2774 1823 2828 alia
1851 2791 2030 2846 neque
2060 2779 2280 2833 nutriti-

699 2873 819 2910 vam
851 2856 1164 2912 facultatem
1195 2858 1343 2913 intus
1385 2859 1574 2925 habet,
1601 2871 1662 2916 ut
1689 2877 1844 2930 saxa,
1877 2865 2020 2936 ligna
2049 2875 2105 2922 et
2126 2883 2277 2938 qua:-

696 2960 916 3015 cunque
959 2947 1308 3018 hujusmodi;
1357 2950 1462 3005 alia
1498 2966 1626 3006 vero
1671 2969 1765 3023 per
1816 2956 1957 3012 hanc
1986 2958 2192 3029 regitur
2224 2968 2280 3015 et

696 3045 1059 3103 sustentatur,
1114 3039 1261 3093 velut
1299 3039 1529 3108 plantas.
1560 3043 1817 3113 virgulta,
1843 3047 2090 3114 gramina
2115 3059 2170 3103 et
2202 3049 2278 3105 si-

697 3124 868 3178 milia.
892 3123 1025 3190 Quae
1055 3141 1185 3181 vero
1209 3137 1462 3182 naturam
1487 3131 1648 3186 talem
1674 3132 1898 3197 habent,
1930 3142 1990 3189 ut
2020 3138 2274 3193 sensibus

697 3216 1020 3288 utiqueant,
1055 3219 1421 3294 ipsarqttoque
1451 3222 1787 3283 differentias
1824 3230 2162 3299 suscipiunt;
2189 3229 2274 3287 vel
2299 3215 2343 3272 ο

694 3313 841 3379 enim
870 3315 978 3367 vim
1022 3317 1420 3386 progressivam
1455 3318 1656 3373 habent
1683 3329 1737 3373 et
1761 3321 2083 3374 animalium
2113 3334 2274 3377 natu-

695 3418 812 3455 ram
846 3404 1206 3467 constituunt,
1236 3406 1320 3459 vel
1360 3420 1422 3460 ea
1457 3408 1739 3476 privantur
1783 3417 1947 3478 atque
1977 3410 2276 3482 zoophyto-

696 3509 819 3548 rum
855 3496 1220 3550 substantiam
1262 3497 1536 3563 efliciunt,
1572 3500 1698 3553 talia
1734 3515 1861 3554 vero
1908 3510 2038 3556 sunt
2070 3510 2272 3567 ostrea,

696 3586 940 3656 spongia
970 3595 1024 3640 et
1064 3588 1169 3641 alia
1201 3587 1397 3642 multa.
1432 3587 1753 3645 Substantia
1783 3600 1991 3656 autem,
2019 3608 2142 3661 quae
2167 3608 2272 3647 una

694 3690 818 3729 cum
851 3676 1108 3732 facultate
1133 3679 1385 3733 sensibus
1415 3680 1603 3734 utendi
1633 3682 1799 3735 etiam
1838 3684 1944 3736 vim
1971 3685 2274 3754 progressi-

696 3781 815 3819 vam
846 3767 1038 3822 sortita
1057 3778 1110 3822 et
1131 3768 1272 3823 hanc
1292 3770 1362 3824 oh
1390 3785 1612 3825 causam
1643 3770 1696 3824 in
1743 3773 2062 3826 animalium
2094 3774 2275 3843 specie

693 3857 989 3911 constituta
1018 3867 1125 3923 est,
1173 3860 1227 3913 in
1258 3860 1526 3916 rationale
1563 3873 1616 3916 et
1660 3865 1885 3917 rationis
1913 3879 2109 3934 expers
2133 3865 2272 3920 divi-

693 3948 844 4001 ditur
865 3957 920 4003 et
945 3949 1082 4002 duas
1119 3951 1333 4018 species
1359 3951 1608 4006 diversas
1635 3951 1817 4019 efficit,
1850 3953 2053 4008 animal
2084 3955 2274 4009 videli-

693 4023 779 4092 eet
806 4039 1094 4105 rationale,
1131 4040 1278 4111 quod
1335 4051 1420 4098 est
1466 4043 1652 4109 homo,
1708 4052 1763 4098 et
1806 4045 2009 4100 animal
2064 4049 2274 4102 ratione

696 4145 913 4195 carens,
955 4131 1102 4201 quod
1137 4133 1325 4204 plures
1376 4149 1595 4190 rursum
1640 4136 1973 4193 differentias
2021 4140 2266 4210 suscipit.

692 4221 901 4277 florum
939 4224 1084 4280 enim
1118 4225 1266 4280 aliud
1301 4236 1385 4281 est
1420 4235 1700 4293 terrestre,
1734 4229 1880 4285 aliud
1919 4233 2180 4298 natatile;
2218 4242 2274 4288 et

699 4315 896 4370 horum
934 4317 1216 4386 quodlibet
1253 4319 1449 4372 iterum
1480 4320 1740 4375 dividitur
1787 4333 1950 4392 atque.
1988 4326 2130 4379 ultra
2156 4325 2272 4380 haec

694 4408 889 4462 divisio
917 4409 1192 4477 procedit,
1231 4420 1290 4463 ut
1333 4410 1567 4465 breviter
1603 4411 1782 4465 dicant
1830 4429 1964 4495 neve
2004 4415 2060 4469 in
2094 4417 2269 4486 expli—

2385 1987 2471 2035 σις
2517 1972 2778 2042 ὑγρότητι
2805 1973 3101 2047 διενήνοχε.
3145 1978 3256 2031 Καὶ
3283 1977 3459 2033 ταῦτα
3494 1978 3591 2050 μιν
3617 1978 3693 2042 ὡς
3713 1981 3770 2032 ἰν
3796 1979 3978 2050 τύπῳ

2382 2059 2514 2132 περὶ
2549 2063 2650 2132 τῆς
2695 2061 2878 2134 ἁπλῆς
2913 2064 3214 2137 λεγομένης
3260 2067 3468 2144 οὐσίας.
3501 2069 3611 2139 Τῆς
3640 2069 3699 2122 δέ
3730 2085 3790 2137 γι
3831 2086 3974 2122 συν-

2382 2149 2537 2204 θέτου
2563 2153 2597 2224 ὴ
2641 2152 2742 2223 μὶν
2768 2153 3089 2226 αἰσθητικὴ,
3119 2158 3154 2226 ὴ
3177 2156 3235 2210 δὲ
3257 2158 3587 2230 ἀναίσθητος
3604 2176 3619 2190 ο
3661 2160 3972 2231 αἰσθητικὴ

2383 2243 2505 2313 μὲν,
2535 2245 2568 2315 ἡ
2594 2245 2882 2314 αἰσθήσεσι
2916 2249 3194 2316 πεφυκυῖα
3234 2249 3510 2320 χρῆσθαι,
3543 2250 3878 2322 ἀναίσθητος
3906 2253 3972 2306 δὲ

2380 2338 2415 2406 ὴ
2447 2336 2616 2408 χωρίς
2637 2354 2784 2401 τινος
2809 2338 3117 2408 αἰσθήσεως
3147 2340 3493 2414 διοικουμένη
3513 2356 3528 2373 ⁸
3556 2337 3624 2414 ἧς
3645 2344 3680 2412 ὴ
3706 2342 3802 2414 μὲν
3829 2343 3971 2398 οὐδὲ

2379 2429 2481 2498 τὴν
2505 2427 2806 2500 θρεπτικὴν
2842 2429 3072 2501 δύναμιν
3100 2431 3310 2487 ἐνδοθεν
3339 2432 3472 2504 ἔχει,
3506 2435 3584 2498 ὡς
3613 2433 3779 2500 λίθοι,
3813 2435 3972 2502 ξύλα

2380 2519 2477 2572 καὶ
2505 2520 2606 2573 ὅσα
2633 2519 2882 2587 τοιαῦτα,
2909 2524 2944 2593 ἡ
2970 2521 3028 2576 δὲ
3055 2524 3200 2577 κατά
3227 2524 3430 2596 ταύτην
3456 2527 3734 2581 διοικιίταί
3761 2543 3824 2580 τε
3862 2531 3974 2581 καὶ

2381 2609 2778 2680 διακρατεῖται,
2805 2608 2918 2665 οἷον
2946 2613 3111 2682 φυτὰ,
3143 2613 3358 2685 θάμνοι,
3391 2617 3519 2670 πόαι
3549 2618 3645 2670 καὶ
3672 2617 3739 2670 τὰ
3763 2617 3970 2687 ὅμοια.

2390 2700 2456 2753 Ἥ
2500 2701 2682 2770 μέντοι
2714 2703 2836 2767 ταῖς
2868 2704 3156 2776 αἰσθήσεσι
3197 2704 3361 2775 φύσιν
3406 2707 3606 2779 ἔχουσα
3651 2708 3974 2779 κεχρῆσθαι

2376 2791 2640 2863 διαφορὰς
2672 2795 2765 2848 καὶ
2795 2795 2933 2866 αὐτὴ
2975 2797 3282 2868 ἐπιδέχεται
3303 2813 3319 2830 ο
3353 2798 3386 2870 ῆ
3431 2799 3541 2869 γὰρ
3582 2798 3974 2871 μεταδατικὴν

2377 2885 2738 2955 προϐάλλεται
2768 2885 3001 2958 δύναμιν
3027 2888 3120 2942 καὶ
3141 2887 3253 2941 τῶν
3276 2887 3431 2952 ζώων
3461 2891 3738 2960 συνίστησι
3761 2891 3971 2960 φύσιν,

2375 2976 2409 3047 ἢ
2444 2978 2736 3050 ιστέρηται
2766 2977 2971 3048 ταύτης
2999 2981 3095 3032 καὶ
3117 2980 3218 3052 τὴν
3238 2981 3350 3034 τῶν
3380 2982 3674 3051 ζωοφύτων
3696 2983 3970 3037 ἀποτελεῖ

2374 3069 2564 3123 οὐσίαν
2581 3088 2595 3102 ·
2622 3071 2847 3125 τοιαῦτα
2871 3071 2930 3125 δέ
2967 3073 3113 3124 ἐστιν
3140 3071 3341 3144 δστρεά
3374 3090 3433 3126 τε
3464 3073 3562 3128 καὶ
3590 3075 3812 3143 σπόγγοι
3862 3078 3975 3129 καὶ

2376 3161 2546 3216 πολλὰ
2571 3162 2706 3216 ἄλλα
2727 3178 2742 3192 ο
2761 3165 2795 3234 ὴ
2824 3164 2883 3217 δὲ
2907 3165 3045 3234 μετὰ
3067 3164 3162 3218 τοῦ
3194 3164 3496 3236 κεχρῆσθαι
3523 3168 3643 3230 ταῖς
3666 3167 3974 3237 αἰσθήσεσι

2379 3251 2474 3302 καὶ
2501 3250 2600 3322 τὴν
2635 3251 3010 3323 μεταδοτικὴν
3032 3252 3263 3323 δύναμιν
3296 3255 3695 3323 προσειληφυῖα
3722 3256 3819 3307 καὶ
3865 3255 3971 3309 διὰ

2375 3338 2534 3395 τοῦτο
2583 3343 2663 3404 εἰς
2708 3341 2851 3406 ζῶον
2892 3342 3293 3406 εἰδοποιηθείσα
3339 3343 3418 3414 τῷ
3459 3343 3662 3412 λογικῷ
3709 3345 3802 3397 καὶ
3878 3346 3971 3416 τῷ

2374 3429 2555 3500 ἀλόγῳ
2582 3430 2872 3502 διαιρεῖται
2911 3432 3006 3486 καὶ
3043 3432 3139 3486 δύο
3186 3433 3302 3503 είδη
3336 3432 3766 3504 παρηλλαγμένα
3803 3435 3970 3489 ἁπο-

2375 3521 2540 3588 γεννᾷ
2560 3556 2576 3582 ,
2614 3520 2674 3571 τὸ
2705 3519 2924 3588 λογικὸν
2951 3519 3092 3584 ζῶόν
3123 3539 3300 3592 φημι,
3330 3522 3470 3594 ὅπερ
3497 3523 3644 3576 εστὶν
3675 3524 3704 3574 ό
3737 3522 3970 3595 ἄνθρω-

2376 3626 2498 3674 πος,
2557 3612 2650 3662 καὶ
2697 3610 2758 3662 τὸ
2799 3611 3022 3679 ἄλογον.
3057 3613 3087 3665 ὃ
3125 3616 3220 3666 καὶ
3258 3614 3477 3678 πλείους
3504 3613 3808 3685 ὶπιδὲχεται
3855 3615 3968 3678 τὰς

2374 3700 2674 3768 διαφοράς·
2704 3700 2910 3755 τούτων
2943 3702 3059 3773 (27)
3107 3705 3216 3773 γὰρ
3264 3705 3325 3758 τὸ
3364 3704 3466 3772 μέν
3499 3707 3614 3759 ἔστι
3656 3705 3844 3770 πεζὸν,
3899 3707 3970 3760 τὸ

2375 3789 2434 3843 δὲ
2462 3790 2660 3858 νηκτόν
2681 3806 2695 3821 ο
2726 3791 2823 3844 καί
2851 3791 3058 3844 τούτων
3100 3794 3332 3847 ἕκαστον
3352 3796 3729 3866 ἰπιδιαιρείται
3753 3797 3961 3859 πάλιν,

2375 3881 2470 3934 καὶ
2495 3881 2589 3933 ἐπὶ
2622 3881 2787 3934 πλέον
2815 3883 3114 3953 πρόεισινή
3158 3884 3322 3955 τομὴ,
3363 3885 3450 3938 ἴνα
3481 3886 3759 3955 συντόμως
3802 3889 3966 3941 εἴπω

2374 3974 2470 4026 καὶ
2498 3973 2574 4042 μὴ
2603 3975 2662 4027 ἑν
2695 3974 3055 4045 κατηγορίαις
3094 3975 3195 4046 τὴν
3227 3978 3357 4046 περί
3394 3975 3547 4041 ζώων
3570 3978 3810 4047 ίστορίαν
3858 3983 3960 4032 αἰ-

2374 4063 2494 4115 τίαν
2539 4063 2648 4133 ἔχω
2685 4065 3048 4133 ἀναγράφειν.
3090 4067 3201 4119 Καὶ
3234 4067 3373 4139 αὕτη
3407 4068 3508 4138 μὶν
3540 4069 3678 4122 κατά
3705 4085 3770 4137 γε
3800 4071 3963 4142 ἐμὴν

2374 4156 2637 4228 ἐπιϐολὴν
2683 4159 2718 4229 ῆ
2750 4175 2812 4211 τε
2857 4159 2968 4212 τῶν
3004 4160 3102 4228 τῆς
3147 4161 3338 4224 οὐσίας
3380 4163 3793 4232 σημαινομένων
3821 4163 3962 4218 Gea-

2375 4247 2538 4317 στολὴ
2573 4249 2669 4302 καὶ
2709 4249 2808 4319 τῆς
2833 4248 2910 4313 ὡς
2936 4251 3093 4319 γένος
3116 4252 3197 4315 είς
3226 4252 3342 4323 είδη
3379 4253 3714 4324 τεμνομένης
3737 4253 3963 4324 διαίρε-

2376 4353 2460 4401 σις
2483 4352 2497 4366 ο
2529 4339 2679 4402 ὅπως
2699 4338 2758 4392 δὲ
2782 4339 2881 4401 τὰς
2911 4338 3083 4403 λαϐὰς
3107 4341 3141 4408 ἠ
3179 4341 3404 4412 τοιαύτη
3431 4343 3634 4414 θεωρία
3652 4343 3964 4410 διαπέφευ-

2371 4443 2488 4496 γεν.
2542 4424 2632 4489 αῖς
2670 4429 2722 4482 οί
2768 4429 3249 4500 ἐπικεχειρηκότις
3299 4433 3501 4503 ἑτέρως
3557 4434 3784 4503 διαιρεῖν
3841 4436 3961 4508 τὴν

697 4500 888 4555 candis
912 4502 1204 4572 categoriis
1236 4501 1520 4556 historiam
1554 4506 1857 4559 naturalem
1904 4506 1971 4561 de
2016 4508 2268 4563 animali-

2384 4519 2559 4574 n’mfav
2585 4519 2919 4585 ἁλίσκονται,
2945 4521 3039 4576 καὶ
3064 4522 3256 4592 ἐφόσον
3286 4525 3347 4577 τὸ
3369 4500 3623 4594 ipsum“
3649 4500 3786 4596 αὐτῇ
3813 4500 3961 4581 συν-

692 4593 795 4647 bus
825 4601 1158 4648 tractaturus
1179 4607 1303 4649 esse
1328 4594 1533 4650 videar.
1564 4593 1631 4649 Et
1653 4597 1768 4652 hac
1789 4612 1855 4651 ex
1886 4613 2020 4653 mea!
2045 4600 2265 4669 quidem

2384 4612 2688 4682 εισφέρεται
2707 4652 2723 4679 ,
2768 4613 2803 4684 ἢ
2832 4615 2930 4667 καὶ
2954 4614 3051 4668 νῦν
3086 4616 3284 4669 αὐτίκα
3311 4593 3441 4682 ίσως
3467 4616 3501 4686 ὴ
3531 4617 3626 4670 καὶ
3656 4593 3960 4686 προίόντος

693 4683 894 4740 mentis
930 4685 1152 4741 notione
1185 4695 1269 4741 est
1305 4685 1587 4742 distinctio
1630 4691 1909 4745 variarum
1954 4692 2266 4749 substantia

2368 4701 2428 4768 ιε
2473 4702 2687 4757 ἑαυτῶν
2729 4705 3118 4773 ιπιγνώσισθι.
3182 4706 3320 4768 Ἀλλ’
3375 4709 3410 4779 η
3456 4708 3556 4778 μὲν
3597 4709 3699 4778 τῆς
3749 4709 3958 4776 οὐσίας

691 4775 1150 4846 significationum
1179 4777 1553 4848 ejusdemque,
1602 4794 1724 4848 quze
1753 4789 1812 4834 ut
1840 4796 2012 4850 genus
2051 4783 2106 4837 in
2145 4798 2268 4854 spe-

2384 4793 2630 4865 ἰιαίρεσις
2656 4796 2751 4850 καὶ
2775 4795 2805 4850 ό
2831 4796 3128 4867 προσήκων
3152 4798 3290 4871 αὐτῇ
3319 4775 3476 4868 λόγος
3512 4801 3609 4854 καὶ
3696 4800 3805 4855 τῶν
3832 4818 3956 4874 ση-

691 4865 804 4918 cies
848 4863 1133 4932 dividitur,
1177 4867 1416 4937 partitio.
1465 4866 1587 4934 Quo
1634 4884 1764 4924 vero
1800 4883 1960 4941 pacto
1992 4873 2264 4942 ejusmodi

2369 4887 2715 4957 μαινομένων
2741 4886 2996 4959 διαστολὴ
3020 4890 3078 4942 ιν
3105 4888 3334 4951 τούτοις.

690 4958 939 5011 doctrina
1005 4957 1248 5052 defectus
1305 4959 1434 5052 illos
1494 4961 1772 5032 eﬂ‘ugerit,
1821 4966 2022 5035 quibus
2069 4968 2291 5026 obnoxii
2331 4987 2459 5030 sunt
2493 4980 2587 5049 qui
2615 4979 2774 5034 aliter
2798 4957 3161 5036 substantiam
3195 4982 3430 5052 dispesci
3493 4983 3854 5048 cenabantur.
3886 4997 3953 5042 et

690 5055 958 5116 quantum
1002 5064 1064 5103 ea
1097 5051 1349 5106 utilitatis
1383 5052 1572 5108 afferat
1601 5062 1659 5109 et
1698 5055 1996 5126 impertiat,
2029 5060 2107 5114 vel
2137 5077 2284 5120 nunc
2321 5070 2506 5124 statim
2537 5072 2620 5126 vel
2668 5072 2895 5128 ulterius
2919 5073 3192 5144 progressi
3220 5051 3318 5143 per
3374 5088 3470 5129 vos
3536 5075 3687 5145 ipsos
3725 5090 3950 5149 cogno-

689 5143 872 5199 scetis.
921 5142 1120 5200 Verum
1160 5147 1227 5203 de
1280 5148 1601 5205 substantia:
1628 5152 1898 5210 divisione
1939 5165 1994 5209 et
2030 5156 2100 5212 de
2147 5165 2470 5232 congruenti
2510 5166 2617 5237 ipsi
2663 5166 2983 5225 definitione
3024 5142 3215 5241 atque
3276 5172 3345 5228 de
3382 5142 3948 5246 signifieatuum'dir

688 5240 949 5294 tinctione
969 5241 1272 5314 hucusque.

766 5328 815 5386 5.
857 5330 962 5387 Sed
985 5333 1305 5390 Aristoteles
1321 5336 1563 5405 quidem,
1588 5339 1848 5406 quoniam
1875 5343 2255 5410 particularem

2447 5343 2504 5397 '0
2529 5343 2713 5413 μέντοι
2737 5360 2799 5411 γι
2845 5346 3387 5421 Ἀριστοτέληςιϐε),
3415 5349 3539 5403 ιπιί
3574 5350 3677 5421 τὴν
3704 5352 3950 5425 μερικὴν

2202 5453 2431 5513 NOTAE.

759 5531 874 5600 (‘27)
900 5533 1099 5600 Apogr.
1133 5534 1323 5590 Τοῦτο.

759 5600 870 5669 (28)
912 5604 992 5674 Ah
1024 5600 1124 5658 hoc
1143 5607 1496 5674 paragrapho
1536 5623 1752 5661 rursum
1787 5608 2051 5663 habemus
2072 5608 2249 5665 Pbotii

689 5681 893 5750 textum
920 5673 980 5750 in
1136 5672 1597 5750 numeramus
1616 5677 1653 5750 f.
1679 5678 1748 5731 39
1770 5693 1820 5731 a.
1852 5697 1864 5732 :
1889 5680 2094 5750 Φωτίυυ
2124 5681 2253 5750 περὶ

2476 5617 3122 5704 μίερξκῆέφαριεάσειίρ
3169 5619 3224 5672 δὲ

2359 5669 2456 5752 τῆν
2476 5669 2488 5684 ’
2507 5669 2974 5759 μὲρᾶὴνόύᾶίαν
2996 5669 3242 5759 όρίζεται

2376 5545 2518 5623 ᾉλὶΰ
2547 5539 2827 5623 οὗτοςμὲν
2849 5549 2877 5600 ό
2908 5548 3136 5623 optatio;
3157 5552 3250 5623 καὶ
3277 5553 3339 5623 τῇ
3375 5551 3606 5606 καθόλου
3635 5553 3793 5623 οὐσίᾳ
3835 5549 3951 5610 καὶ

3298 5622 3696 5696 Ἀριστοτέλης,
3742 5622 3946 5696 ἐπειδὴ

3304 5637 3354 5673 Ἀ
3399 5637 3696 5696 ιστοτελης,
3742 5637 3946 5696 επεισὴ

3304 5637 3476 5762 tu?qu
3528 5694 3590 5746 ἑν
3641 5696 3759 5755 ταῖς
3798 5710 3946 5748 m-

685 5740 910 5827 ούσίξιςς
945 5743 1117 5827 Obuia
1137 5745 1232 5827 ἐπὶ
1248 5740 1479 5827 πραγμᾶ
1506 5747 1888 5827 αρρύπαρκτον
1923 5740 2251 5827 μὴ-δεόμὲτ
2355 5740 2606 5823 ηγορίαις
2641 5740 2826 5827 φησιν.

687 5825 778 5863 νον
805 5811 988 5884 ἑτέρου
1016 5813 1153 5884 πρὸς
1210 5811 1461 5886 ὓπαρξιν.
1523 5817 1679 5886 (Vide
1728 5811 1900 5889 ⁷ευυηι
1924 5811 1964 5888 ’δ
1986 5811 2066 5887 ’2,
2102 5811 2247 5892 ill-ll.)
