4174 6450
156 358 250 421 793

1123 352 1223 410 AD
1258 345 1848 409 AMPHILOCHIUM
1892 344 2241 417 QUIESTIO
2288 346 2489 406 CXLI.

3272 348 3377 410 794

153 471 237 524 λον
274 471 365 524 καὶ
403 465 589 541 ἥττον’
623 468 674 521 εί
719 467 819 537 μὲν
861 464 972 534 γὰρ
1006 461 1317 532 συγκρίνεις
1352 459 1415 513 τδ
1442 458 1708 528 τρίγωνον

1818 458 2081 526 qualitate
2107 456 2321 520 aﬂ‘ecta,
2348 472 2456 510 non
2479 464 2611 511 sunt
2632 456 2808 527 magis
2840 464 2894 512 ct
2917 458 3119 513 minus.
3152 457 3208 513 Si
3230 462 3376 513 enim

150 563 278 632 πρὶς
300 563 361 615 τὸ
388 562 764 631 τετράγωνον,
790 557 854 609 οὐ
896 556 1113 624 λέγεται
1148 552 1347 622 μᾶλλον
1374 549 1472 602 καὶ
1502 543 1663 618 ἦττον
1685 564 1703 580 ο

150 651 253 705 οὐδ’
278 653 413 714 ὅλως
447 653 557 721 γὰρ
580 649 754 704 causa
788 646 926 700 καθὸ
952 644 1217 715 τρίγωνον
1247 640 1344 695 καὶ
1368 638 1707 711 τετράγωνόν

148 743 279 805 ἐστι,
296 743 663 813 συγκρίνεταν
683 738 778 791 τοῦ
798 736 908 807 γὰρ
929 733 1096 789 αὑτοῦ
1114 733 1195 785 δεῖ
1216 733 1284 786 τὰ
1307 730 1708 801 συγκρινόμενα

154 831 391 899 μετέχειν
432 829 723 899 ὀνόματος·
753 828 804 880 εί
837 826 896 879 δὴ
921 821 1235 891 συγκρίνεις
1275 820 1543 891 τρίγωνον
1571 818 1707 887 πρὸς

148 919 421 987 τρίγωνον,
441 919 476 988 ἢ
499 917 841 987 τετράγωνον
860 912 1000 984 πρὸς
1024 911 1389 979 τετράγωνον,
1406 910 1514 963 οὐδ’
1537 908 1709 972 οὕτως

152 1008 368 1079 θάτερον
399 1006 627 1077 θατέρου
661 1005 861 1076 μᾶλλον
903 1004 936 1072 ἢ
969 998 1133 1073 ἦττον
1174 1000 1499 1071 λεχθήσεται
1521 1015 1537 1031 ·
1578 1015 1711 1067 συγ-

152 1098 385 1168 κρίνεται
415 1096 515 1167 μὶν
543 1098 654 1166 γὰρ
677 1094 873 1158 ταῦτα,
892 1092 1009 1147 ἀλλ’
1035 1092 1158 1146 Emi
1178 1087 1460 1162 ὁμοτίμως
1479 1089 1573 1143 τοῦ
1598 1090 1714 1143 όνό-

156 1205 315 1256 ματος
336 1188 431 1240 καὶ
456 1186 551 1240 τοῦ
570 1183 801 1255 ὁρισμοῦ
822 1183 1005 1237 αὐτῶν
1026 1182 1097 1237 τά
1122 1199 1182 1235 τε
1203 1181 1519 1254 τετράγωνα
1547 1196 1713 1250 μετα·

136 1276 478 1345 -λαμὸἀνουσι
506 1275 603 1327 καὶ
627 1274 793 1327 πάλιν
820 1272 890 1326 τὰ
918 1272 1184 1343 τρίγωνα,
1214 1272 1305 1325 διὰ
1334 1270 1494 1324 τοῦτο
1523 1272 1582 1323 οὺ
1621 1269 1714 1324 δύ-

151 1382 303 1418 ναται
340 1363 596 1432 λέγεσθαι
636 1363 982 1433 τετράγωνον
1014 1360 1358 1432 τετραγώνου
1391 1362 1592 1430 μᾶλλον
1626 1378 1716 1414 τε-

148 1457 425 1525 τράγωνον
469 1455 504 1525 ἢ
546 1450 729 1526 ἧττον,
782 1453 898 1508 ἀλλ’
940 1451 1065 1505 οὐδὲ
1111 1452 1382 1523 τριγώνου
1425 1454 1713 1523 τρίγωνον.

152 1548 342 1617 Τρίτον
376 1546 505 1599 ἴδιον
532 1547 631 1615 τῆς
662 1544 970 1614 ποιότητος,
1005 1542 1067 1596 τδ
1107 1544 1296 1614 ὅμοιον
1334 1544 1432 1597 καὶ
1461 1544 1717 1613 ἀνόμοιον

1808 548 2142 618 triangulum
2164 562 2289 601 eum
2313 546 2693 617 quadrangulo
2712 564 3024 619 comparas,
3048 566 3157 605 non
3185 551 3385 604 dicitur

1810 641 1984 709 magis
2021 648 2079 695 et
2127 640 2351 705 minus;
2388 639 2505 695 hac
2547 640 2691 694 enim
2739 642 2889 696 nullo
2938 658 3163 712 prorsus
3202 652 3384 712 pacto,

1810 740 2085 801 quatenus
2110 739 2241 784 aunt
2269 730 2605 801 triangulum
2634 742 2689 786 et
2709 734 3167 805 quadrangulum,
3203 737 3270 787 ad
3301 736 3383 788 in-

1809 822 1982 877 vicem
2028 822 2337 891 comparari
2382 830 2649 891 possunt;
2692 823 2942 892 ejusdem
2980 826 3125 879 enim
3158 840 3221 878 ea
3260 840 3385 893 qua:

1810 922 2201 983 comparantur
2255 911 2498 967 nominis
2553 913 2837 985 participia
2877 914 2987 969 sint
3038 924 3272 985 Oportet.
3325 913 3383 967 Si

1810 1019 1943 1059 vero
1963 1019 2247 1074 comparas
2272 1004 2605 1074 triangulum
2638 1018 2761 1058 cum
2795 1004 3067 1075 triangulo
3092 1044 3107 1068 ,
3140 1005 3221 1057 vel
3250 1021 3385 1072 qua-

1811 1096 2140 1169 drangulum
2189 1112 2313 1151 eum
2354 1096 2763 1166 quadrangulo,
2802 1112 2979 1163 neque
3031 1098 3111 1151 sic
3150 1100 3381 1150 alterum

1771 1198 1775 1203 ‘
1815 1186 1987 1241 altero
2018 1186 2191 1256 magis
2223 1186 2307 1239 vel
2337 1185 2515 1238 minus
2547 1185 2778 1239 dicetur.
2820 1185 3226 1253 Comparantur
3260 1185 3386 1253 qni-

1815 1278 1937 1333 dem
1968 1279 2094 1341 ista,
2136 1277 2229 1331 sed
2260 1276 2388 1345 quia
2423 1274 2541 1345 pari
2581 1275 2747 1329 modo
2776 1284 2890 1329 tum
2926 1277 2981 1330 in
3013 1276 3237 1330 nomine
3270 1286 3385 1329 tum

1819 1371 1871 1423 in
1897 1368 2215 1423 dctinitione
2244 1382 2437 1421 eorum
2466 1366 2807 1421 consortium
2856 1368 3061 1420 habent
3108 1376 3221 1419 tum
3254 1381 3391 1434 qua-

1821 1459 2111 1530 drangula,
2146 1468 2260 1512 tum
2291 1473 2487 1512 rursus
2534 1456 2841 1525 triangula,
2886 1457 3094 1512 idcirco
3118 1459 3395 1527 quadrans

1819 1552 2007 1622 gulum
2031 1549 2413 1618 quadrangulo
2439 1549 2613 1619 magis
2634 1550 2722 1603 vel
2743 1550 2927 1603 minus
2953 1550 3391 1619 quadrangulum

149 1638 431 1706 λέγεσθαι·
454 1635 615 1689 τοῦτο
627 1636 687 1690 δὲ
710 1635 807 1691 καὶ
832 1634 943 1705 (67)
992 1634 1193 1706 κυρίως
1231 1635 1397 1688 τδιον·
1440 1635 1561 1688 κατ’
1588 1634 1719 1689 ἄλλο

1818 1643 1927 1697 dici
1965 1642 2191 1711 nequit,
2231 1640 2327 1695 sed
2360 1655 2534 1709 neque
2562 1641 2897 1710 triangulum
2934 1642 3227 1709 triangnlo.
3268 1640 3396 1693 Ter-

149 1729 259 1799 γὰρ
292 1728 442 1783 οὐδέν
483 1745 539 1782 τι
582 1727 694 1781 τῶν
745 1726 1055 1797 εἰρημένων
1111 1725 1227 1798 (68)
1266 1726 1451 1797 ὅμοιον
1477 1726 1716 1795 λέγεται,

150 1822 269 1875 ἀλλ’
293 1825 327 1892 ἢ
359 1820 502 1876 κατὰ
536 1820 636 1891 τὴν
657 1820 944 1889 ποιότητα.

225 2078 292 2141 ζ’.
334 2080 425 2130 Δεῖ
462 2078 519 2131 δὶ
565 2077 799 2143 εἰδέναι,
838 2078 923 2131 ὅτι
962 2079 1019 2131 αί
1053 2076 1397 2132 εἰδικώταται
1436 2078 1720 2149 ποιότητες

147 2169 320 2222 πᾶσαι
346 2167 453 2220 ὑπὸ
480 2167 579 2237 τὴν
612 2167 878 2237 ποιότητα
924 2167 1252 2234 ἀνάγονται,
1281 2167 1317 2238 ἧ
1363 2184 1423 2221 τε
1455 2182 1721 2238 γραμμα-

143 2258 294 2329 τικὴ,
320 2257 461 2328 φημὶ
483 2256 617 2326 (69),
646 2256 739 2309 καὶ
754 2259 787 2327 ἡ
808 2255 1121 2326 δικαιοσύνη
1141 2257 1236 2309 καὶ
1261 2258 1318 2309 αί
1340 2257 1525 2310 λοιπαὶ
1540 2256 1720 2310 ὡσαύ-

141 2366 289 2411 τως·
323 2350 379 2401 ai
426 2348 482 2400 δὲ
523 2349 885 2418 γενικώτεραι
917 2347 1030 2418 (70)
1065 2350 1161 2401 καὶ
1191 2348 1296 2402 ὑπὸ
1342 2349 1412 2402 τὰ
1458 2349 1593 2420 πρός
1641 2363 1716 2401 τι’

142 2441 185 2509 ἦ
206 2457 266 2492 τε
296 2440 400 2511 γὰρ
434 2439 712 2511 ἐπιστήμη
741 2438 852 2491 τῶν
882 2440 1019 2510 πρός
1048 2441 1100 2493 τί
1125 2441 1244 2493 ἐστι
1277 2441 1437 2512 (πρὸς
1463 2441 1570 2510 γὰρ
1596 2442 1719 2494 ἑπι-

145 2530 343 2600 στητὸν
372 2530 483 2601 (71)
506 2530 723 2599 λέγεται
748 2531 1024 2601 ἐπιστήμη
1039 2530 1083 2599 ),
1112 2531 1207 2585 καὶ
1233 2532 1399 2603 ήέξις
1430 2531 1588 2604 (πρὸς
1610 2531 1720 2602 γὰρ

1822 1734 1895 1788 tia
1918 1736 2226 1805 proprietas
2244 1732 2527 1802 qualitatis
2547 1742 2651 1795 est,
2676 1731 2857 1787 simile
2888 1740 2941 1783 et
2972 1729 3240 1783 dissimile
3260 1728 3390 1782 dici.

1745 1799 1794 1859 Β
1826 1799 1953 1879 Haec
1996 1799 2127 1878 vero
2165 1799 2383 1891 proprie
2415 1829 2499 1875 est
2545 1822 2894 1891 proprietas;
2921 1822 3220 1875 secundum
3248 1820 3395 1873 cnim

1822 1914 1968 1970 aliud
1990 1953 2007 1979 ,
2035 1927 2211 1984 quam.
2236 1912 2562 1981 qualitatem
2595 1910 2747 1980 inibit
2779 1910 3166 1979 pradictorum
3212 1909 3395 1965 simile

1821 2006 2045 2061 dicitur.

1891 2097 1948 2150 7.
1978 2096 2133 2151 Scire
2171 2104 2352 2149 autem
2387 2102 2599 2163 oportet
2646 2092 3071 2163 specialissimas
3102 2092 3397 2161 qualitates

1826 2202 2019 2244 omnes
2053 2188 2240 2242 reduci
2274 2186 2342 2241 ad
2376 2186 2719 2256 qualitatem,
2756 2186 3199 2255 grammaticam,
3226 2184 3396 2253 justi-

1828 2281 1997 2346 tiam,
2030 2280 2277 2349 aliasque
2329 2278 2616 2343 similiter;
2667 2278 3039 2347 generaliores
3093 2279 3401 2346 (universa-

1825 2372 2016 2442 liorcs)
2059 2386 2191 2426 vero
2220 2373 2383 2426 etiam
2429 2370 2494 2424 ad
2532 2370 2701 2424 relata
2730 2386 2745 2434 ;
2781 2370 3005 2423 scientia
3039 2368 3185 2422 enim
3223 2378 3399 2423 estex

1825 2464 2011 2518 relatis
2041 2464 2108 2517 ad
2138 2462 2345 2532 aliquid
2382 2462 2475 2531 (ad
2506 2460 2698 2515 scibile
2719 2460 2865 2515 enim
2892 2460 3091 2514 dicitur
3142 2460 3400 2529 scientia)

1829 2556 1911 2611 sic
1931 2564 1985 2610 et
2007 2556 2229 2610 habitus
2255 2553 2345 2615 (ad
2369 2553 2425 2608 id
2455 2553 2602 2623 quod
2638 2554 2873 2607 habetur
2894 2553 3097 2606 dicitur
3127 2553 3397 2620 habitus).

142 2621 306 2675 ἑκτὸν
333 2621 547 2691 λέγεται
576 2621 688 2688 ἕξις
713 2619 873 2694 [72]).
896 2620 1085 2677 Ταῦτα
1113 2623 1213 2694 μὲν
1228 2618 1321 2678 οὖν
1350 2624 1479 2695 περὶ
1509 2625 1723 2694 ποιότη-

1826 2650 2007 2719 Atque
2041 2648 2158 2703 haec
2190 2645 2259 2701 de
2288 2618 2555 2717 qualitate
2584 2644 2730 2699 dicta
2763 2644 2875 2700 sint

142 2728 239 2777 τος
278 2712 414 2784 (73).

655 2850 991 2907 ΕΡΩΤΗΣΙΣ
1029 2850 1123 2905 PM
1131 2850 1208 2905 A'.

638 2942 779 3011 Περὶ
812 2941 935 2996 τῶν
966 2942 1117 3010 πρός
1150 2957 1228 2995 τι.

2041 2830 2373 2911 ρυιεετιο
2411 2844 2596 2899 cxu.
2636 2843 2828 2916 [σοίει.
2862 2841 3141 2897 eLxxvzl
3175 2841 3191 2911 ι

2296 2936 2369 2990 De
2406 2938 2587 2989 relatis
2626 2937 2694 2987 ad
2730 2936 2951 3001 aliquid.

1190 3052 1333 3102 Nunc
1371 3050 1585 3115 primum
1615 3051 1748 3101 edita
1782 3066 1810 3101 a
1838 3052 1899 3102 D.
1921 3051 2352 3114 Hergenroether.

174 3212 179 3213 ,
217 3164 293 3212 α’.
332 3155 475 3227 Πρός
504 3156 559 3208 τί
593 3156 742 3209 ἐστιν
778 3155 892 3226 (74)
915 3194 931 3222 ,
973 3150 1053 3219 οἷς
1079 3155 1142 3207 τὸ
1185 3150 1324 3207 εἶναι
1375 3153 1569 3207 ταυτόν
1611 3155 1723 3205 ἐστι

1902 3155 1953 3207 1.
1985 3155 2239 3209 Relatum
2272 3154 2341 3209 ad
2375 3155 2581 3223 aliquid
2630 3162 2713 3208 est
2740 3193 2755 3221 ,
2789 3153 2947 3221 cujus
2992 3168 3111 3207 esse
3152 3154 3292 3205 idem
3321 3162 3407 3207 est

138 3250 230 3321 τῷ
262 3248 371 3320 (75)
414 3247 553 3319 πρός
585 3246 640 3300 τί
675 3265 791 3311 πως
832 3247 995 3317 ἔχειν·
1030 3247 1306 3300 τουτέστιν
1328 3240 1403 3301 ὧν
1426 3250 1459 3316 ἡ
1496 3246 1723 3316 ὖπαρξις

1830 3261 1893 3300 ac
1925 3254 2077 3300 certo
2111 3247 2349 3316 quodam
2389 3246 2552 3299 modo
2596 3246 2663 3298 ad
2692 3246 2899 3314 aliquid
2935 3259 2993 3298 se
3027 3243 3223 3298 habere
3248 3285 3261 3308 ,
3300 3244 3404 3298 hoc

146 3347 208 3391 ἀν
239 3342 308 3408 τῇ
341 3338 475 3409 πρὸς
501 3337 687 3409 ἕτερον
710 3336 892 3407 σχέσει
922 3338 1091 3389 ἐστίν’
1126 3333 1236 3391 οἷον
1267 3338 1340 3400 ὼς
1363 3337 1421 3389 τὸ
1444 3336 1723 3389 διπλάσιον

1829 3348 1934 3402 est,
1976 3340 2132 3407 cujus
2160 3340 2479 3393 cxsistentia
2512 3340 2564 3391 iu
2592 3338 2907 3391 habitudine
2946 3338 3012 3390 ad
3043 3337 3187 3390 aliud
3221 3338 3406 3390 consi-

1830 3432 1924 3485 stit
1952 3447 1966 3496 ;
2002 3430 2168 3486 veluti
2211 3432 2435 3500 duplum
2468 3440 2520 3484 et
2550 3430 2838 3483 dimidium
2868 3447 2884 3495 ;
2924 3445 3046 3482 nam
3077 3430 3303 3497 duplum
3348 3428 3402 3482 in

1832 3522 2150 3575 habitudine
2184 3522 2251 3576 ad
2292 3522 2577 3576 dimidium
2622 3522 3003 3577 exsistentiam
3048 3522 3209 3574 habet
3243 3530 3295 3575 ct
3324 3520 3409 3572 di-

1832 3617 2057 3670 midium
2096 3616 2149 3669 in
2184 3616 2503 3670 habitudine
2549 3617 2614 3670 ad
2660 3616 2931 3685 duplum;
2967 3615 3156 3684 sicque
3203 3610 3407 3681 pariter

1833 3717 1885 3759 et
1919 3708 1971 3760 in
2003 3708 2236 3761 czeteris.
2263 3706 2621 3762 Reducuntnr
2641 3718 2822 3761 autem
2849 3708 2915 3761 ad
2939 3708 3106 3761 relata
3132 3708 3407 3775 quaedam,

1832 3814 2064 3867 quorum
2098 3800 2203 3853 alia
2235 3799 2534 3853 secundum
2589 3800 2929 3854 identitatem
2970 3800 3226 3852 dicuntur
3256 3838 3268 3859 ,
3300 3798 3409 3851 alia

1834 3892 2136 3945 secundum
2186 3891 2647 3961 inaequalitatem,
2694 3892 2800 3945 alia
2839 3892 3143 3946 secundum
3176 3906 3405 3959 genera-

1834 3984 2059 4049 tionem,
2092 3984 2197 4038 alia
2224 3988 2526 4038 secundum
2556 3984 3052 4053 participationem,
3080 3982 3183 4034 alia
3212 3996 3411 4033 secun-

1834 4075 1963 4129 dum
1999 4076 2417 4146 subjectionem,
2446 4078 2553 4130 alia
2592 4077 2893 4130 secundum
2921 4073 3272 4141 passionem,
3304 4072 3410 4125 alia

1835 4166 2135 4220 secundum
2156 4166 2573 4235 judicationem,
2594 4166 2699 4219 alia
2728 4165 3029 4218 secundum
3059 4162 3409 4231 positionem,

139 3432 246 3483 καὶ
283 3431 395 3499 (76)
426 3429 486 3481 τὸ
517 3430 711 3498 ἥμισυ·
745 3429 805 3482 τὸ
842 3427 949 3498 γὰρ
988 3427 1270 3480 διπλάσιον
1311 3428 1369 3479 ὲν
1394 3428 1462 3496 τῇ
1496 3428 1633 3497 πρὸς
1668 3426 1728 3477 τὸ

135 3524 325 3591 ⁴ἥμισυ
355 3520 536 3588 σχέσει
578 3519 641 3572 τὸ
674 3514 814 3573 εἶναι
849 3519 962 3589 ἔχει
997 3517 1131 3589 (77),
1167 3519 1259 3571 καὶ
1290 3518 1350 3569 τὸ
1374 3518 1545 3586 ἥμισυ
1577 3518 1633 3567 έν
1664 3520 1727 3585 τῇ

136 3612 292 3681 πρὸς
342 3613 404 3662 τὸ
443 3608 725 3663 διπλάσιον
756 3610 890 3679 (78)’
934 3609 1194 3671 ὡσαύτως
1234 3608 1292 3661 δὲ
1340 3609 1436 3661 καὶ
1485 3609 1578 3661 ἐπὶ
1622 3608 1730 3660 τῶν

135 3704 353 3757 ἄλλων.
410 3701 751 3771 ’Υποδέῦηκε
794 3700 851 3752 δὲ
877 3701 988 3763 τοῖς
1037 3700 1173 3769 πρός
1213 3699 1267 3751 τί
1310 3716 1432 3752 τινα
1465 3700 1600 3769 (79),
1656 3693 1731 3753 ὧν

135 3795 218 3848 τὰ
260 3794 377 3862 (80)
430 3793 529 3860 μὲν
577 3793 717 3844 κατά
762 3792 1065 3860 ταυτότητα
1102 3790 1354 3857 λέγεται,
1396 3790 1468 3842 τὰ
1513 3790 1568 3842 δὲ
1610 3789 1728 3841 κατ’

135 3887 481 3955 ἀνισότητα,
528 3882 597 3936 τὰ
641 3881 700 3935 δὲ
742 3883 885 3935 κατὰ
930 3882 1185 3951 γέννησιν
1215 3882 1360 3952 (81),
1406 3881 1474 3933 τὰ
1502 3880 1561 3933 δὲ
1592 3881 1733 3934 κατὰ

140 3975 397 4047 μέθεξιν,
428 3975 498 4027 τὰ
535 3974 594 4028 δὲ
634 3974 776 4027 κατὰ
801 3974 1011 4041 ὕφεσιν,
1060 3973 1129 4024 τὰ
1158 3973 1213 4024 δὲ
1249 3972 1396 4025 κατά
1427 3971 1596 4034 πάθος
1617 4012 1631 4037 ,
1664 3969 1733 4023 τὰ

135 4072 205 4122 δὲ
254 4070 400 4124 κατὰ
439 4068 643 4137 κρίσιν,
682 4067 748 4119 τὰ
778 4066 834 4118 δὲ
862 4065 1003 4118 κατὰ
1032 4064 1203 4129 θέσιν,
1242 4064 1310 4116 τὰ
1348 4063 1405 4115 δὲ
1456 4063 1598 4115 κατὰ
1636 4060 1733 4131 τὴν

135 4160 293 4230 πρὸς
348 4158 409 4211 τὸ
450 4158 624 4226 ,γένος
667 4157 966 4226 ἀναφοράν·
1015 4154 1435 4225 παραδείγματα
1480 4152 1592 4224 (82)
1640 4151 1733 4205 τοῦ

136 4252 257 4322 μὲν
291 4250 433 4302 κατὰ
479 4248 817 4318 ταυτότητα,
854 4242 966 4299 οἷον
1006 4246 1117 4317 (85)
1158 4246 1311 4314 φίλος
1357 4245 1510 4313 φίλου
1546 4245 1723 4312 φίλος¹

1841 4257 1946 4311 alia
1970 4258 2272 4311 secundum
2303 4257 2516 4326 generis
2539 4257 2880 4311 relationem.
2913 4254 3168 4323 Exempla
3192 4267 3409 4316 eorum,

132 4347 249 4399 καί
299 4342 491 4413 ιχθρδς
537 4338 732 4410 ἐχθροῦ
780 4338 993 4408 ἐχθρὸς,
1054 4339 1151 4389 atat
1199 4338 1261 4389 τὸ
1314 4338 1500 4406 ὅμοιον
1562 4335 1723 4405 ὁμοίῳ

1836 4362 1967 4418 qua:
2004 4346 2304 4402 secundum
2339 4346 2675 4400 identitatem
2701 4345 2981 4404 dicuntur,
3018 4343 3226 4395 amicus
3248 4341 3411 4392 amici

131 4440 363 4505 ὅμοιον
389 4432 483 4485 τοῦ
511 4432 568 4485 δὲ
593 4431 714 4484 κατ’
742 4430 1039 4499 ἀνισότητα
1062 4428 1138 4492 ὡς
1160 4428 1221 4481 τὸ
1248 4429 1431 4498 μεῖζον
1455 4428 1723 4490 ἐλάττονος

1838 4439 2053 4494 amicus
2084 4448 2138 4493 et
2164 4438 2421 4491 inimicus
2458 4437 2663 4491 inimici
2703 4436 2980 4496 inimicus,
3022 4442 3076 4486 et
3120 4432 3299 4486 simile
3339 4430 3413 4482 si-

136 4528 349 4596 μεῖζον
383 4523 563 4576 καὶτὸ
587 4522 871 4575 διπλάσιον
898 4520 1144 4590 ἡμίσεως
1176 4519 1479 4573 διπλάσιον·
1520 4518 1574 4591 [ἦ
1611 4519 1723 4572 κατ’

1841 4526 1955 4580 mili
1979 4526 2195 4591 simile;
2224 4525 2344 4594 ejus
2363 4524 2507 4594 quod
2526 4534 2607 4578 est
2628 4521 2929 4577 secundum
2952 4518 3409 4588 inaequalitatem:

138 4619 391 4686 ἰσότητα
417 4616 493 4674 ὡς
538 4613 600 4666 τὸ
627 4609 747 4666 ἶσόν
774 4630 903 4675 τινι,
950 4612 1112 4684 τσοψ]
1150 4610 1245 4664 τοῦ
1287 4612 1344 4664 δὲ
1374 4612 1516 4664 κατὰ
1546 4612 1723 4680 γέννη-

1841 4616 2021 4684 majus
2061 4616 2263 4670 minori
2318 4614 2496 4684 majus
2530 4624 2584 4668 et
2631 4611 2859 4675 duplum
2927 4608 3141 4663 dimidii
3182 4610 3409 4674 duplum

135 4727 238 4763 σιν
267 4711 387 4784 (84)
414 4707 491 4772 ὼς
516 4710 698 4781 πατὴρ
724 4706 842 4763 υίοῢ
882 4712 1094 4779 ’πατήρ⁶
1118 4709 1211 4761 τοῦ
1243 4708 1301 4763 δὲ
1321 4708 1460 4762 κατὰ
1492 4708 1723 4779 μέθεξιν1

1854 4706 1999 4779 [ejus
2024 4707 2166 4779 quod
2211 4706 2512 4763 secundum
2550 4705 2947 4774 aequalitatem,
2979 4712 3039 4755 ut
3078 4701 3282 4769 aequale
3311 4698 3413 4751 ati—

1692 4862 1919 4920 ΝΟΤιΕ.

222 5052 348 5123 (67)
375 5052 468 5104 καί
502 5050 656 5104 deest
685 5050 740 5103 in
773 5048 916 5106 Mon.
942 5050 1034 5121 qni
1084 5065 1115 5103 ελ
1164 5047 1343 5103 verbis
1388 5046 1513 5101 illis.
1546 5046 1723 5117 Τρίτοι

224 5142 292 5176 ον
326 5122 512 5175 eadem
533 5120 715 5174 habet.

1916 5044 2005 5113 (75
2064 5043 2204 5097 Mon.
2235 5048 2312 5096 τό.

1914 5045 2028 5182 (76)
2052 5113 2193 5166 Μοη.
2228 5115 2260 5182 ἢ
2289 5131 2312 5165 τ

130 5112 292 5178 ῑδιὸν
326 5112 512 5175 eadem
533 5120 715 5174 habet.
959 5112 976 5121 ’
1596 5112 1608 5117 ⁷

1914 5112 2025 5184 (76)
2052 5113 2193 5166 Μοη.
2228 5115 2260 5184 ἢ
2289 5112 2349 5165 τὸ
2372 5113 2475 5184 νῆμ.

217 5191 346 5264 (68)
380 5190 526 5245 Ion.
551 5189 670 5243 κατ’
701 5188 830 5244 ἄλλο
860 5188 968 5258 γάρ
1011 5204 1064 5241 τι
1121 5185 1231 5240 τῶν
1287 5186 1591 5258 εἰρημένων
1645 5188 1732 5237 οὐ·
2060 5184 2203 5264 Moti.
2234 5177 2326 5264 sx.
2491 5183 2548 5233 τὸ
2569 5177 2731 5245 εἶναι,
2762 5182 2961 5251 ὁμοίως
2994 5198 3046 5232 κ.

128 5268 187 5282 με
226 5253 241 5264 “
328 5253 337 5261 ’
874 5253 883 5257 ’
939 5253 951 5258 ’
1344 5253 1354 5258 ⁷
1397 5253 1427 5257 ’-

126 5284 259 5318 ἕλεν.

1916 5255 2027 5322 (78)
2057 5255 2239 5321 σχέσει
2264 5254 2385 5306 add.
2416 5253 2559 5322 Moti.

1912 5314 2024 5392 (79)
2059 5314 2180 5375 τῖνά
2204 5324 2355 5376 deest
2388 5325 2441 5375 in
2489 5321 2634 5376 Mon.
2665 5339 2678 5386 ;
2715 5320 2839 5374 Vat.
2872 5314 2947 5373 ὧν
2982 5320 3079 5390 μὲν
3126 5318 3194 5371 τὰ
3232 5320 3327 5388 μὲν
3360 5337 3412 5370 κ.

1914 5395 2025 5463 (80)
2060 5393 2204 5446 Μοη.
2235 5394 2321 5446 hic
2346 5404 2399 5446 et
2429 5394 2479 5445 in
2508 5408 2662 5461 sequ.
2688 5392 2765 5442 τό.

1914 5458 2025 5533 (81)
2076 5463 2224 5518 Μυη.
2274 5458 2601 5533 εειιοιηιιίιιέ
2641 5460 2967 5515 vocabulum
3033 5458 3196 5513 habet
3263 5460 3415 5526 γένε-

1842 5553 1945 5587 σιν.

1910 5603 2021 5668 (8‘2)
2044 5602 2187 5656 Men.
2212 5602 2582 5673 παράδειγμα.

1918 5676 2026 5743 (815)
2062 5673 2203 5727 Men.
2230 5673 2323 5735 ὡς.

1914 5739 2025 5812 (84)
2055 5744 2178 5798 Haec
2209 5743 2362 5797 uncis
2389 5742 2601 5798 inclusa
2631 5743 2779 5798 solus
2817 5741 2975 5795 habet
3008 5739 3152 5795 Lion.

212 5335 347 5404 (69)
384 5332 527 5403 φημί
559 5332 739 5385 omitt.
762 5329 910 5404 Men.
939 5346 1114 5404 γραμἶ
1137 5327 1463 5404 καὶ-δικαιοσ

214 5399 349 5472 (Ἰυ)
388 5399 531 5472 Rion.
556 5402 770 5469 γενικαί
790 5418 803 5433 ο
835 5417 992 5468 sequ.
1022 5399 1122 5472 καί.
1146 5399 1323 5472 omitt.

212 5467 346 5544 (Ἡ)
373 5471 518 5544 Man.
659 5473 767 5541 γὰρ
788 5467 1081 5539 ἐπιστητοῦ
1111 5467 1161 5521 λ.
1191 5469 1224 5537 ἠ
1252 5470 1339 5519 ὲπ.

212 5541 346 5614 (72)
375 5541 519 5614 non.
558 5542 597 5614 η
622 5543 757 5607 ιξις.

214 5607 350 5680 (75)
376 5611 520 5665 Mon.
557 5607 621 5663 T.
656 5628 717 5679 μ.
750 5609 844 5663 οὖν
874 5611 930 5661 ὲν
956 5607 1185 5669 τούτοις.

211 5670 347 5807 ξι)
381 5682 532 5737 Mon.
556 5681 594 5735 ί.
632 5670 702 5735 ἷ9
728 5696 781 5734 a.
825 5680 939 5732 tm
970 5676 1293 5747 κατηγορία,
1324 5670 1403 5737 οἷς
1453 5673 1535 5730 Cf.
1563 5675 1727 5729 Arist.

117 5770 181 5809 C.
211 5770 275 5807 υ.
