  <div class='ocr_page' id='page_1' title='image "/cluster/home/n/w/nwhite01/storage/ocr_20150623/101/nnc1.0046980164/423.png"; bbox 0 0 4174 6450; ppageno 0'>
   <div class='ocr_carea' id='block_1_1' title="bbox 771 429 877 494">
    <p class='ocr_par' dir='ltr' id='par_1_1' title="bbox 771 429 877 494">
     <span class='ocr_line' id='line_1_1' title="bbox 771 429 877 494; baseline 0.038 -4"><span class='ocrx_word' id='word_1_1' title='bbox 771 429 877 494; x_wconf 81' lang='lat'><strong>799</strong></span> 
     </span>
    </p>
   </div>
   <div class='ocr_carea' id='block_1_2' title="bbox 1945 402 2882 473">
    <p class='ocr_par' dir='ltr' id='par_1_2' title="bbox 1945 402 2882 473">
     <span class='ocr_line' id='line_1_2' title="bbox 1945 402 2882 473; baseline -0.015 1"><span class='ocrx_word' id='word_1_2' title='bbox 1945 410 2203 473; x_wconf 82' lang='grc' dir='ltr'><strong>ΡΗΟΤΙΙ</strong></span> <span class='ocrx_word' id='word_1_3' title='bbox 2241 403 2741 470; x_wconf 74' lang='lat' dir='ltr'><strong>PATRIARCHIE</strong></span> <span class='ocrx_word' id='word_1_4' title='bbox 2773 402 2882 462; x_wconf 73' lang='grc' dir='ltr'><strong>ΟΡ.</strong></span> 
     </span>
    </p>
   </div>
   <div class='ocr_carea' id='block_1_3' title="bbox 3955 382 4065 445">
    <p class='ocr_par' dir='ltr' id='par_1_3' title="bbox 3955 382 4065 445">
     <span class='ocr_line' id='line_1_3' title="bbox 3955 382 4065 445; baseline 0 0"><span class='ocrx_word' id='word_1_5' title='bbox 3955 382 4065 445; x_wconf 75' lang='lat' dir='ltr'><strong>suo</strong></span> 
     </span>
    </p>
   </div>
   <div class='ocr_carea' id='block_1_4' title="bbox 776 495 2393 598">
    <p class='ocr_par' dir='ltr' id='par_1_4' title="bbox 776 525 2393 598">
     <span class='ocr_line' id='line_1_4' title="bbox 776 525 2393 598; baseline -0.013 -2"><span class='ocrx_word' id='word_1_6' title='bbox 776 543 920 596; x_wconf 84' lang='lat' dir='ltr'><strong>deus</strong></span> <span class='ocrx_word' id='word_1_7' title='bbox 949 543 1037 593; x_wconf 88' lang='lat' dir='ltr'><strong>est</strong></span> <span class='ocrx_word' id='word_1_8' title='bbox 1064 533 1291 590; x_wconf 85' lang='lat' dir='ltr'><strong>minime</strong></span> <span class='ocrx_word' id='word_1_9' title='bbox 1316 543 1684 588; x_wconf 89' lang='lat' dir='ltr'><strong>concessuros</strong></span> <span class='ocrx_word' id='word_1_10' title='bbox 1708 569 1724 594; x_wconf 85' lang='lat'><strong>,</strong></span> <span class='ocrx_word' id='word_1_11' title='bbox 1755 536 1999 598; x_wconf 84' lang='lat' dir='ltr'><strong>tempore</strong></span> <span class='ocrx_word' id='word_1_12' title='bbox 2024 525 2250 580; x_wconf 89' lang='lat' dir='ltr'><strong>omnino</strong></span> <span class='ocrx_word' id='word_1_13' title='bbox 2277 525 2359 576; x_wconf 68' lang='lat' dir='ltr'><strong>vel</strong></span> <span class='ocrx_word' id='word_1_14' title='bbox 2389 574 2393 582; x_wconf 77' lang='grc'><strong>,</strong></span> 
     </span>
    </p>
   </div>
   <div class='ocr_carea' id='block_1_5' title="bbox 2496 495 4064 598">
    <p class='ocr_par' dir='ltr' id='par_1_5' title="bbox 2501 495 4064 598">
     <span class='ocr_line' id='line_1_5' title="bbox 2501 495 4064 598; baseline -0.008 -25"><span class='ocrx_word' id='word_1_15' title='bbox 2501 521 2637 590; x_wconf 83' lang='grc' dir='ltr'><strong>ρόνῳ</strong></span> <span class='ocrx_word' id='word_1_16' title='bbox 2655 518 2791 579; x_wconf 80' lang='grc' dir='ltr'><strong>ὅλως</strong></span> <span class='ocrx_word' id='word_1_17' title='bbox 2833 508 3240 584; x_wconf 78' lang='grc' dir='ltr'><strong>προϋφεστάναι</strong></span> <span class='ocrx_word' id='word_1_18' title='bbox 3284 505 3319 578; x_wconf 72' lang='grc' dir='ltr'>ἢ</span> <span class='ocrx_word' id='word_1_19' title='bbox 3363 504 3434 558; x_wconf 80' lang='grc' dir='ltr'><strong>τά</strong></span> <span class='ocrx_word' id='word_1_20' title='bbox 3465 499 3705 571; x_wconf 77' lang='grc' dir='ltr'><strong>στοιχεῖα</strong></span> <span class='ocrx_word' id='word_1_21' title='bbox 3897 495 4064 598; x_wconf 51' lang='grc' dir='ltr'><strong>ζώεις</strong></span> 
     </span>
    </p>
   </div>
   <div class='ocr_carea' id='block_1_6' title="bbox 776 611 2348 684">
    <p class='ocr_par' dir='ltr' id='par_1_6' title="bbox 776 611 2348 684">
     <span class='ocr_line' id='line_1_6' title="bbox 776 611 2348 684; baseline -0.011 -2"><span class='ocrx_word' id='word_1_22' title='bbox 776 629 1045 682; x_wconf 87' lang='lat' dir='ltr'><strong>elementa</strong></span> <span class='ocrx_word' id='word_1_23' title='bbox 1093 621 1428 677; x_wconf 76' lang='lat' dir='ltr'><strong>animalibus</strong></span> <span class='ocrx_word' id='word_1_24' title='bbox 1465 620 1551 674; x_wconf 67' lang='lat' dir='ltr'><strong>vel</strong></span> <span class='ocrx_word' id='word_1_25' title='bbox 1592 628 1740 672; x_wconf 88' lang='lat' dir='ltr'><strong>astra</strong></span> <span class='ocrx_word' id='word_1_26' title='bbox 1779 616 2020 671; x_wconf 66' lang='lat' dir='ltr'><strong>scientiae</strong></span> <span class='ocrx_word' id='word_1_27' title='bbox 2067 611 2348 684; x_wconf 67' lang='lat' dir='ltr'><strong>praacxsti-</strong></span> 
     </span>
    </p>
   </div>
   <div class='ocr_carea' id='block_1_7' title="bbox 2449 587 4063 680">
    <p class='ocr_par' dir='ltr' id='par_1_7' title="bbox 2449 587 4063 680">
     <span class='ocr_line' id='line_1_7' title="bbox 2449 587 4063 680; baseline -0.018 -14"><span class='ocrx_word' id='word_1_28' title='bbox 2449 587 2815 680; x_wconf 15' lang='lat' dir='ltr'><strong>ﬂ-vtdidﬂpa</strong></span> <span class='ocrx_word' id='word_1_29' title='bbox 2856 608 2955 674; x_wconf 85' lang='grc' dir='ltr'><strong>τῆς</strong></span> <span class='ocrx_word' id='word_1_30' title='bbox 2999 601 3312 670; x_wconf 68' lang='grc' dir='ltr'><strong>ἐπιστήμης</strong></span> <span class='ocrx_word' id='word_1_31' title='bbox 3344 596 3785 666; x_wconf 78' lang='grc' dir='ltr'><strong>συγχωρήσωσι·</strong></span> <span class='ocrx_word' id='word_1_32' title='bbox 4010 587 4063 637; x_wconf 63' lang='grc' dir='ltr'><strong>δι</strong></span> 
     </span>
    </p>
   </div>
   <div class='ocr_carea' id='block_1_8' title="bbox 780 679 2393 782">
    <p class='ocr_par' dir='ltr' id='par_1_8' title="bbox 780 704 2350 782">
     <span class='ocr_line' id='line_1_8' title="bbox 780 704 2350 782; baseline -0.011 -9"><span class='ocrx_word' id='word_1_33' title='bbox 780 719 913 773; x_wconf 87' lang='lat' dir='ltr'><strong>tisse</strong></span> <span class='ocrx_word' id='word_1_34' title='bbox 932 757 947 782; x_wconf 89' lang='lat'><strong><em>,</em></strong></span> <span class='ocrx_word' id='word_1_35' title='bbox 978 715 1074 770; x_wconf 83' lang='lat' dir='ltr'><strong>sed</strong></span> <span class='ocrx_word' id='word_1_36' title='bbox 1118 713 1295 769; x_wconf 90' lang='lat' dir='ltr'><strong>solum</strong></span> <span class='ocrx_word' id='word_1_37' title='bbox 1338 713 1554 766; x_wconf 84' lang='lat' dir='ltr'><strong>ratione</strong></span> <span class='ocrx_word' id='word_1_38' title='bbox 1578 718 1743 779; x_wconf 86' lang='lat' dir='ltr'><strong>atque</strong></span> <span class='ocrx_word' id='word_1_39' title='bbox 1774 707 2051 762; x_wconf 88' lang='lat' dir='ltr'><strong>intellectu</strong></span> <span class='ocrx_word' id='word_1_40' title='bbox 2083 704 2350 773; x_wconf 68' lang='lat' dir='ltr'><strong>simplieia</strong></span> 
     </span>
    </p>
   </div>
   <div class='ocr_carea' id='block_1_9' title="bbox 2496 679 4068 782">
    <p class='ocr_par' dir='ltr' id='par_1_9' title="bbox 2498 679 4068 774">
     <span class='ocr_line' id='line_1_9' title="bbox 2498 679 4068 774; baseline -0.018 -17"><span class='ocrx_word' id='word_1_41' title='bbox 2498 704 2602 774; x_wconf 84' lang='grc' dir='ltr'><strong>όνῳ</strong></span> <span class='ocrx_word' id='word_1_42' title='bbox 2631 702 2724 755; x_wconf 74' lang='grc' dir='ltr'><strong>καὶ</strong></span> <span class='ocrx_word' id='word_1_43' title='bbox 2747 698 2954 769; x_wconf 79' lang='grc' dir='ltr'><strong>θεωρίᾳ</strong></span> <span class='ocrx_word' id='word_1_44' title='bbox 2987 696 3057 749; x_wconf 79' lang='grc' dir='ltr'><strong>τὰ</strong></span> <span class='ocrx_word' id='word_1_45' title='bbox 3103 693 3253 746; x_wconf 82' lang='grc' dir='ltr'>ἁπλᾶ</span> <span class='ocrx_word' id='word_1_46' title='bbox 3280 691 3390 744; x_wconf 91' lang='grc' dir='ltr'><strong>τῶν</strong></span> <span class='ocrx_word' id='word_1_47' title='bbox 3433 687 3702 742; x_wconf 69' lang='grc' dir='ltr'><strong>συνθέτων</strong></span> <span class='ocrx_word' id='word_1_48' title='bbox 3723 679 4068 754; x_wconf 72' lang='grc' dir='ltr'><strong>προτιθέναι</strong></span> 
     </span>
    </p>
   </div>
   <div class='ocr_carea' id='block_1_10' title="bbox 781 770 2393 874">
    <p class='ocr_par' dir='ltr' id='par_1_10' title="bbox 781 770 2353 874">
     <span class='ocr_line' id='line_1_10' title="bbox 781 770 2353 874; baseline -0.01 -13"><span class='ocrx_word' id='word_1_49' title='bbox 781 770 1102 874; x_wconf 70' lang='lat' dir='ltr'><strong>compositis</strong></span> <span class='ocrx_word' id='word_1_50' title='bbox 1134 802 1373 872; x_wconf 66' lang='lat' dir='ltr'><strong>praeponi</strong></span> <span class='ocrx_word' id='word_1_51' title='bbox 1405 770 1791 854; x_wconf 70' lang='lat' dir='ltr'><strong>arbitratdros.</strong></span> <span class='ocrx_word' id='word_1_52' title='bbox 1824 770 2207 862; x_wconf 77' lang='lat' dir='ltr'><strong>Quamobrem</strong></span> <span class='ocrx_word' id='word_1_53' title='bbox 2221 809 2353 846; x_wconf 85' lang='lat' dir='ltr'><strong>om-</strong></span> 
     </span>
    </p>
   </div>
   <div class='ocr_carea' id='block_1_11' title="bbox 2496 770 4066 874">
    <p class='ocr_par' dir='ltr' id='par_1_11' title="bbox 2496 770 4066 846">
     <span class='ocr_line' id='line_1_11' title="bbox 2496 770 4066 846; baseline -0.017 -1"><span class='ocrx_word' id='word_1_54' title='bbox 2496 770 2866 845; x_wconf 71' lang='grc' dir='ltr'><strong>ικαιῶσουσινο</strong></span> <span class='ocrx_word' id='word_1_55' title='bbox 2899 788 3040 842; x_wconf 83' lang='grc' dir='ltr'><strong>ὥστε</strong></span> <span class='ocrx_word' id='word_1_56' title='bbox 3087 784 3223 836; x_wconf 80' lang='grc' dir='ltr'><strong>πᾶσι</strong></span> <span class='ocrx_word' id='word_1_57' title='bbox 3284 782 3398 842; x_wconf 87' lang='grc' dir='ltr'><strong>τοῖς</strong></span> <span class='ocrx_word' id='word_1_58' title='bbox 3439 777 3579 846; x_wconf 83' lang='grc' dir='ltr'><strong>πρός</strong></span> <span class='ocrx_word' id='word_1_59' title='bbox 3614 792 3668 828; x_wconf 86' lang='grc' dir='ltr'><strong>τι</strong></span> <span class='ocrx_word' id='word_1_60' title='bbox 3706 773 3971 842; x_wconf 77' lang='grc' dir='ltr'><strong>ὑπάρχει</strong></span> <span class='ocrx_word' id='word_1_61' title='bbox 4007 770 4066 819; x_wconf 81' lang='grc' dir='ltr'><strong>τὸ</strong></span> 
     </span>
    </p>
   </div>
   <div class='ocr_carea' id='block_1_12' title="bbox 783 861 2393 960">
    <p class='ocr_par' dir='ltr' id='par_1_12' title="bbox 783 861 2355 960">
     <span class='ocr_line' id='line_1_12' title="bbox 783 861 2355 960; baseline -0.006 -11"><span class='ocrx_word' id='word_1_62' title='bbox 783 861 947 949; x_wconf 56' lang='grc' dir='ltr'><strong>ιιῖιιιίε</strong></span> <span class='ocrx_word' id='word_1_63' title='bbox 978 861 1165 947; x_wconf 75' lang='lat' dir='ltr'><strong>relatis</strong></span> <span class='ocrx_word' id='word_1_64' title='bbox 1187 861 1263 945; x_wconf 50' lang='lat' dir='ltr'><strong>ad-</strong></span> <span class='ocrx_word' id='word_1_65' title='bbox 1285 890 1494 960; x_wconf 87' lang='lat' dir='ltr'><strong>aliquid</strong></span> <span class='ocrx_word' id='word_1_66' title='bbox 1517 890 1792 953; x_wconf 82' lang='lat' dir='ltr'><strong>convenit,</strong></span> <span class='ocrx_word' id='word_1_67' title='bbox 1821 861 1983 942; x_wconf 87' lang='lat' dir='ltr'><strong>simul</strong></span> <span class='ocrx_word' id='word_1_68' title='bbox 2009 901 2132 940; x_wconf 81' lang='lat' dir='ltr'><strong>cum</strong></span> <span class='ocrx_word' id='word_1_69' title='bbox 2159 895 2355 940; x_wconf 88' lang='lat' dir='ltr'><strong>natura</strong></span> 
     </span>
    </p>
   </div>
   <div class='ocr_carea' id='block_1_13' title="bbox 2496 861 4065 960">
    <p class='ocr_par' dir='ltr' id='par_1_13' title="bbox 2496 861 4065 952">
     <span class='ocr_line' id='line_1_13' title="bbox 2496 861 4065 952; baseline -0.018 -14"><span class='ocrx_word' id='word_1_70' title='bbox 2496 901 2578 952; x_wconf 86' lang='grc' dir='ltr'><strong>μα</strong></span> <span class='ocrx_word' id='word_1_71' title='bbox 2626 885 2697 952; x_wconf 78' lang='grc' dir='ltr'><strong>τῇ</strong></span> <span class='ocrx_word' id='word_1_72' title='bbox 2730 880 2891 950; x_wconf 77' lang='grc' dir='ltr'><strong>φύσει</strong></span> <span class='ocrx_word' id='word_1_73' title='bbox 2924 877 3214 948; x_wconf 83' lang='grc' dir='ltr'><strong>ὑπάρχειν.</strong></span> <span class='ocrx_word' id='word_1_74' title='bbox 3276 869 3416 924; x_wconf 82' lang='grc' dir='ltr'><strong>Ἀλλ’</strong></span> <span class='ocrx_word' id='word_1_75' title='bbox 3468 866 3785 940; x_wconf 76' lang='grc' dir='ltr'><strong>ἀρκούντως</strong></span> <span class='ocrx_word' id='word_1_76' title='bbox 3831 861 4065 930; x_wconf 77' lang='grc' dir='ltr'><strong>εἴρηται</strong></span> 
     </span>
    </p>
   </div>
   <div class='ocr_carea' id='block_1_14' title="bbox 781 978 2201 1051">
    <p class='ocr_par' dir='ltr' id='par_1_14' title="bbox 781 978 2201 1051">
     <span class='ocr_line' id='line_1_14' title="bbox 781 978 2201 1051; baseline -0.008 -9"><span class='ocrx_word' id='word_1_77' title='bbox 781 989 1066 1042; x_wconf 83' lang='lat' dir='ltr'><strong>exsistere.</strong></span> <span class='ocrx_word' id='word_1_78' title='bbox 1101 982 1208 1037; x_wconf 79' lang='lat' dir='ltr'><strong>Sed</strong></span> <span class='ocrx_word' id='word_1_79' title='bbox 1231 983 1343 1051; x_wconf 83' lang='lat' dir='ltr'><strong>jam</strong></span> <span class='ocrx_word' id='word_1_80' title='bbox 1375 982 1510 1036; x_wconf 86' lang='lat' dir='ltr'><strong>satis</strong></span> <span class='ocrx_word' id='word_1_81' title='bbox 1539 981 1748 1036; x_wconf 83' lang='lat' dir='ltr'><strong>dictum</strong></span> <span class='ocrx_word' id='word_1_82' title='bbox 1777 988 1863 1035; x_wconf 88' lang='lat' dir='ltr'><strong>est</strong></span> <span class='ocrx_word' id='word_1_83' title='bbox 1890 980 1957 1034; x_wconf 88' lang='lat' dir='ltr'><strong>de</strong></span> <span class='ocrx_word' id='word_1_84' title='bbox 1993 978 2201 1033; x_wconf 81' lang='lat' dir='ltr'><strong>relatis.</strong></span> 
     </span>
    </p>
   </div>
   <div class='ocr_carea' id='block_1_15' title="bbox 1283 1091 1850 1159">
    <p class='ocr_par' dir='ltr' id='par_1_15' title="bbox 1283 1091 1850 1159">
     <span class='ocr_line' id='line_1_15' title="bbox 1283 1091 1850 1159; baseline -0.002 -11"><span class='ocrx_word' id='word_1_85' title='bbox 1283 1091 1614 1159; x_wconf 64' lang='lat' dir='ltr'><strong>QUESTlO</strong></span> <span class='ocrx_word' id='word_1_86' title='bbox 1640 1092 1850 1147; x_wconf 74' lang='lat' dir='ltr'><strong>CXLII.</strong></span> 
     </span>
    </p>
   </div>
   <div class='ocr_carea' id='block_1_16' title="bbox 1173 1185 1960 1255">
    <p class='ocr_par' dir='ltr' id='par_1_16' title="bbox 1173 1185 1960 1255">
     <span class='ocr_line' id='line_1_16' title="bbox 1173 1185 1960 1255; baseline -0.004 -14"><span class='ocrx_word' id='word_1_87' title='bbox 1173 1187 1248 1241; x_wconf 77' lang='lat' dir='ltr'><strong>De</strong></span> <span class='ocrx_word' id='word_1_88' title='bbox 1285 1203 1376 1241; x_wconf 73' lang='lat' dir='ltr'><strong>sea:</strong></span> <span class='ocrx_word' id='word_1_89' title='bbox 1407 1185 1625 1255; x_wconf 77' lang='lat' dir='ltr'><strong>reliquis</strong></span> <span class='ocrx_word' id='word_1_90' title='bbox 1660 1186 1960 1254; x_wconf 79' lang='lat' dir='ltr'><strong>categoriis.</strong></span> 
     </span>
    </p>
   </div>
   <div class='ocr_carea' id='block_1_17' title="bbox 2462 970 3159 1046">
    <p class='ocr_par' dir='ltr' id='par_1_17' title="bbox 2462 970 3159 1046">
     <span class='ocr_line' id='line_1_17' title="bbox 2462 970 3159 1046; baseline -0.016 -15"><span class='ocrx_word' id='word_1_91' title='bbox 2462 977 2559 1031; x_wconf 82' lang='grc' dir='ltr'><strong>καὶ</strong></span> <span class='ocrx_word' id='word_1_92' title='bbox 2601 978 2731 1046; x_wconf 73' lang='grc' dir='ltr'><strong>περὶ</strong></span> <span class='ocrx_word' id='word_1_93' title='bbox 2770 972 2879 1026; x_wconf 86' lang='grc' dir='ltr'><strong>τῶν</strong></span> <span class='ocrx_word' id='word_1_94' title='bbox 2923 970 3055 1040; x_wconf 85' lang='grc' dir='ltr'><strong>πρός</strong></span> <span class='ocrx_word' id='word_1_95' title='bbox 3085 984 3159 1021; x_wconf 89' lang='grc' dir='ltr'><strong>τι.</strong></span> 
     </span>
    </p>
   </div>
   <div class='ocr_carea' id='block_1_18' title="bbox 2989 1077 3531 1135">
    <p class='ocr_par' dir='ltr' id='par_1_18' title="bbox 2989 1077 3531 1135">
     <span class='ocr_line' id='line_1_18' title="bbox 2989 1077 3531 1135; baseline -0.009 0"><span class='ocrx_word' id='word_1_96' title='bbox 2989 1080 3322 1135; x_wconf 80' lang='grc' dir='ltr'><strong>ΕΡΩΤΗΣΙΣ</strong></span> <span class='ocrx_word' id='word_1_97' title='bbox 3359 1077 3531 1131; x_wconf 77' lang='lat' dir='ltr'><strong>PMB’.</strong></span> 
     </span>
    </p>
   </div>
   <div class='ocr_carea' id='block_1_19' title="bbox 2665 1162 3866 1252">
    <p class='ocr_par' dir='ltr' id='par_1_19' title="bbox 2665 1162 3866 1252">
     <span class='ocr_line' id='line_1_19' title="bbox 2665 1162 3866 1252; baseline -0.012 -24"><span class='ocrx_word' id='word_1_98' title='bbox 2665 1175 2801 1241; x_wconf 77' lang='grc' dir='ltr'><strong>Περὶ</strong></span> <span class='ocrx_word' id='word_1_99' title='bbox 2831 1171 2951 1227; x_wconf 81' lang='grc' dir='ltr'><strong>τῶι·</strong></span> <span class='ocrx_word' id='word_1_100' title='bbox 2998 1169 3352 1226; x_wconf 67' lang='grc' dir='ltr'><strong>ὑπολοίπων</strong></span> <span class='ocrx_word' id='word_1_101' title='bbox 3369 1166 3438 1232; x_wconf 71' lang='grc' dir='ltr'><strong>ἐξ</strong></span> <span class='ocrx_word' id='word_1_102' title='bbox 3467 1162 3866 1252; x_wconf 22' lang='grc' dir='ltr'><strong>κατηγοριῶν..</strong></span> 
     </span>
    </p>
   </div>
   <div class='ocr_carea' id='block_1_20' title="bbox 1854 1286 2986 1358">
    <p class='ocr_par' dir='ltr' id='par_1_20' title="bbox 1854 1286 2986 1358">
     <span class='ocr_line' id='line_1_20' title="bbox 1854 1286 2986 1358; baseline -0.011 -12"><span class='ocrx_word' id='word_1_103' title='bbox 1854 1297 1996 1346; x_wconf 80' lang='lat' dir='ltr'><strong>Nunc</strong></span> <span class='ocrx_word' id='word_1_104' title='bbox 2029 1295 2241 1358; x_wconf 89' lang='lat' dir='ltr'><strong>primum</strong></span> <span class='ocrx_word' id='word_1_105' title='bbox 2270 1293 2403 1342; x_wconf 82' lang='lat' dir='ltr'><strong>edita</strong></span> <span class='ocrx_word' id='word_1_106' title='bbox 2423 1305 2448 1339; x_wconf 90' lang='lat' dir='ltr'><strong>a</strong></span> <span class='ocrx_word' id='word_1_107' title='bbox 2473 1291 2530 1340; x_wconf 91' lang='lat' dir='ltr'><strong>D.</strong></span> <span class='ocrx_word' id='word_1_108' title='bbox 2554 1286 2986 1350; x_wconf 78' lang='lat' dir='ltr'><strong>Hergenroetber.</strong></span> 
     </span>
    </p>
   </div>
   <div class='ocr_carea' id='block_1_21' title="bbox 863 1405 2372 1479">
    <p class='ocr_par' dir='ltr' id='par_1_21' title="bbox 863 1405 2372 1479">
     <span class='ocr_line' id='line_1_21' title="bbox 863 1405 2372 1479; baseline -0.006 -13"><span class='ocrx_word' id='word_1_109' title='bbox 863 1413 1204 1471; x_wconf 76' lang='lat' dir='ltr'><strong>Aristoteles.</strong></span> <span class='ocrx_word' id='word_1_110' title='bbox 1241 1418 1436 1479; x_wconf 81' lang='lat' dir='ltr'><strong>utpote</strong></span> <span class='ocrx_word' id='word_1_111' title='bbox 1461 1422 1572 1462; x_wconf 91' lang='lat' dir='ltr'><strong>non</strong></span> <span class='ocrx_word' id='word_1_112' title='bbox 1597 1407 1802 1463; x_wconf 80' lang='lat' dir='ltr'><strong>docens</strong></span> <span class='ocrx_word' id='word_1_113' title='bbox 1833 1407 2085 1469; x_wconf 78' lang='lat' dir='ltr'><strong>fortasse.</strong></span> <span class='ocrx_word' id='word_1_114' title='bbox 2131 1406 2224 1460; x_wconf 93' lang='lat' dir='ltr'><strong>sed</strong></span> <span class='ocrx_word' id='word_1_115' title='bbox 2273 1405 2372 1459; x_wconf 90' lang='lat' dir='ltr'><strong>do-</strong></span> 
     </span>
    </p>
   </div>
   <div class='ocr_carea' id='block_1_22' title="bbox 2556 1379 4070 1465">
    <p class='ocr_par' dir='ltr' id='par_1_22' title="bbox 2556 1379 4070 1465">
     <span class='ocr_line' id='line_1_22' title="bbox 2556 1379 4070 1465; baseline -0.013 -17"><span class='ocrx_word' id='word_1_116' title='bbox 2556 1396 2615 1448; x_wconf 91' lang='grc'><strong>⁹0</strong></span> <span class='ocrx_word' id='word_1_117' title='bbox 2649 1393 2749 1465; x_wconf 76' lang='grc' dir='ltr'><strong>μὲν</strong></span> <span class='ocrx_word' id='word_1_118' title='bbox 2793 1388 3174 1462; x_wconf 78' lang='grc' dir='ltr'><strong>Ἀριστοτέλης</strong></span> <span class='ocrx_word' id='word_1_119' title='bbox 3197 1387 3336 1459; x_wconf 79' lang='lat' dir='ltr'><strong>(l6),</strong></span> <span class='ocrx_word' id='word_1_120' title='bbox 3367 1386 3463 1439; x_wconf 79' lang='grc' dir='ltr'><strong>ᾰτε</strong></span> <span class='ocrx_word' id='word_1_121' title='bbox 3501 1383 3577 1454; x_wconf 80' lang='grc' dir='ltr'><strong>μὴ</strong></span> <span class='ocrx_word' id='word_1_122' title='bbox 3605 1380 3877 1435; x_wconf 76' lang='grc' dir='ltr'><strong>διδάσκων</strong></span> <span class='ocrx_word' id='word_1_123' title='bbox 3909 1379 4070 1437; x_wconf 76' lang='grc' dir='ltr'><strong>ῖσως,</strong></span> 
     </span>
    </p>
   </div>
   <div class='ocr_carea' id='block_1_23' title="bbox 793 1471 2393 1567">
    <p class='ocr_par' dir='ltr' id='par_1_23' title="bbox 793 1497 2371 1567">
     <span class='ocr_line' id='line_1_23' title="bbox 793 1497 2371 1567; baseline -0.006 -10"><span class='ocrx_word' id='word_1_124' title='bbox 793 1507 1025 1558; x_wconf 85' lang='lat' dir='ltr'><strong>ctrinam</strong></span> <span class='ocrx_word' id='word_1_125' title='bbox 1081 1501 1329 1554; x_wconf 86' lang='lat' dir='ltr'><strong>indicans</strong></span> <span class='ocrx_word' id='word_1_126' title='bbox 1381 1497 1467 1552; x_wconf 76' lang='lat' dir='ltr'><strong>vel</strong></span> <span class='ocrx_word' id='word_1_127' title='bbox 1513 1508 1798 1552; x_wconf 81' lang='lat' dir='ltr'><strong>ostentans</strong></span> <span class='ocrx_word' id='word_1_128' title='bbox 1844 1497 2131 1567; x_wconf 87' lang='lat' dir='ltr'><strong>(siquidem</strong></span> <span class='ocrx_word' id='word_1_129' title='bbox 2183 1510 2371 1549; x_wconf 84' lang='lat' dir='ltr'><strong>verum</strong></span> 
     </span>
    </p>
   </div>
   <div class='ocr_carea' id='block_1_24' title="bbox 2496 1471 4075 1567">
    <p class='ocr_par' dir='ltr' id='par_1_24' title="bbox 2496 1471 4075 1559">
     <span class='ocr_line' id='line_1_24' title="bbox 2496 1471 4075 1559; baseline -0.014 -17"><span class='ocrx_word' id='word_1_130' title='bbox 2496 1490 2572 1559; x_wconf 57' lang='grc' dir='ltr'><strong>γῆν</strong></span> <span class='ocrx_word' id='word_1_131' title='bbox 2617 1487 2674 1540; x_wconf 81' lang='grc' dir='ltr'><strong>δὲ</strong></span> <span class='ocrx_word' id='word_1_132' title='bbox 2718 1483 3065 1540; x_wconf 77' lang='grc' dir='ltr'><strong>διδασκαλίαν</strong></span> <span class='ocrx_word' id='word_1_133' title='bbox 3117 1477 3563 1547; x_wconf 66' lang='grc' dir='ltr'><strong>ἐνδεικνύμενος,</strong></span> <span class='ocrx_word' id='word_1_134' title='bbox 3607 1475 3766 1544; x_wconf 75' lang='grc' dir='ltr'><strong>εἴπερ</strong></span> <span class='ocrx_word' id='word_1_135' title='bbox 3812 1471 3902 1540; x_wconf 78' lang='grc' dir='ltr'><strong>μὴ</strong></span> <span class='ocrx_word' id='word_1_136' title='bbox 3942 1486 4075 1523; x_wconf 83' lang='grc' dir='ltr'><strong>κατ-</strong></span> 
     </span>
    </p>
   </div>
   <div class='ocr_carea' id='block_1_25' title="bbox 795 1587 2374 1661">
    <p class='ocr_par' dir='ltr' id='par_1_25' title="bbox 795 1587 2374 1661">
     <span class='ocr_line' id='line_1_25' title="bbox 795 1587 2374 1661; baseline -0.007 -14"><span class='ocrx_word' id='word_1_137' title='bbox 795 1602 900 1657; x_wconf 83' lang='lat' dir='ltr'><strong>est,</strong></span> <span class='ocrx_word' id='word_1_138' title='bbox 927 1591 1072 1661; x_wconf 89' lang='lat' dir='ltr'><strong>quod</strong></span> <span class='ocrx_word' id='word_1_139' title='bbox 1104 1592 1173 1645; x_wconf 89' lang='lat' dir='ltr'><strong>de</strong></span> <span class='ocrx_word' id='word_1_140' title='bbox 1211 1589 1367 1644; x_wconf 80' lang='lat' dir='ltr'><strong>libris</strong></span> <span class='ocrx_word' id='word_1_141' title='bbox 1399 1590 1518 1645; x_wconf 90' lang='lat' dir='ltr'><strong>suis</strong></span> <span class='ocrx_word' id='word_1_142' title='bbox 1547 1589 1750 1643; x_wconf 78' lang='lat' dir='ltr'><strong>dixerit</strong></span> <span class='ocrx_word' id='word_1_143' title='bbox 1783 1607 1798 1645; x_wconf 71' lang='grc' dir='ltr'><strong>ι</strong></span> <span class='ocrx_word' id='word_1_144' title='bbox 1851 1587 1998 1641; x_wconf 83' lang='lat' dir='ltr'><strong>Editi</strong></span> <span class='ocrx_word' id='word_1_145' title='bbox 2033 1597 2154 1641; x_wconf 81' lang='lat' dir='ltr'><strong>sunt</strong></span> <span class='ocrx_word' id='word_1_146' title='bbox 2186 1597 2235 1640; x_wconf 82' lang='lat' dir='ltr'><strong>et</strong></span> <span class='ocrx_word' id='word_1_147' title='bbox 2270 1601 2374 1638; x_wconf 80' lang='lat' dir='ltr'><strong>non</strong></span> 
     </span>
    </p>
   </div>
   <div class='ocr_carea' id='block_1_26' title="bbox 2477 1562 4075 1649">
    <p class='ocr_par' dir='ltr' id='par_1_26' title="bbox 2477 1562 4075 1649">
     <span class='ocr_line' id='line_1_26' title="bbox 2477 1562 4075 1649; baseline -0.014 -15"><span class='ocrx_word' id='word_1_148' title='bbox 2477 1581 2732 1649; x_wconf 80' lang='grc' dir='ltr'><strong>έψευσται</strong></span> <span class='ocrx_word' id='word_1_149' title='bbox 2749 1575 2914 1630; x_wconf 82' lang='grc' dir='ltr'><strong>αὐτοῦ</strong></span> <span class='ocrx_word' id='word_1_150' title='bbox 2939 1575 3053 1645; x_wconf 78' lang='grc'><strong>(17)</strong></span> <span class='ocrx_word' id='word_1_151' title='bbox 3075 1573 3138 1626; x_wconf 80' lang='grc' dir='ltr'><strong>τὸ</strong></span> <span class='ocrx_word' id='word_1_152' title='bbox 3152 1569 3461 1625; x_wconf 74' lang='grc' dir='ltr'><strong>ἐκδέδοται</strong></span> <span class='ocrx_word' id='word_1_153' title='bbox 3479 1567 3576 1620; x_wconf 73' lang='grc' dir='ltr'><strong>καί</strong></span> <span class='ocrx_word' id='word_1_154' title='bbox 3596 1567 3708 1619; x_wconf 73' lang='grc' dir='ltr'><strong>οὐκ</strong></span> <span class='ocrx_word' id='word_1_155' title='bbox 3727 1562 4075 1623; x_wconf 73' lang='grc' dir='ltr'><strong>ἐκδέὄοται,</strong></span> 
     </span>
    </p>
   </div>
   <div class='ocr_carea' id='block_1_27' title="bbox 796 1654 2393 1768">
    <p class='ocr_par' dir='ltr' id='par_1_27' title="bbox 796 1654 2371 1748">
     <span class='ocr_line' id='line_1_27' title="bbox 796 1654 2371 1748; baseline -0.005 -12"><span class='ocrx_word' id='word_1_156' title='bbox 796 1654 970 1747; x_wconf 52' lang='lat' dir='ltr'><strong>editi);</strong></span> <span class='ocrx_word' id='word_1_157' title='bbox 1000 1688 1118 1734; x_wconf 91' lang='lat' dir='ltr'><strong>tum</strong></span> <span class='ocrx_word' id='word_1_158' title='bbox 1149 1679 1216 1733; x_wconf 88' lang='lat' dir='ltr'><strong>de</strong></span> <span class='ocrx_word' id='word_1_159' title='bbox 1241 1679 1385 1743; x_wconf 89' lang='lat' dir='ltr'><strong>aliis,</strong></span> <span class='ocrx_word' id='word_1_160' title='bbox 1422 1687 1536 1733; x_wconf 91' lang='lat' dir='ltr'><strong>tum</strong></span> <span class='ocrx_word' id='word_1_161' title='bbox 1560 1679 1628 1734; x_wconf 87' lang='lat' dir='ltr'><strong>de</strong></span> <span class='ocrx_word' id='word_1_162' title='bbox 1656 1694 1749 1734; x_wconf 88' lang='lat' dir='ltr'><strong>sex</strong></span> <span class='ocrx_word' id='word_1_163' title='bbox 1781 1677 2053 1748; x_wconf 86' lang='lat' dir='ltr'><strong>(reliquis)</strong></span> <span class='ocrx_word' id='word_1_164' title='bbox 2077 1675 2371 1747; x_wconf 68' lang='lat' dir='ltr'><strong>categoriis</strong></span> 
     </span>
    </p>
   </div>
   <div class='ocr_carea' id='block_1_28' title="bbox 2496 1654 4077 1768">
    <p class='ocr_par' dir='ltr' id='par_1_28' title="bbox 2496 1654 4077 1743">
     <span class='ocr_line' id='line_1_28' title="bbox 2496 1654 4077 1743; baseline -0.014 -17"><span class='ocrx_word' id='word_1_165' title='bbox 2496 1673 2608 1743; x_wconf 70' lang='grc' dir='ltr'><strong>περί</strong></span> <span class='ocrx_word' id='word_1_166' title='bbox 2644 1688 2702 1724; x_wconf 89' lang='grc' dir='ltr'><strong>τε</strong></span> <span class='ocrx_word' id='word_1_167' title='bbox 2731 1670 2840 1724; x_wconf 89' lang='grc' dir='ltr'><strong>τῶν</strong></span> <span class='ocrx_word' id='word_1_168' title='bbox 2869 1669 3052 1724; x_wconf 73' lang='grc' dir='ltr'><strong>ἄλλων</strong></span> <span class='ocrx_word' id='word_1_169' title='bbox 3081 1667 3175 1720; x_wconf 80' lang='grc' dir='ltr'><strong>καὶ</strong></span> <span class='ocrx_word' id='word_1_170' title='bbox 3206 1664 3336 1734; x_wconf 79' lang='grc' dir='ltr'><strong>περὶ</strong></span> <span class='ocrx_word' id='word_1_171' title='bbox 3365 1663 3470 1715; x_wconf 91' lang='grc' dir='ltr'><strong>τῶν</strong></span> <span class='ocrx_word' id='word_1_172' title='bbox 3505 1660 3565 1725; x_wconf 78' lang='grc' dir='ltr'><strong>ἒξ</strong></span> <span class='ocrx_word' id='word_1_173' title='bbox 3599 1656 3958 1728; x_wconf 72' lang='grc' dir='ltr'><strong>κατηγοριιῖιν</strong></span> <span class='ocrx_word' id='word_1_174' title='bbox 3999 1654 4077 1705; x_wconf 76' lang='grc' dir='ltr'><strong>ἑτι</strong></span> 
     </span>
    </p>
   </div>
   <div class='ocr_carea' id='block_1_29' title="bbox 800 1764 2372 1833">
    <p class='ocr_par' dir='ltr' id='par_1_29' title="bbox 800 1764 2372 1833">
     <span class='ocr_line' id='line_1_29' title="bbox 800 1764 2372 1833; baseline -0.006 -9"><span class='ocrx_word' id='word_1_175' title='bbox 800 1771 973 1824; x_wconf 88' lang='lat' dir='ltr'><strong>nmlto</strong></span> <span class='ocrx_word' id='word_1_176' title='bbox 1006 1769 1189 1822; x_wconf 87' lang='lat' dir='ltr'><strong>adhuc</strong></span> <span class='ocrx_word' id='word_1_177' title='bbox 1222 1767 1432 1821; x_wconf 79' lang='lat' dir='ltr'><strong>arctius</strong></span> <span class='ocrx_word' id='word_1_178' title='bbox 1469 1766 1755 1822; x_wconf 85' lang='lat' dir='ltr'><strong>disseruit.</strong></span> <span class='ocrx_word' id='word_1_179' title='bbox 1786 1764 1896 1820; x_wconf 81' lang='lat' dir='ltr'><strong>Nos</strong></span> <span class='ocrx_word' id='word_1_180' title='bbox 1928 1779 2080 1831; x_wconf 79' lang='lat' dir='ltr'><strong>vero,</strong></span> <span class='ocrx_word' id='word_1_181' title='bbox 2113 1765 2208 1833; x_wconf 89' lang='lat' dir='ltr'><strong>qui</strong></span> <span class='ocrx_word' id='word_1_182' title='bbox 2237 1777 2372 1832; x_wconf 78' lang='lat' dir='ltr'><strong>qua-</strong></span> 
     </span>
    </p>
   </div>
   <div class='ocr_carea' id='block_1_30' title="bbox 2484 1750 4076 1833">
    <p class='ocr_par' dir='ltr' id='par_1_30' title="bbox 2484 1750 4076 1833">
     <span class='ocr_line' id='line_1_30' title="bbox 2484 1750 4076 1833; baseline -0.013 -15"><span class='ocrx_word' id='word_1_183' title='bbox 2484 1763 2683 1833; x_wconf 78' lang='grc' dir='ltr'><strong>μᾶλλον</strong></span> <span class='ocrx_word' id='word_1_184' title='bbox 2729 1760 3136 1830; x_wconf 74' lang='grc' dir='ltr'><strong>συντομώτερον</strong></span> <span class='ocrx_word' id='word_1_185' title='bbox 3166 1755 3517 1826; x_wconf 73' lang='grc' dir='ltr'><strong>περιείληιρεν</strong></span> <span class='ocrx_word' id='word_1_186' title='bbox 3539 1769 3552 1782; x_wconf 88' lang='grc'><strong>·</strong></span> <span class='ocrx_word' id='word_1_187' title='bbox 3585 1754 3744 1822; x_wconf 77' lang='grc' dir='ltr'><strong>ἡμεῖς</strong></span> <span class='ocrx_word' id='word_1_188' title='bbox 3772 1751 3828 1803; x_wconf 78' lang='grc' dir='ltr'><strong>δὲ</strong></span> <span class='ocrx_word' id='word_1_189' title='bbox 3877 1750 3989 1809; x_wconf 74' lang='grc' dir='ltr'><strong>τάς</strong></span> <span class='ocrx_word' id='word_1_190' title='bbox 4017 1765 4076 1797; x_wconf 83' lang='grc' dir='ltr'><strong>τε</strong></span> 
     </span>
    </p>
   </div>
   <div class='ocr_carea' id='block_1_31' title="bbox 803 1839 2393 1932">
    <p class='ocr_par' dir='ltr' id='par_1_31' title="bbox 803 1857 2374 1932">
     <span class='ocr_line' id='line_1_31' title="bbox 803 1857 2374 1932; baseline -0.006 -15"><span class='ocrx_word' id='word_1_191' title='bbox 803 1873 930 1918; x_wconf 89' lang='lat' dir='ltr'><strong>tuor</strong></span> <span class='ocrx_word' id='word_1_192' title='bbox 972 1860 1392 1932; x_wconf 69' lang='lat' dir='ltr'><strong>praedicameuta</strong></span> <span class='ocrx_word' id='word_1_193' title='bbox 1425 1859 1607 1914; x_wconf 74' lang='lat' dir='ltr'><strong>iusius</strong></span> <span class='ocrx_word' id='word_1_194' title='bbox 1638 1868 1693 1914; x_wconf 89' lang='lat' dir='ltr'><strong>et</strong></span> <span class='ocrx_word' id='word_1_195' title='bbox 1717 1858 1796 1913; x_wconf 91' lang='lat' dir='ltr'><strong>uti</strong></span> <span class='ocrx_word' id='word_1_196' title='bbox 1831 1857 1910 1913; x_wconf 89' lang='lat' dir='ltr'><strong>rei</strong></span> <span class='ocrx_word' id='word_1_197' title='bbox 1942 1866 2374 1912; x_wconf 85' lang='lat' dir='ltr'><strong>consentaneum</strong></span> 
     </span>
    </p>
   </div>
   <div class='ocr_carea' id='block_1_32' title="bbox 2496 1839 4079 1932">
    <p class='ocr_par' dir='ltr' id='par_1_32' title="bbox 2496 1839 4079 1923">
     <span class='ocr_line' id='line_1_32' title="bbox 2496 1839 4079 1923; baseline -0.013 -16"><span class='ocrx_word' id='word_1_198' title='bbox 2496 1856 2588 1907; x_wconf 72' lang='grc' dir='ltr'><strong>τῶν</strong></span> <span class='ocrx_word' id='word_1_199' title='bbox 2633 1850 2981 1923; x_wconf 82' lang='grc' dir='ltr'><strong>κατηγοριῶν</strong></span> <span class='ocrx_word' id='word_1_200' title='bbox 3025 1849 3298 1918; x_wconf 81' lang='grc' dir='ltr'><strong>τέσσαρας</strong></span> <span class='ocrx_word' id='word_1_201' title='bbox 3347 1847 3405 1898; x_wconf 81' lang='grc' dir='ltr'><strong>ἐν</strong></span> <span class='ocrx_word' id='word_1_202' title='bbox 3436 1844 3628 1898; x_wconf 84' lang='grc' dir='ltr'><strong>πλάτει</strong></span> <span class='ocrx_word' id='word_1_203' title='bbox 3659 1859 3718 1893; x_wconf 87' lang='grc' dir='ltr'><strong>τε</strong></span> <span class='ocrx_word' id='word_1_204' title='bbox 3758 1839 4079 1909; x_wconf 76' lang='grc' dir='ltr'><strong>συμμέτρῳ</strong></span> 
     </span>
    </p>
   </div>
   <div class='ocr_carea' id='block_1_33' title="bbox 804 1949 2378 2022">
    <p class='ocr_par' dir='ltr' id='par_1_33' title="bbox 804 1949 2378 2022">
     <span class='ocr_line' id='line_1_33' title="bbox 804 1949 2378 2022; baseline -0.005 -14"><span class='ocrx_word' id='word_1_205' title='bbox 804 1961 924 2008; x_wconf 82' lang='lat' dir='ltr'><strong>erat</strong></span> <span class='ocrx_word' id='word_1_206' title='bbox 945 1951 1401 2022; x_wconf 82' lang='lat' dir='ltr'><strong>pertractavimus</strong></span> <span class='ocrx_word' id='word_1_207' title='bbox 1425 1960 1481 2005; x_wconf 93' lang='lat' dir='ltr'><strong>et</strong></span> <span class='ocrx_word' id='word_1_208' title='bbox 1506 1950 1791 2020; x_wconf 86' lang='lat' dir='ltr'><strong>discipulis</strong></span> <span class='ocrx_word' id='word_1_209' title='bbox 1815 1949 2193 2019; x_wconf 84' lang='lat' dir='ltr'><strong>exposuimus.</strong></span> <span class='ocrx_word' id='word_1_210' title='bbox 2221 1963 2378 2002; x_wconf 85' lang='lat' dir='ltr'><strong>eum-</strong></span> 
     </span>
    </p>
   </div>
   <div class='ocr_carea' id='block_1_34' title="bbox 804 2041 2381 2113">
    <p class='ocr_par' dir='ltr' id='par_1_34' title="bbox 804 2041 2381 2113">
     <span class='ocr_line' id='line_1_34' title="bbox 804 2041 2381 2113; baseline -0.002 -16"><span class='ocrx_word' id='word_1_211' title='bbox 804 2044 930 2098; x_wconf 90' lang='lat' dir='ltr'><strong>dem</strong></span> <span class='ocrx_word' id='word_1_212' title='bbox 968 2042 1352 2113; x_wconf 82' lang='lat' dir='ltr'><strong>explicationis</strong></span> <span class='ocrx_word' id='word_1_213' title='bbox 1395 2043 1617 2098; x_wconf 88' lang='lat' dir='ltr'><strong>modum</strong></span> <span class='ocrx_word' id='word_1_214' title='bbox 1647 2044 1814 2098; x_wconf 89' lang='lat' dir='ltr'><strong>etiam</strong></span> <span class='ocrx_word' id='word_1_215' title='bbox 1846 2042 2025 2112; x_wconf 82' lang='lat' dir='ltr'><strong>quoad</strong></span> <span class='ocrx_word' id='word_1_216' title='bbox 2057 2058 2148 2097; x_wconf 89' lang='lat' dir='ltr'><strong>sex</strong></span> <span class='ocrx_word' id='word_1_217' title='bbox 2174 2041 2381 2110; x_wconf 85' lang='lat' dir='ltr'><strong>reliqua</strong></span> 
     </span>
    </p>
   </div>
   <div class='ocr_carea' id='block_1_35' title="bbox 810 2133 2379 2196">
    <p class='ocr_par' dir='ltr' id='par_1_35' title="bbox 810 2133 2379 2196">
     <span class='ocr_line' id='line_1_35' title="bbox 810 2133 2379 2196; baseline -0.003 -6"><span class='ocrx_word' id='word_1_218' title='bbox 810 2137 1142 2190; x_wconf 75' lang='lat' dir='ltr'><strong>servandum</strong></span> <span class='ocrx_word' id='word_1_219' title='bbox 1180 2134 1339 2188; x_wconf 83' lang='lat' dir='ltr'><strong>vobis</strong></span> <span class='ocrx_word' id='word_1_220' title='bbox 1365 2149 1488 2189; x_wconf 81' lang='lat' dir='ltr'><strong>esse</strong></span> <span class='ocrx_word' id='word_1_221' title='bbox 1517 2134 1855 2190; x_wconf 87' lang='lat' dir='ltr'><strong>censuimus.</strong></span> <span class='ocrx_word' id='word_1_222' title='bbox 1884 2134 2092 2189; x_wconf 79' lang='lat' dir='ltr'><strong>idcirco</strong></span> <span class='ocrx_word' id='word_1_223' title='bbox 2126 2133 2379 2196; x_wconf 86' lang='lat' dir='ltr'><strong>dicimus,</strong></span> 
     </span>
    </p>
   </div>
   <div class='ocr_carea' id='block_1_36' title="bbox 811 2221 2386 2289">
    <p class='ocr_par' dir='ltr' id='par_1_36' title="bbox 811 2221 2386 2289">
     <span class='ocr_line' id='line_1_36' title="bbox 811 2221 2386 2289; baseline -0.003 -13"><span class='ocrx_word' id='word_1_224' title='bbox 811 2233 938 2276; x_wconf 90' lang='lat' dir='ltr'><strong>ante</strong></span> <span class='ocrx_word' id='word_1_225' title='bbox 967 2224 1153 2276; x_wconf 90' lang='lat' dir='ltr'><strong>omnia</strong></span> <span class='ocrx_word' id='word_1_226' title='bbox 1188 2221 1321 2275; x_wconf 92' lang='lat' dir='ltr'><strong>illud</strong></span> <span class='ocrx_word' id='word_1_227' title='bbox 1347 2221 1488 2276; x_wconf 88' lang='lat' dir='ltr'><strong>scitu</strong></span> <span class='ocrx_word' id='word_1_228' title='bbox 1517 2222 1893 2276; x_wconf 89' lang='lat' dir='ltr'><strong>necessarium</strong></span> <span class='ocrx_word' id='word_1_229' title='bbox 1921 2237 2063 2288; x_wconf 86' lang='lat' dir='ltr'><strong>esse,</strong></span> <span class='ocrx_word' id='word_1_230' title='bbox 2086 2221 2386 2289; x_wconf 79' lang='lat' dir='ltr'><strong>quamlibet</strong></span> 
     </span>
    </p>
   </div>
   <div class='ocr_carea' id='block_1_37' title="bbox 809 2313 2382 2384">
    <p class='ocr_par' dir='ltr' id='par_1_37' title="bbox 809 2313 2382 2384">
     <span class='ocr_line' id='line_1_37' title="bbox 809 2313 2382 2384; baseline -0.004 -14"><span class='ocrx_word' id='word_1_231' title='bbox 809 2314 1208 2384; x_wconf 71' lang='lat' dir='ltr'><strong>categoriarum</strong></span> <span class='ocrx_word' id='word_1_232' title='bbox 1236 2353 1252 2378; x_wconf 87' lang='lat'><strong><em>,</em></strong></span> <span class='ocrx_word' id='word_1_233' title='bbox 1299 2314 1364 2366; x_wconf 89' lang='lat' dir='ltr'><strong>de</strong></span> <span class='ocrx_word' id='word_1_234' title='bbox 1395 2313 1596 2384; x_wconf 84' lang='lat' dir='ltr'><strong>quibus</strong></span> <span class='ocrx_word' id='word_1_235' title='bbox 1645 2330 1790 2366; x_wconf 81' lang='lat' dir='ltr'><strong>nunc</strong></span> <span class='ocrx_word' id='word_1_236' title='bbox 1837 2329 2038 2377; x_wconf 88' lang='lat' dir='ltr'><strong>sermo,</strong></span> <span class='ocrx_word' id='word_1_237' title='bbox 2083 2313 2382 2381; x_wconf 84' lang='lat' dir='ltr'><strong>simplicem</strong></span> 
     </span>
    </p>
   </div>
   <div class='ocr_carea' id='block_1_38' title="bbox 811 2401 2386 2472">
    <p class='ocr_par' dir='ltr' id='par_1_38' title="bbox 811 2401 2386 2472">
     <span class='ocr_line' id='line_1_38' title="bbox 811 2401 2386 2472; baseline -0.003 -14"><span class='ocrx_word' id='word_1_238' title='bbox 811 2402 1220 2472; x_wconf 88' lang='lat' dir='ltr'><strong>quodammodo</strong></span> <span class='ocrx_word' id='word_1_239' title='bbox 1251 2417 1394 2458; x_wconf 88' lang='lat' dir='ltr'><strong>esse.</strong></span> <span class='ocrx_word' id='word_1_240' title='bbox 1442 2401 1710 2467; x_wconf 74' lang='lat' dir='ltr'><strong>Quamvis</strong></span> <span class='ocrx_word' id='word_1_241' title='bbox 1743 2401 1888 2456; x_wconf 90' lang='lat' dir='ltr'><strong>enim</strong></span> <span class='ocrx_word' id='word_1_242' title='bbox 1917 2417 1983 2456; x_wconf 84' lang='lat' dir='ltr'><strong>ex</strong></span> <span class='ocrx_word' id='word_1_243' title='bbox 2025 2401 2241 2457; x_wconf 89' lang='lat' dir='ltr'><strong>duobus</strong></span> <span class='ocrx_word' id='word_1_244' title='bbox 2265 2401 2386 2471; x_wconf 90' lang='lat' dir='ltr'><strong>qui-</strong></span> 
     </span>
    </p>
   </div>
   <div class='ocr_carea' id='block_1_39' title="bbox 814 2489 2385 2560">
    <p class='ocr_par' dir='ltr' id='par_1_39' title="bbox 814 2489 2385 2560">
     <span class='ocr_line' id='line_1_39' title="bbox 814 2489 2385 2560; baseline 0 -15"><span class='ocrx_word' id='word_1_245' title='bbox 814 2491 1061 2560; x_wconf 87' lang='lat' dir='ltr'><strong>buspiam</strong></span> <span class='ocrx_word' id='word_1_246' title='bbox 1091 2491 1421 2545; x_wconf 84' lang='lat' dir='ltr'><strong>combinatis</strong></span> <span class='ocrx_word' id='word_1_247' title='bbox 1463 2489 1729 2543; x_wconf 81' lang='lat' dir='ltr'><strong>elliciatur</strong></span> <span class='ocrx_word' id='word_1_248' title='bbox 1757 2490 2011 2559; x_wconf 71' lang='lat' dir='ltr'><strong>quaslibet</strong></span> <span class='ocrx_word' id='word_1_249' title='bbox 2055 2491 2245 2545; x_wconf 84' lang='lat' dir='ltr'><strong>barum</strong></span> <span class='ocrx_word' id='word_1_250' title='bbox 2291 2507 2385 2545; x_wconf 88' lang='lat' dir='ltr'><strong>sex</strong></span> 
     </span>
    </p>
   </div>
   <div class='ocr_carea' id='block_1_40' title="bbox 813 2582 2387 2652">
    <p class='ocr_par' dir='ltr' id='par_1_40' title="bbox 813 2582 2387 2652">
     <span class='ocr_line' id='line_1_40' title="bbox 813 2582 2387 2652; baseline 0.001 -17"><span class='ocrx_word' id='word_1_251' title='bbox 813 2582 1253 2650; x_wconf 76' lang='lat' dir='ltr'><strong>eategoriarum,</strong></span> <span class='ocrx_word' id='word_1_252' title='bbox 1301 2590 1540 2634; x_wconf 80' lang='lat' dir='ltr'><strong>attamen</strong></span> <span class='ocrx_word' id='word_1_253' title='bbox 1586 2591 1734 2652; x_wconf 88' lang='lat' dir='ltr'><strong>patet</strong></span> <span class='ocrx_word' id='word_1_254' title='bbox 1784 2598 1891 2639; x_wconf 89' lang='lat' dir='ltr'><strong>non</strong></span> <span class='ocrx_word' id='word_1_255' title='bbox 1928 2583 2041 2652; x_wconf 89' lang='lat' dir='ltr'><strong>ipsa</strong></span> <span class='ocrx_word' id='word_1_256' title='bbox 2078 2583 2387 2637; x_wconf 88' lang='lat' dir='ltr'><strong>combinata</strong></span> 
     </span>
    </p>
   </div>
   <div class='ocr_carea' id='block_1_41' title="bbox 815 2667 2388 2737">
    <p class='ocr_par' dir='ltr' id='par_1_41' title="bbox 815 2667 2388 2737">
     <span class='ocr_line' id='line_1_41' title="bbox 815 2667 2388 2737; baseline 0.001 -15"><span class='ocrx_word' id='word_1_257' title='bbox 815 2669 920 2722; x_wconf 89' lang='lat' dir='ltr'><strong>ista</strong></span> <span class='ocrx_word' id='word_1_258' title='bbox 951 2683 1051 2722; x_wconf 88' lang='lat' dir='ltr'><strong>nos</strong></span> <span class='ocrx_word' id='word_1_259' title='bbox 1078 2668 1262 2723; x_wconf 89' lang='lat' dir='ltr'><strong>dicere</strong></span> <span class='ocrx_word' id='word_1_260' title='bbox 1295 2667 1651 2737; x_wconf 75' lang='lat' dir='ltr'><strong>catcgoriam,</strong></span> <span class='ocrx_word' id='word_1_261' title='bbox 1684 2669 1756 2721; x_wconf 90' lang='lat' dir='ltr'><strong>ita</strong></span> <span class='ocrx_word' id='word_1_262' title='bbox 1791 2677 1851 2722; x_wconf 93' lang='lat' dir='ltr'><strong>ut</strong></span> <span class='ocrx_word' id='word_1_263' title='bbox 1874 2669 1993 2723; x_wconf 88' lang='lat' dir='ltr'><strong>illas</strong></span> <span class='ocrx_word' id='word_1_264' title='bbox 2016 2670 2139 2723; x_wconf 90' lang='lat' dir='ltr'><strong>inde</strong></span> <span class='ocrx_word' id='word_1_265' title='bbox 2157 2679 2212 2724; x_wconf 89' lang='lat' dir='ltr'><strong>et</strong></span> <span class='ocrx_word' id='word_1_266' title='bbox 2235 2685 2388 2724; x_wconf 86' lang='lat' dir='ltr'><strong>com-</strong></span> 
     </span>
    </p>
   </div>
   <div class='ocr_carea' id='block_1_42' title="bbox 821 2760 2390 2831">
    <p class='ocr_par' dir='ltr' id='par_1_42' title="bbox 821 2760 2390 2831">
     <span class='ocr_line' id='line_1_42' title="bbox 821 2760 2390 2831; baseline 0.002 -19"><span class='ocrx_word' id='word_1_267' title='bbox 821 2760 1024 2829; x_wconf 74' lang='lat' dir='ltr'><strong>positio</strong></span> <span class='ocrx_word' id='word_1_268' title='bbox 1069 2771 1476 2829; x_wconf 82' lang='lat' dir='ltr'><strong>consequatur;</strong></span> <span class='ocrx_word' id='word_1_269' title='bbox 1525 2776 1703 2827; x_wconf 78' lang='lat' dir='ltr'><strong>neque</strong></span> <span class='ocrx_word' id='word_1_270' title='bbox 1728 2762 1876 2814; x_wconf 85' lang='lat' dir='ltr'><strong>enim</strong></span> <span class='ocrx_word' id='word_1_271' title='bbox 1923 2771 1981 2815; x_wconf 93' lang='lat' dir='ltr'><strong>ut</strong></span> <span class='ocrx_word' id='word_1_272' title='bbox 2024 2772 2206 2831; x_wconf 89' lang='lat' dir='ltr'><strong>partes</strong></span> <span class='ocrx_word' id='word_1_273' title='bbox 2247 2762 2390 2816; x_wconf 85' lang='lat' dir='ltr'><strong>illius</strong></span> 
     </span>
    </p>
   </div>
   <div class='ocr_carea' id='block_1_43' title="bbox 821 2846 2391 2923">
    <p class='ocr_par' dir='ltr' id='par_1_43' title="bbox 821 2846 2391 2923">
     <span class='ocr_line' id='line_1_43' title="bbox 821 2846 2391 2923; baseline 0.002 -19"><span class='ocrx_word' id='word_1_274' title='bbox 821 2853 934 2906; x_wconf 73' lang='lat' dir='ltr'><strong>haec</strong></span> <span class='ocrx_word' id='word_1_275' title='bbox 963 2852 1274 2905; x_wconf 80' lang='lat' dir='ltr'><strong>combinata</strong></span> <span class='ocrx_word' id='word_1_276' title='bbox 1306 2851 1681 2920; x_wconf 81' lang='lat' dir='ltr'><strong>accipiuntur,</strong></span> <span class='ocrx_word' id='word_1_277' title='bbox 1713 2867 1888 2922; x_wconf 89' lang='lat' dir='ltr'><strong>neque</strong></span> <span class='ocrx_word' id='word_1_278' title='bbox 1913 2864 1974 2907; x_wconf 89' lang='lat' dir='ltr'><strong>ut</strong></span> <span class='ocrx_word' id='word_1_279' title='bbox 1995 2846 2220 2907; x_wconf 81' lang='lat' dir='ltr'><strong>materia</strong></span> <span class='ocrx_word' id='word_1_280' title='bbox 2242 2869 2391 2923; x_wconf 71' lang='lat' dir='ltr'><strong>qua:-</strong></span> 
     </span>
    </p>
   </div>
   <div class='ocr_carea' id='block_1_44' title="bbox 817 2944 2393 3015">
    <p class='ocr_par' dir='ltr' id='par_1_44' title="bbox 817 2944 2393 3015">
     <span class='ocr_line' id='line_1_44' title="bbox 817 2944 2393 3015; baseline 0 -17"><span class='ocrx_word' id='word_1_281' title='bbox 817 2946 943 2998; x_wconf 87' lang='lat' dir='ltr'><strong>dam</strong></span> <span class='ocrx_word' id='word_1_282' title='bbox 995 2944 1238 3012; x_wconf 84' lang='lat' dir='ltr'><strong>subjecta</strong></span> <span class='ocrx_word' id='word_1_283' title='bbox 1264 2983 1279 3007; x_wconf 89' lang='lat'><strong>,</strong></span> <span class='ocrx_word' id='word_1_284' title='bbox 1323 2958 1503 3012; x_wconf 88' lang='lat' dir='ltr'><strong>neque</strong></span> <span class='ocrx_word' id='word_1_285' title='bbox 1557 2952 1617 2997; x_wconf 91' lang='lat' dir='ltr'><strong>ut</strong></span> <span class='ocrx_word' id='word_1_286' title='bbox 1657 2945 1910 3012; x_wconf 69' lang='lat' dir='ltr'><strong>quaedam</strong></span> <span class='ocrx_word' id='word_1_287' title='bbox 1961 2947 2253 3015; x_wconf 89' lang='lat' dir='ltr'><strong>compositi</strong></span> <span class='ocrx_word' id='word_1_288' title='bbox 2284 2945 2393 2999; x_wconf 86' lang='lat' dir='ltr'><strong>elc-</strong></span> 
     </span>
    </p>
   </div>
   <div class='ocr_carea' id='block_1_45' title="bbox 2481 1932 4082 2015">
    <p class='ocr_par' dir='ltr' id='par_1_45' title="bbox 2481 1932 4082 2015">
     <span class='ocr_line' id='line_1_45' title="bbox 2481 1932 4082 2015; baseline -0.012 -15"><span class='ocrx_word' id='word_1_289' title='bbox 2481 1947 2575 2000; x_wconf 78' lang='grc' dir='ltr'><strong>καὶ</strong></span> <span class='ocrx_word' id='word_1_290' title='bbox 2613 1948 2680 2015; x_wconf 81' lang='grc' dir='ltr'><strong>τῇ</strong></span> <span class='ocrx_word' id='word_1_291' title='bbox 2732 1942 3037 2012; x_wconf 72' lang='grc' dir='ltr'><strong>διδασκάλῳ</strong></span> <span class='ocrx_word' id='word_1_292' title='bbox 3084 1938 3445 2002; x_wconf 78' lang='grc' dir='ltr'><strong>διεξελθόντες</strong></span> <span class='ocrx_word' id='word_1_293' title='bbox 3494 1932 3760 2003; x_wconf 72' lang='grc' dir='ltr'><strong>σαφηνείᾳ</strong></span> <span class='ocrx_word' id='word_1_294' title='bbox 3795 1932 3901 1985; x_wconf 71' lang='grc' dir='ltr'><strong>καὶ</strong></span> <span class='ocrx_word' id='word_1_295' title='bbox 3949 1932 4082 1999; x_wconf 73' lang='grc' dir='ltr'><strong>περὶ</strong></span> 
     </span>
    </p>
   </div>
   <div class='ocr_carea' id='block_1_46' title="bbox 2482 2023 4076 2099">
    <p class='ocr_par' dir='ltr' id='par_1_46' title="bbox 2482 2023 4076 2099">
     <span class='ocr_line' id='line_1_46' title="bbox 2482 2023 4076 2099; baseline -0.013 -7"><span class='ocrx_word' id='word_1_296' title='bbox 2482 2038 2590 2092; x_wconf 87' lang='grc' dir='ltr'><strong>τῶν</strong></span> <span class='ocrx_word' id='word_1_297' title='bbox 2631 2036 2939 2090; x_wconf 74' lang='grc' dir='ltr'><strong>ὑπολοίπων</strong></span> <span class='ocrx_word' id='word_1_298' title='bbox 2978 2033 3039 2098; x_wconf 69' lang='grc' dir='ltr'><strong>ἐξ</strong></span> <span class='ocrx_word' id='word_1_299' title='bbox 3077 2033 3168 2086; x_wconf 82' lang='grc' dir='ltr'><strong>τὸν</strong></span> <span class='ocrx_word' id='word_1_300' title='bbox 3199 2030 3363 2084; x_wconf 82' lang='grc' dir='ltr'><strong>αὑτὸν</strong></span> <span class='ocrx_word' id='word_1_301' title='bbox 3398 2029 3526 2099; x_wconf 78' lang='grc' dir='ltr'><strong>ὑμῖν</strong></span> <span class='ocrx_word' id='word_1_302' title='bbox 3556 2025 3814 2080; x_wconf 82' lang='grc' dir='ltr'><strong>διασῶσαι</strong></span> <span class='ocrx_word' id='word_1_303' title='bbox 3845 2025 3959 2091; x_wconf 79' lang='grc' dir='ltr'><strong>τῆς</strong></span> <span class='ocrx_word' id='word_1_304' title='bbox 4002 2023 4076 2073; x_wconf 79' lang='grc' dir='ltr'><strong>δι-</strong></span> 
     </span>
    </p>
   </div>
   <div class='ocr_carea' id='block_1_47' title="bbox 2483 2111 4082 2193">
    <p class='ocr_par' dir='ltr' id='par_1_47' title="bbox 2483 2111 4082 2193">
     <span class='ocr_line' id='line_1_47' title="bbox 2483 2111 4082 2193; baseline -0.013 -11"><span class='ocrx_word' id='word_1_305' title='bbox 2483 2128 2780 2190; x_wconf 91' lang='grc' dir='ltr'><strong>δασκαλίας</strong></span> <span class='ocrx_word' id='word_1_306' title='bbox 2814 2123 3216 2193; x_wconf 83' lang='grc' dir='ltr'><strong>ἐδικαιώσαμεν</strong></span> <span class='ocrx_word' id='word_1_307' title='bbox 3260 2120 3450 2174; x_wconf 81' lang='grc' dir='ltr'><strong>τύπον.</strong></span> <span class='ocrx_word' id='word_1_308' title='bbox 3496 2118 3588 2171; x_wconf 86' lang='grc' dir='ltr'><strong>Διό</strong></span> <span class='ocrx_word' id='word_1_309' title='bbox 3621 2132 3818 2184; x_wconf 84' lang='grc' dir='ltr'><strong>φαμεν,</strong></span> <span class='ocrx_word' id='word_1_310' title='bbox 3856 2114 3943 2176; x_wconf 75' lang='lat' dir='ltr'><strong>(&#39;o;</strong></span> <span class='ocrx_word' id='word_1_311' title='bbox 3981 2111 4082 2181; x_wconf 76' lang='grc' dir='ltr'><strong>πρό</strong></span> 
     </span>
    </p>
   </div>
   <div class='ocr_carea' id='block_1_48' title="bbox 2493 2209 4083 2291">
    <p class='ocr_par' dir='ltr' id='par_1_48' title="bbox 2493 2209 4083 2291">
     <span class='ocr_line' id='line_1_48' title="bbox 2493 2209 4083 2291; baseline -0.012 -14"><span class='ocrx_word' id='word_1_312' title='bbox 2493 2240 2556 2291; x_wconf 81' lang='grc' dir='ltr'><strong>γε</strong></span> <span class='ocrx_word' id='word_1_313' title='bbox 2586 2223 2803 2276; x_wconf 79' lang='grc' dir='ltr'><strong>πάντων</strong></span> <span class='ocrx_word' id='word_1_314' title='bbox 2831 2221 3012 2273; x_wconf 74' lang='grc' dir='ltr'><strong>ἐκεῖνο</strong></span> <span class='ocrx_word' id='word_1_315' title='bbox 3033 2217 3231 2271; x_wconf 81' lang='grc' dir='ltr'><strong>εἰδέναι</strong></span> <span class='ocrx_word' id='word_1_316' title='bbox 3259 2215 3366 2286; x_wconf 81' lang='grc' dir='ltr'><strong>χρὴ</strong></span> <span class='ocrx_word' id='word_1_317' title='bbox 3385 2253 3402 2279; x_wconf 89' lang='grc'><strong>,</strong></span> <span class='ocrx_word' id='word_1_318' title='bbox 3435 2215 3519 2267; x_wconf 85' lang='grc' dir='ltr'><strong>ὅτι</strong></span> <span class='ocrx_word' id='word_1_319' title='bbox 3551 2213 3754 2280; x_wconf 69' lang='grc' dir='ltr'><strong>ἑκάστη</strong></span> <span class='ocrx_word' id='word_1_320' title='bbox 3795 2209 3915 2262; x_wconf 80' lang='grc' dir='ltr'><strong>τῶν</strong></span> <span class='ocrx_word' id='word_1_321' title='bbox 3952 2224 4083 2260; x_wconf 75' lang='grc' dir='ltr'><strong>κατ-</strong></span> 
     </span>
    </p>
   </div>
   <div class='ocr_carea' id='block_1_49' title="bbox 2493 2300 4084 2383">
    <p class='ocr_par' dir='ltr' id='par_1_49' title="bbox 2493 2300 4084 2383">
     <span class='ocr_line' id='line_1_49' title="bbox 2493 2300 4084 2383; baseline -0.01 -18"><span class='ocrx_word' id='word_1_322' title='bbox 2493 2312 2755 2383; x_wconf 80' lang='grc' dir='ltr'><strong>ηγοριῶν,</strong></span> <span class='ocrx_word' id='word_1_323' title='bbox 2809 2312 2938 2380; x_wconf 75' lang='grc' dir='ltr'><strong>περὶ</strong></span> <span class='ocrx_word' id='word_1_324' title='bbox 2979 2300 3055 2363; x_wconf 79' lang='grc' dir='ltr'><strong>ὧν</strong></span> <span class='ocrx_word' id='word_1_325' title='bbox 3085 2310 3114 2361; x_wconf 86' lang='grc' dir='ltr'><strong>δ</strong></span> <span class='ocrx_word' id='word_1_326' title='bbox 3155 2307 3335 2374; x_wconf 88' lang='grc' dir='ltr'><strong>λόγος,</strong></span> <span class='ocrx_word' id='word_1_327' title='bbox 3369 2305 3514 2374; x_wconf 81' lang='grc' dir='ltr'><strong>ἁπλῆ</strong></span> <span class='ocrx_word' id='word_1_328' title='bbox 3558 2304 3640 2365; x_wconf 88' lang='grc' dir='ltr'><strong>τίς</strong></span> <span class='ocrx_word' id='word_1_329' title='bbox 3678 2303 3846 2354; x_wconf 72' lang='grc' dir='ltr'><strong>ἐστιν’</strong></span> <span class='ocrx_word' id='word_1_330' title='bbox 3883 2301 3937 2352; x_wconf 88' lang='grc' dir='ltr'><strong>εί</strong></span> <span class='ocrx_word' id='word_1_331' title='bbox 3976 2301 4084 2367; x_wconf 70' lang='grc' dir='ltr'><strong>γὰρ</strong></span> 
     </span>
    </p>
   </div>
   <div class='ocr_carea' id='block_1_50' title="bbox 2487 2391 4081 2468">
    <p class='ocr_par' dir='ltr' id='par_1_50' title="bbox 2487 2391 4081 2468">
     <span class='ocr_line' id='line_1_50' title="bbox 2487 2391 4081 2468; baseline -0.01 -13"><span class='ocrx_word' id='word_1_332' title='bbox 2487 2403 2581 2455; x_wconf 79' lang='grc' dir='ltr'><strong>καὶ</strong></span> <span class='ocrx_word' id='word_1_333' title='bbox 2624 2402 2718 2454; x_wconf 70' lang='grc' dir='ltr'><strong>δύο</strong></span> <span class='ocrx_word' id='word_1_334' title='bbox 2762 2399 2924 2452; x_wconf 90' lang='grc' dir='ltr'><strong>τινῶν</strong></span> <span class='ocrx_word' id='word_1_335' title='bbox 2973 2398 3421 2468; x_wconf 80' lang='grc' dir='ltr'><strong>συνδυαζομένων</strong></span> <span class='ocrx_word' id='word_1_336' title='bbox 3469 2394 3812 2447; x_wconf 76' lang='grc' dir='ltr'><strong>ἀποτελεῖται</strong></span> <span class='ocrx_word' id='word_1_337' title='bbox 3863 2391 4081 2454; x_wconf 70' lang='grc' dir='ltr'><strong>ἑκάστη</strong></span> 
     </span>
    </p>
   </div>
   <div class='ocr_carea' id='block_1_51' title="bbox 2485 2478 4083 2558">
    <p class='ocr_par' dir='ltr' id='par_1_51' title="bbox 2485 2478 4083 2558">
     <span class='ocr_line' id='line_1_51' title="bbox 2485 2478 4083 2558; baseline -0.011 -14"><span class='ocrx_word' id='word_1_338' title='bbox 2485 2491 2594 2544; x_wconf 89' lang='grc' dir='ltr'><strong>τῶν</strong></span> <span class='ocrx_word' id='word_1_339' title='bbox 2638 2491 2697 2556; x_wconf 79' lang='grc' dir='ltr'><strong>ἒξ</strong></span> <span class='ocrx_word' id='word_1_340' title='bbox 2739 2485 3108 2558; x_wconf 82' lang='grc' dir='ltr'><strong>κατηγοριῶν,</strong></span> <span class='ocrx_word' id='word_1_341' title='bbox 3153 2485 3267 2539; x_wconf 80' lang='grc' dir='ltr'><strong>ἀλλ’</strong></span> <span class='ocrx_word' id='word_1_342' title='bbox 3308 2483 3402 2537; x_wconf 77' lang='grc' dir='ltr'><strong>οὖν</strong></span> <span class='ocrx_word' id='word_1_343' title='bbox 3447 2483 3626 2554; x_wconf 82' lang='grc' dir='ltr'><strong>δῆλον,</strong></span> <span class='ocrx_word' id='word_1_344' title='bbox 3670 2482 3754 2533; x_wconf 85' lang='grc' dir='ltr'><strong>ὅτι</strong></span> <span class='ocrx_word' id='word_1_345' title='bbox 3783 2481 3889 2532; x_wconf 63' lang='grc' dir='ltr'><strong>οὐκ</strong></span> <span class='ocrx_word' id='word_1_346' title='bbox 3944 2478 4083 2530; x_wconf 72' lang='grc' dir='ltr'><strong>αὐτὰ</strong></span> 
     </span>
    </p>
   </div>
   <div class='ocr_carea' id='block_1_52' title="bbox 2487 2569 4085 2650">
    <p class='ocr_par' dir='ltr' id='par_1_52' title="bbox 2487 2569 4085 2650">
     <span class='ocr_line' id='line_1_52' title="bbox 2487 2569 4085 2650; baseline -0.01 -14"><span class='ocrx_word' id='word_1_347' title='bbox 2487 2586 2558 2637; x_wconf 71' lang='grc' dir='ltr'><strong>τά</strong></span> <span class='ocrx_word' id='word_1_348' title='bbox 2590 2578 2994 2650; x_wconf 79' lang='grc' dir='ltr'><strong>συνδυαζόμενά</strong></span> <span class='ocrx_word' id='word_1_349' title='bbox 3043 2594 3224 2648; x_wconf 82' lang='grc' dir='ltr'><strong>φαμεν</strong></span> <span class='ocrx_word' id='word_1_350' title='bbox 3276 2571 3417 2628; x_wconf 75' lang='grc' dir='ltr'><strong>εἶναι</strong></span> <span class='ocrx_word' id='word_1_351' title='bbox 3453 2572 3810 2643; x_wconf 77' lang='grc' dir='ltr'><strong>κατηγορίαν,</strong></span> <span class='ocrx_word' id='word_1_352' title='bbox 3853 2570 3953 2622; x_wconf 78' lang='grc' dir='ltr'><strong>ἴνα</strong></span> <span class='ocrx_word' id='word_1_353' title='bbox 3994 2569 4085 2620; x_wconf 81' lang='grc' dir='ltr'><strong>καὶ</strong></span> 
     </span>
    </p>
   </div>
   <div class='ocr_carea' id='block_1_53' title="bbox 2489 2663 4080 2739">
    <p class='ocr_par' dir='ltr' id='par_1_53' title="bbox 2489 2663 4080 2739">
     <span class='ocr_line' id='line_1_53' title="bbox 2489 2663 4080 2739; baseline -0.009 -13"><span class='ocrx_word' id='word_1_354' title='bbox 2489 2675 2550 2726; x_wconf 78' lang='grc' dir='ltr'><strong>τὸ</strong></span> <span class='ocrx_word' id='word_1_355' title='bbox 2580 2672 2832 2726; x_wconf 84' lang='grc' dir='ltr'><strong>σύνθετον</strong></span> <span class='ocrx_word' id='word_1_356' title='bbox 2856 2671 3047 2733; x_wconf 81' lang='grc' dir='ltr'><strong>αὐταῖς</strong></span> <span class='ocrx_word' id='word_1_357' title='bbox 3069 2666 3506 2739; x_wconf 79' lang='grc' dir='ltr'><strong>ὲπακολουθήσῃ·</strong></span> <span class='ocrx_word' id='word_1_358' title='bbox 3536 2663 3659 2718; x_wconf 76' lang='grc' dir='ltr'><strong>οὔτε</strong></span> <span class='ocrx_word' id='word_1_359' title='bbox 3683 2663 3792 2734; x_wconf 74' lang='grc' dir='ltr'><strong>γάρ</strong></span> <span class='ocrx_word' id='word_1_360' title='bbox 3817 2663 3900 2725; x_wconf 80' lang='grc' dir='ltr'><strong>ὼς</strong></span> <span class='ocrx_word' id='word_1_361' title='bbox 3938 2663 4080 2731; x_wconf 76' lang='grc' dir='ltr'><strong>μέρη</strong></span> 
     </span>
    </p>
   </div>
   <div class='ocr_carea' id='block_1_54' title="bbox 2490 2753 4084 2833">
    <p class='ocr_par' dir='ltr' id='par_1_54' title="bbox 2490 2753 4084 2833">
     <span class='ocr_line' id='line_1_54' title="bbox 2490 2753 4084 2833; baseline -0.01 -15"><span class='ocrx_word' id='word_1_362' title='bbox 2490 2764 2661 2833; x_wconf 79' lang='grc' dir='ltr'><strong>αὐτῆς</strong></span> <span class='ocrx_word' id='word_1_363' title='bbox 2699 2763 2885 2816; x_wconf 74' lang='grc' dir='ltr'><strong>ἐκεῖνα</strong></span> <span class='ocrx_word' id='word_1_364' title='bbox 2907 2759 3418 2832; x_wconf 75' lang='grc' dir='ltr'><strong>παραλαμϐάνεται,</strong></span> <span class='ocrx_word' id='word_1_365' title='bbox 3450 2756 3574 2810; x_wconf 75' lang='grc' dir='ltr'><strong>οὔτε</strong></span> <span class='ocrx_word' id='word_1_366' title='bbox 3604 2755 3679 2818; x_wconf 83' lang='grc' dir='ltr'><strong>ὠς</strong></span> <span class='ocrx_word' id='word_1_367' title='bbox 3706 2753 3805 2822; x_wconf 85' lang='grc' dir='ltr'><strong>ὖλη</strong></span> <span class='ocrx_word' id='word_1_368' title='bbox 3827 2770 3922 2816; x_wconf 85' lang='grc' dir='ltr'><strong>τις</strong></span> <span class='ocrx_word' id='word_1_369' title='bbox 3953 2754 4084 2804; x_wconf 76' lang='grc' dir='ltr'><strong>ὑπο-</strong></span> 
     </span>
    </p>
   </div>
   <div class='ocr_carea' id='block_1_55' title="bbox 2493 2837 4083 2920">
    <p class='ocr_par' dir='ltr' id='par_1_55' title="bbox 2493 2837 4083 2920">
     <span class='ocr_line' id='line_1_55' title="bbox 2493 2837 4083 2920; baseline -0.009 -15"><span class='ocrx_word' id='word_1_370' title='bbox 2493 2857 2720 2920; x_wconf 80' lang='grc' dir='ltr'><strong>κειμένη</strong></span> <span class='ocrx_word' id='word_1_371' title='bbox 2751 2894 2765 2912; x_wconf 86' lang='grc'><strong>,</strong></span> <span class='ocrx_word' id='word_1_372' title='bbox 2801 2849 2918 2902; x_wconf 74' lang='grc' dir='ltr'><strong>ἀλλ’</strong></span> <span class='ocrx_word' id='word_1_373' title='bbox 2951 2849 3059 2902; x_wconf 78' lang='grc' dir='ltr'><strong>οὐδ’</strong></span> <span class='ocrx_word' id='word_1_374' title='bbox 3089 2849 3162 2908; x_wconf 81' lang='grc' dir='ltr'><strong>ῶς</strong></span> <span class='ocrx_word' id='word_1_375' title='bbox 3194 2863 3319 2900; x_wconf 85' lang='grc' dir='ltr'><strong>τινα</strong></span> <span class='ocrx_word' id='word_1_376' title='bbox 3348 2844 3601 2897; x_wconf 70' lang='grc' dir='ltr'><strong>συνθέτου</strong></span> <span class='ocrx_word' id='word_1_377' title='bbox 3641 2844 3884 2912; x_wconf 82' lang='grc' dir='ltr'><strong>στοιχεῖα</strong></span> <span class='ocrx_word' id='word_1_378' title='bbox 3905 2881 3922 2903; x_wconf 93' lang='grc'><strong>,</strong></span> <span class='ocrx_word' id='word_1_379' title='bbox 3971 2837 4083 2892; x_wconf 73' lang='grc' dir='ltr'><strong>ἀλλ’</strong></span> 
     </span>
    </p>
   </div>
   <div class='ocr_carea' id='block_1_56' title="bbox 2493 2933 4079 3014">
    <p class='ocr_par' dir='ltr' id='par_1_56' title="bbox 2493 2933 4079 3014">
     <span class='ocr_line' id='line_1_56' title="bbox 2493 2933 4079 3014; baseline -0.009 -17"><span class='ocrx_word' id='word_1_380' title='bbox 2493 2943 2680 3014; x_wconf 87' lang='grc' dir='ltr'><strong>ῶσπερ</strong></span> <span class='ocrx_word' id='word_1_381' title='bbox 2708 2946 2740 3013; x_wconf 75' lang='grc' dir='ltr'>ἡ</span> <span class='ocrx_word' id='word_1_382' title='bbox 2773 2942 2924 3011; x_wconf 84' lang='grc' dir='ltr'><strong>φιλία</strong></span> <span class='ocrx_word' id='word_1_383' title='bbox 2968 2940 3062 2994; x_wconf 82' lang='grc' dir='ltr'><strong>δύο</strong></span> <span class='ocrx_word' id='word_1_384' title='bbox 3092 2939 3193 3007; x_wconf 78' lang='grc' dir='ltr'><strong>μέν</strong></span> <span class='ocrx_word' id='word_1_385' title='bbox 3223 2939 3387 2990; x_wconf 86' lang='grc' dir='ltr'><strong>τινών</strong></span> <span class='ocrx_word' id='word_1_386' title='bbox 3415 2937 3561 2989; x_wconf 75' lang='grc' dir='ltr'><strong>ἐστιν</strong></span> <span class='ocrx_word' id='word_1_387' title='bbox 3599 2936 3826 2998; x_wconf 71' lang='grc' dir='ltr'><strong>ἑνωσις,</strong></span> <span class='ocrx_word' id='word_1_388' title='bbox 3861 2933 4079 2985; x_wconf 50' lang='lat' dir='ltr'><strong>olidis;-</strong></span> 
     </span>
    </p>
   </div>
   <div class='ocr_carea' id='block_1_57' title="bbox 821 3025 2393 3106">
    <p class='ocr_par' dir='ltr' id='par_1_57' title="bbox 821 3034 2390 3102">
     <span class='ocr_line' id='line_1_57' title="bbox 821 3034 2390 3102; baseline 0.001 -14"><span class='ocrx_word' id='word_1_389' title='bbox 821 3045 1044 3099; x_wconf 90' lang='lat' dir='ltr'><strong>menta;</strong></span> <span class='ocrx_word' id='word_1_390' title='bbox 1099 3049 1284 3087; x_wconf 78' lang='lat' dir='ltr'><strong>verum</strong></span> <span class='ocrx_word' id='word_1_391' title='bbox 1343 3034 1804 3102; x_wconf 84' lang='lat' dir='ltr'><strong>quemadmodum</strong></span> <span class='ocrx_word' id='word_1_392' title='bbox 1853 3034 2093 3089; x_wconf 88' lang='lat' dir='ltr'><strong>amicitia</strong></span> <span class='ocrx_word' id='word_1_393' title='bbox 2155 3037 2390 3090; x_wconf 90' lang='lat' dir='ltr'><strong>duorum</strong></span> 
     </span>
    </p>
   </div>
   <div class='ocr_carea' id='block_1_58' title="bbox 2496 3025 4086 3106">
    <p class='ocr_par' dir='ltr' id='par_1_58' title="bbox 2497 3025 4086 3106">
     <span class='ocr_line' id='line_1_58' title="bbox 2497 3025 4086 3106; baseline -0.007 -20"><span class='ocrx_word' id='word_1_394' title='bbox 2497 3052 2589 3106; x_wconf 84' lang='grc' dir='ltr'><strong>ρον</strong></span> <span class='ocrx_word' id='word_1_395' title='bbox 2621 3035 2735 3104; x_wconf 85' lang='lat' dir='ltr'><strong>(l8)</strong></span> <span class='ocrx_word' id='word_1_396' title='bbox 2779 3034 2836 3086; x_wconf 78' lang='grc' dir='ltr'><strong>δὲ</strong></span> <span class='ocrx_word' id='word_1_397' title='bbox 2885 3034 2995 3086; x_wconf 85' lang='grc' dir='ltr'><strong>τῶν</strong></span> <span class='ocrx_word' id='word_1_398' title='bbox 3039 3029 3336 3101; x_wconf 80' lang='grc' dir='ltr'><strong>φιλούντων</strong></span> <span class='ocrx_word' id='word_1_399' title='bbox 3383 3028 3552 3091; x_wconf 67' lang='grc' dir='ltr'><strong>ἔστὶν,</strong></span> <span class='ocrx_word' id='word_1_400' title='bbox 3601 3027 3708 3080; x_wconf 70' lang='grc' dir='ltr'><strong>οὐδ’</strong></span> <span class='ocrx_word' id='word_1_401' title='bbox 3759 3027 3826 3079; x_wconf 69' lang='grc' dir='ltr'><strong>ἐκ</strong></span> <span class='ocrx_word' id='word_1_402' title='bbox 3875 3025 4086 3078; x_wconf 83' lang='grc' dir='ltr'><strong>τούτων</strong></span> 
     </span>
    </p>
   </div>
   <div class='ocr_carea' id='block_1_59' title="bbox 823 3128 2394 3196">
    <p class='ocr_par' dir='ltr' id='par_1_59' title="bbox 823 3128 2394 3196">
     <span class='ocr_line' id='line_1_59' title="bbox 823 3128 2394 3196; baseline 0.001 -15"><span class='ocrx_word' id='word_1_403' title='bbox 823 3128 1106 3181; x_wconf 86' lang='lat' dir='ltr'><strong>hominum</strong></span> <span class='ocrx_word' id='word_1_404' title='bbox 1155 3135 1430 3181; x_wconf 86' lang='lat' dir='ltr'><strong>certorum</strong></span> <span class='ocrx_word' id='word_1_405' title='bbox 1464 3128 1779 3196; x_wconf 69' lang='lat' dir='ltr'><strong>coniunctio</strong></span> <span class='ocrx_word' id='word_1_406' title='bbox 1815 3137 1934 3193; x_wconf 87' lang='lat' dir='ltr'><strong>est,</strong></span> <span class='ocrx_word' id='word_1_407' title='bbox 1986 3140 2238 3182; x_wconf 90' lang='lat' dir='ltr'><strong>neutrum</strong></span> <span class='ocrx_word' id='word_1_408' title='bbox 2269 3143 2394 3183; x_wconf 78' lang='lat' dir='ltr'><strong>vero</strong></span> 
     </span>
    </p>
   </div>
   <div class='ocr_carea' id='block_1_60' title="bbox 823 3218 2394 3288">
    <p class='ocr_par' dir='ltr' id='par_1_60' title="bbox 823 3218 2394 3288">
     <span class='ocr_line' id='line_1_60' title="bbox 823 3218 2394 3288; baseline 0.003 -17"><span class='ocrx_word' id='word_1_409' title='bbox 823 3221 1127 3273; x_wconf 79' lang='lat' dir='ltr'><strong>amicorum</strong></span> <span class='ocrx_word' id='word_1_410' title='bbox 1155 3226 1260 3281; x_wconf 85' lang='lat' dir='ltr'><strong>est,</strong></span> <span class='ocrx_word' id='word_1_411' title='bbox 1304 3232 1481 3287; x_wconf 90' lang='lat' dir='ltr'><strong>neque</strong></span> <span class='ocrx_word' id='word_1_412' title='bbox 1505 3232 1572 3271; x_wconf 86' lang='lat' dir='ltr'><strong>ex</strong></span> <span class='ocrx_word' id='word_1_413' title='bbox 1605 3219 1692 3272; x_wconf 90' lang='lat' dir='ltr'><strong>bis</strong></span> <span class='ocrx_word' id='word_1_414' title='bbox 1719 3218 2131 3288; x_wconf 87' lang='lat' dir='ltr'><strong>quomodolibet</strong></span> <span class='ocrx_word' id='word_1_415' title='bbox 2163 3219 2394 3275; x_wconf 83' lang='lat' dir='ltr'><strong>conﬂata</strong></span> 
     </span>
    </p>
   </div>
   <div class='ocr_carea' id='block_1_61' title="bbox 822 3310 2398 3382">
    <p class='ocr_par' dir='ltr' id='par_1_61' title="bbox 822 3310 2398 3382">
     <span class='ocr_line' id='line_1_61' title="bbox 822 3310 2398 3382; baseline 0.003 -19"><span class='ocrx_word' id='word_1_416' title='bbox 822 3321 878 3363; x_wconf 82' lang='lat' dir='ltr'><strong>et</strong></span> <span class='ocrx_word' id='word_1_417' title='bbox 901 3313 1204 3379; x_wconf 84' lang='lat' dir='ltr'><strong>composita</strong></span> <span class='ocrx_word' id='word_1_418' title='bbox 1225 3348 1240 3371; x_wconf 88' lang='lat'><strong>.</strong></span> <span class='ocrx_word' id='word_1_419' title='bbox 1277 3310 1504 3362; x_wconf 88' lang='lat' dir='ltr'><strong>omnino</strong></span> <span class='ocrx_word' id='word_1_420' title='bbox 1538 3324 1668 3363; x_wconf 82' lang='lat' dir='ltr'><strong>vero</strong></span> <span class='ocrx_word' id='word_1_421' title='bbox 1711 3310 1936 3380; x_wconf 84' lang='lat' dir='ltr'><strong>simplex</strong></span> <span class='ocrx_word' id='word_1_422' title='bbox 1971 3322 2092 3377; x_wconf 92' lang='lat' dir='ltr'><strong>est;</strong></span> <span class='ocrx_word' id='word_1_423' title='bbox 2120 3322 2171 3366; x_wconf 90' lang='lat' dir='ltr'><strong>et</strong></span> <span class='ocrx_word' id='word_1_424' title='bbox 2206 3329 2398 3382; x_wconf 79' lang='lat' dir='ltr'><strong>quem-</strong></span> 
     </span>
    </p>
   </div>
   <div class='ocr_carea' id='block_1_62' title="bbox 825 3400 2398 3472">
    <p class='ocr_par' dir='ltr' id='par_1_62' title="bbox 825 3400 2398 3472">
     <span class='ocr_line' id='line_1_62' title="bbox 825 3400 2398 3472; baseline 0.001 -16"><span class='ocrx_word' id='word_1_425' title='bbox 825 3402 1119 3456; x_wconf 89' lang='lat' dir='ltr'><strong>admodum</strong></span> <span class='ocrx_word' id='word_1_426' title='bbox 1156 3400 1460 3454; x_wconf 82' lang='lat' dir='ltr'><strong>dominatio</strong></span> <span class='ocrx_word' id='word_1_427' title='bbox 1494 3416 1560 3453; x_wconf 89' lang='lat' dir='ltr'><strong>ex</strong></span> <span class='ocrx_word' id='word_1_428' title='bbox 1597 3402 1929 3457; x_wconf 90' lang='lat' dir='ltr'><strong>combinatis</strong></span> <span class='ocrx_word' id='word_1_429' title='bbox 1957 3405 2285 3472; x_wconf 88' lang='lat' dir='ltr'><strong>quibusdam</strong></span> <span class='ocrx_word' id='word_1_430' title='bbox 2313 3405 2398 3459; x_wconf 80' lang='lat' dir='ltr'><strong>ef-</strong></span> 
     </span>
    </p>
   </div>
   <div class='ocr_carea' id='block_1_63' title="bbox 829 3491 2397 3570">
    <p class='ocr_par' dir='ltr' id='par_1_63' title="bbox 829 3491 2397 3570">
     <span class='ocr_line' id='line_1_63' title="bbox 829 3491 2397 3570; baseline 0.002 -23"><span class='ocrx_word' id='word_1_431' title='bbox 829 3493 1008 3547; x_wconf 78' lang='lat' dir='ltr'><strong>ﬁcitur</strong></span> <span class='ocrx_word' id='word_1_432' title='bbox 1052 3500 1107 3546; x_wconf 91' lang='lat' dir='ltr'><strong>et</strong></span> <span class='ocrx_word' id='word_1_433' title='bbox 1142 3491 1550 3570; x_wconf 79' lang='lat' dir='ltr'><strong>manifestatur,</strong></span> <span class='ocrx_word' id='word_1_434' title='bbox 1586 3493 1814 3547; x_wconf 90' lang='lat' dir='ltr'><strong>omnino</strong></span> <span class='ocrx_word' id='word_1_435' title='bbox 1857 3509 1987 3549; x_wconf 78' lang='lat' dir='ltr'><strong>vero</strong></span> <span class='ocrx_word' id='word_1_436' title='bbox 2023 3507 2106 3549; x_wconf 88' lang='lat' dir='ltr'><strong>est</strong></span> <span class='ocrx_word' id='word_1_437' title='bbox 2135 3497 2397 3566; x_wconf 86' lang='lat' dir='ltr'><strong>simplex:</strong></span> 
     </span>
    </p>
   </div>
   <div class='ocr_carea' id='block_1_64' title="bbox 833 3579 2401 3657">
    <p class='ocr_par' dir='ltr' id='par_1_64' title="bbox 833 3579 2401 3657">
     <span class='ocr_line' id='line_1_64' title="bbox 833 3579 2401 3657; baseline 0.002 -20"><span class='ocrx_word' id='word_1_438' title='bbox 833 3584 1083 3637; x_wconf 85' lang='lat' dir='ltr'><strong>eumdem</strong></span> <span class='ocrx_word' id='word_1_439' title='bbox 1112 3597 1333 3651; x_wconf 90' lang='lat' dir='ltr'><strong>quoque</strong></span> <span class='ocrx_word' id='word_1_440' title='bbox 1365 3581 1418 3634; x_wconf 92' lang='lat' dir='ltr'><strong>in</strong></span> <span class='ocrx_word' id='word_1_441' title='bbox 1445 3579 1668 3635; x_wconf 79' lang='lat' dir='ltr'><strong>modum</strong></span> <span class='ocrx_word' id='word_1_442' title='bbox 1698 3584 1953 3652; x_wconf 65' lang='lat' dir='ltr'><strong>quaelibet</strong></span> <span class='ocrx_word' id='word_1_443' title='bbox 1985 3600 2077 3640; x_wconf 87' lang='lat' dir='ltr'><strong>sex</strong></span> <span class='ocrx_word' id='word_1_444' title='bbox 2098 3588 2401 3657; x_wconf 74' lang='lat' dir='ltr'><strong>categoria-</strong></span> 
     </span>
    </p>
   </div>
   <div class='ocr_carea' id='block_1_65' title="bbox 835 3669 2403 3741">
    <p class='ocr_par' dir='ltr' id='par_1_65' title="bbox 835 3669 2403 3741">
     <span class='ocr_line' id='line_1_65' title="bbox 835 3669 2403 3741; baseline 0.004 -18"><span class='ocrx_word' id='word_1_445' title='bbox 835 3688 953 3724; x_wconf 91' lang='lat' dir='ltr'><strong>rnm</strong></span> <span class='ocrx_word' id='word_1_446' title='bbox 990 3671 1209 3724; x_wconf 86' lang='lat' dir='ltr'><strong>duobus</strong></span> <span class='ocrx_word' id='word_1_447' title='bbox 1253 3669 1474 3738; x_wconf 87' lang='lat' dir='ltr'><strong>quidem</strong></span> <span class='ocrx_word' id='word_1_448' title='bbox 1507 3671 1961 3725; x_wconf 76' lang='lat' dir='ltr'><strong>convenientibus</strong></span> <span class='ocrx_word' id='word_1_449' title='bbox 1995 3674 2216 3741; x_wconf 88' lang='lat' dir='ltr'><strong>prodit,</strong></span> <span class='ocrx_word' id='word_1_450' title='bbox 2270 3691 2403 3729; x_wconf 88' lang='lat' dir='ltr'><strong>neu-</strong></span> 
     </span>
    </p>
   </div>
   <div class='ocr_carea' id='block_1_66' title="bbox 832 3757 2405 3832">
    <p class='ocr_par' dir='ltr' id='par_1_66' title="bbox 832 3757 2405 3832">
     <span class='ocr_line' id='line_1_66' title="bbox 832 3757 2405 3832; baseline 0.004 -19"><span class='ocrx_word' id='word_1_451' title='bbox 832 3769 980 3813; x_wconf 88' lang='lat' dir='ltr'><strong>trum</strong></span> <span class='ocrx_word' id='word_1_452' title='bbox 1015 3773 1148 3812; x_wconf 73' lang='lat' dir='ltr'><strong>Vero</strong></span> <span class='ocrx_word' id='word_1_453' title='bbox 1176 3757 1617 3812; x_wconf 80' lang='lat' dir='ltr'><strong>convenientium</strong></span> <span class='ocrx_word' id='word_1_454' title='bbox 1659 3771 1768 3824; x_wconf 83' lang='lat' dir='ltr'><strong>est,</strong></span> <span class='ocrx_word' id='word_1_455' title='bbox 1806 3776 1983 3831; x_wconf 90' lang='lat' dir='ltr'><strong>neque</strong></span> <span class='ocrx_word' id='word_1_456' title='bbox 2036 3761 2145 3816; x_wconf 87' lang='lat' dir='ltr'><strong>ullo</strong></span> <span class='ocrx_word' id='word_1_457' title='bbox 2179 3778 2405 3832; x_wconf 85' lang='lat' dir='ltr'><strong>prorsus</strong></span> 
     </span>
    </p>
   </div>
   <div class='ocr_carea' id='block_1_67' title="bbox 836 3845 2401 3920">
    <p class='ocr_par' dir='ltr' id='par_1_67' title="bbox 836 3845 2401 3920">
     <span class='ocr_line' id='line_1_67' title="bbox 836 3845 2401 3920; baseline 0.004 -21"><span class='ocrx_word' id='word_1_458' title='bbox 836 3847 999 3899; x_wconf 88' lang='lat' dir='ltr'><strong>modo</strong></span> <span class='ocrx_word' id='word_1_459' title='bbox 1027 3860 1095 3899; x_wconf 88' lang='lat' dir='ltr'><strong>ex</strong></span> <span class='ocrx_word' id='word_1_460' title='bbox 1140 3845 1332 3897; x_wconf 84' lang='lat' dir='ltr'><strong>iisdem</strong></span> <span class='ocrx_word' id='word_1_461' title='bbox 1380 3848 1754 3912; x_wconf 91' lang='lat' dir='ltr'><strong>componitur.</strong></span> <span class='ocrx_word' id='word_1_462' title='bbox 1810 3847 1903 3903; x_wconf 87' lang='lat' dir='ltr'><strong>Sic</strong></span> <span class='ocrx_word' id='word_1_463' title='bbox 1944 3865 2044 3918; x_wconf 76' lang='lat' dir='ltr'><strong>ego</strong></span> <span class='ocrx_word' id='word_1_464' title='bbox 2079 3860 2133 3904; x_wconf 90' lang='lat' dir='ltr'><strong>et</strong></span> <span class='ocrx_word' id='word_1_465' title='bbox 2179 3849 2401 3920; x_wconf 71' lang='lat' dir='ltr'><strong>reliqua:</strong></span> 
     </span>
    </p>
   </div>
   <div class='ocr_carea' id='block_1_68' title="bbox 837 3933 2404 4006">
    <p class='ocr_par' dir='ltr' id='par_1_68' title="bbox 837 3933 2404 4006">
     <span class='ocr_line' id='line_1_68' title="bbox 837 3933 2404 4006; baseline 0.004 -20"><span class='ocrx_word' id='word_1_466' title='bbox 837 3935 920 3986; x_wconf 76' lang='lat' dir='ltr'><strong>ba:</strong></span> <span class='ocrx_word' id='word_1_467' title='bbox 952 3943 1147 4002; x_wconf 61' lang='lat' dir='ltr'><strong>prater</strong></span> <span class='ocrx_word' id='word_1_468' title='bbox 1183 3939 1425 3999; x_wconf 89' lang='lat' dir='ltr'><strong>quatuor</strong></span> <span class='ocrx_word' id='word_1_469' title='bbox 1457 3933 1578 3986; x_wconf 91' lang='lat' dir='ltr'><strong>illas</strong></span> <span class='ocrx_word' id='word_1_470' title='bbox 1619 3935 1925 4004; x_wconf 83' lang='lat' dir='ltr'><strong>categorias</strong></span> <span class='ocrx_word' id='word_1_471' title='bbox 1953 3937 2230 4006; x_wconf 85' lang='lat' dir='ltr'><strong>simplices</strong></span> <span class='ocrx_word' id='word_1_472' title='bbox 2256 3948 2404 4004; x_wconf 88' lang='lat' dir='ltr'><strong>sunt,</strong></span> 
     </span>
    </p>
   </div>
   <div class='ocr_carea' id='block_1_69' title="bbox 833 4023 2408 4094">
    <p class='ocr_par' dir='ltr' id='par_1_69' title="bbox 833 4023 2408 4094">
     <span class='ocr_line' id='line_1_69' title="bbox 833 4023 2408 4094; baseline 0.003 -17"><span class='ocrx_word' id='word_1_473' title='bbox 833 4023 1297 4094; x_wconf 84' lang='lat' dir='ltr'><strong>quemadmodum</strong></span> <span class='ocrx_word' id='word_1_474' title='bbox 1353 4030 1408 4076; x_wconf 87' lang='lat' dir='ltr'><strong>et</strong></span> <span class='ocrx_word' id='word_1_475' title='bbox 1451 4023 1574 4078; x_wconf 63' lang='lat' dir='ltr'><strong>illa.</strong></span> <span class='ocrx_word' id='word_1_476' title='bbox 1610 4023 1786 4094; x_wconf 80' lang='lat' dir='ltr'><strong>Atque</strong></span> <span class='ocrx_word' id='word_1_477' title='bbox 1811 4025 2132 4094; x_wconf 86' lang='lat' dir='ltr'><strong>simplicitas</strong></span> <span class='ocrx_word' id='word_1_478' title='bbox 2157 4026 2259 4081; x_wconf 90' lang='lat' dir='ltr'><strong>ista</strong></span> <span class='ocrx_word' id='word_1_479' title='bbox 2287 4043 2408 4081; x_wconf 85' lang='lat' dir='ltr'><strong>om-</strong></span> 
     </span>
    </p>
   </div>
   <div class='ocr_carea' id='block_1_70' title="bbox 840 4112 2410 4185">
    <p class='ocr_par' dir='ltr' id='par_1_70' title="bbox 840 4112 2410 4185">
     <span class='ocr_line' id='line_1_70' title="bbox 840 4112 2410 4185; baseline 0.006 -20"><span class='ocrx_word' id='word_1_480' title='bbox 840 4113 1004 4167; x_wconf 85' lang='lat' dir='ltr'><strong>nibus</strong></span> <span class='ocrx_word' id='word_1_481' title='bbox 1037 4112 1327 4182; x_wconf 75' lang='lat' dir='ltr'><strong>catcgoriis</strong></span> <span class='ocrx_word' id='word_1_482' title='bbox 1365 4116 1674 4169; x_wconf 85' lang='lat' dir='ltr'><strong>communis</strong></span> <span class='ocrx_word' id='word_1_483' title='bbox 1700 4125 1784 4169; x_wconf 89' lang='lat' dir='ltr'><strong>est</strong></span> <span class='ocrx_word' id='word_1_484' title='bbox 1811 4133 1826 4183; x_wconf 88' lang='lat'><strong>;</strong></span> <span class='ocrx_word' id='word_1_485' title='bbox 1857 4116 2002 4185; x_wconf 93' lang='lat' dir='ltr'><strong>quod</strong></span> <span class='ocrx_word' id='word_1_486' title='bbox 2027 4133 2154 4173; x_wconf 84' lang='lat' dir='ltr'><strong>vero</strong></span> <span class='ocrx_word' id='word_1_487' title='bbox 2179 4135 2242 4172; x_wconf 86' lang='lat' dir='ltr'><strong>ex</strong></span> <span class='ocrx_word' id='word_1_488' title='bbox 2273 4121 2410 4174; x_wconf 78' lang='lat' dir='ltr'><strong>duo-</strong></span> 
     </span>
    </p>
   </div>
   <div class='ocr_carea' id='block_1_71' title="bbox 845 4201 2408 4274">
    <p class='ocr_par' dir='ltr' id='par_1_71' title="bbox 845 4201 2408 4274">
     <span class='ocr_line' id='line_1_71' title="bbox 845 4201 2408 4274; baseline 0.003 -19"><span class='ocrx_word' id='word_1_489' title='bbox 845 4203 948 4256; x_wconf 91' lang='lat' dir='ltr'><strong>bus</strong></span> <span class='ocrx_word' id='word_1_490' title='bbox 975 4201 1301 4272; x_wconf 86' lang='lat' dir='ltr'><strong>quibusdam</strong></span> <span class='ocrx_word' id='word_1_491' title='bbox 1340 4202 1664 4256; x_wconf 87' lang='lat' dir='ltr'><strong>coeuntibus</strong></span> <span class='ocrx_word' id='word_1_492' title='bbox 1694 4203 2009 4257; x_wconf 81' lang='lat' dir='ltr'><strong>eﬂiciuntur</strong></span> <span class='ocrx_word' id='word_1_493' title='bbox 2037 4215 2089 4258; x_wconf 89' lang='lat' dir='ltr'><strong>et</strong></span> <span class='ocrx_word' id='word_1_494' title='bbox 2117 4206 2408 4274; x_wconf 82' lang='lat' dir='ltr'><strong>prodeunt,</strong></span> 
     </span>
    </p>
   </div>
   <div class='ocr_carea' id='block_1_72' title="bbox 2501 3116 4085 3193">
    <p class='ocr_par' dir='ltr' id='par_1_72' title="bbox 2501 3116 4085 3193">
     <span class='ocr_line' id='line_1_72' title="bbox 2501 3116 4085 3193; baseline -0.006 -16"><span class='ocrx_word' id='word_1_495' title='bbox 2501 3123 2746 3177; x_wconf 79' lang='grc' dir='ltr'><strong>ὁπωσοῦν</strong></span> <span class='ocrx_word' id='word_1_496' title='bbox 2769 3122 3123 3193; x_wconf 69' lang='grc' dir='ltr'><strong>συγκειμένη,</strong></span> <span class='ocrx_word' id='word_1_497' title='bbox 3146 3120 3326 3190; x_wconf 80' lang='grc' dir='ltr'><strong>πάντη</strong></span> <span class='ocrx_word' id='word_1_498' title='bbox 3339 3120 3396 3172; x_wconf 81' lang='grc' dir='ltr'><strong>δέ</strong></span> <span class='ocrx_word' id='word_1_499' title='bbox 3414 3121 3558 3171; x_wconf 77' lang='grc' dir='ltr'><strong>ἐστιν</strong></span> <span class='ocrx_word' id='word_1_500' title='bbox 3581 3117 3745 3187; x_wconf 82' lang='grc' dir='ltr'><strong>ἁπλῆ,</strong></span> <span class='ocrx_word' id='word_1_501' title='bbox 3771 3116 3868 3170; x_wconf 80' lang='grc' dir='ltr'><strong>καὶ</strong></span> <span class='ocrx_word' id='word_1_502' title='bbox 3895 3116 4085 3183; x_wconf 75' lang='grc' dir='ltr'><strong>ὥσπερ</strong></span> 
     </span>
    </p>
   </div>
   <div class='ocr_carea' id='block_1_73' title="bbox 2501 3208 4087 3284">
    <p class='ocr_par' dir='ltr' id='par_1_73' title="bbox 2501 3208 4087 3284">
     <span class='ocr_line' id='line_1_73' title="bbox 2501 3208 4087 3284; baseline -0.006 -18"><span class='ocrx_word' id='word_1_503' title='bbox 2501 3217 2535 3284; x_wconf 79' lang='grc' dir='ltr'>ἡ</span> <span class='ocrx_word' id='word_1_504' title='bbox 2578 3213 2863 3266; x_wconf 81' lang='grc' dir='ltr'><strong>δεσποτεία</strong></span> <span class='ocrx_word' id='word_1_505' title='bbox 2909 3211 3357 3282; x_wconf 75' lang='grc' dir='ltr'><strong>συνδυαζομένων</strong></span> <span class='ocrx_word' id='word_1_506' title='bbox 3401 3210 3500 3279; x_wconf 71' lang='grc' dir='ltr'><strong>μέν</strong></span> <span class='ocrx_word' id='word_1_507' title='bbox 3542 3225 3702 3262; x_wconf 80' lang='grc' dir='ltr'><strong>τινων</strong></span> <span class='ocrx_word' id='word_1_508' title='bbox 3734 3208 4087 3262; x_wconf 75' lang='grc' dir='ltr'><strong>ἀποτελεῖται</strong></span> 
     </span>
    </p>
   </div>
   <div class='ocr_carea' id='block_1_74' title="bbox 2504 3300 4086 3375">
    <p class='ocr_par' dir='ltr' id='par_1_74' title="bbox 2504 3300 4086 3375">
     <span class='ocr_line' id='line_1_74' title="bbox 2504 3300 4086 3375; baseline -0.004 -18"><span class='ocrx_word' id='word_1_509' title='bbox 2504 3305 2598 3357; x_wconf 76' lang='grc' dir='ltr'><strong>καὶ</strong></span> <span class='ocrx_word' id='word_1_510' title='bbox 2636 3305 3012 3372; x_wconf 66' lang='grc' dir='ltr'><strong>ἀναφαίνεται,</strong></span> <span class='ocrx_word' id='word_1_511' title='bbox 3067 3306 3244 3375; x_wconf 89' lang='grc' dir='ltr'><strong>πάντη</strong></span> <span class='ocrx_word' id='word_1_512' title='bbox 3292 3303 3348 3356; x_wconf 77' lang='grc' dir='ltr'><strong>δέ</strong></span> <span class='ocrx_word' id='word_1_513' title='bbox 3394 3305 3541 3356; x_wconf 67' lang='grc' dir='ltr'><strong>ἔστιν</strong></span> <span class='ocrx_word' id='word_1_514' title='bbox 3582 3301 3763 3369; x_wconf 76' lang='grc' dir='ltr'><strong>ἁπλῆ,</strong></span> <span class='ocrx_word' id='word_1_515' title='bbox 3806 3301 3955 3353; x_wconf 77' lang='grc' dir='ltr'><strong>κατὰ</strong></span> <span class='ocrx_word' id='word_1_516' title='bbox 4000 3300 4086 3350; x_wconf 71' lang='grc' dir='ltr'><strong>τὸν</strong></span> 
     </span>
    </p>
   </div>
   <div class='ocr_carea' id='block_1_75' title="bbox 2505 3392 4087 3466">
    <p class='ocr_par' dir='ltr' id='par_1_75' title="bbox 2505 3392 4087 3466">
     <span class='ocr_line' id='line_1_75' title="bbox 2505 3392 4087 3466; baseline -0.005 -16"><span class='ocrx_word' id='word_1_517' title='bbox 2505 3397 2663 3450; x_wconf 72' lang='grc' dir='ltr'><strong>αὑτὸν</strong></span> <span class='ocrx_word' id='word_1_518' title='bbox 2713 3398 2914 3466; x_wconf 80' lang='grc' dir='ltr'><strong>τρόπον</strong></span> <span class='ocrx_word' id='word_1_519' title='bbox 2947 3397 3044 3449; x_wconf 76' lang='grc' dir='ltr'><strong>καὶ</strong></span> <span class='ocrx_word' id='word_1_520' title='bbox 3086 3396 3292 3466; x_wconf 76' lang='grc' dir='ltr'><strong>ἑκάστη</strong></span> <span class='ocrx_word' id='word_1_521' title='bbox 3344 3395 3453 3448; x_wconf 89' lang='grc' dir='ltr'><strong>τῶν</strong></span> <span class='ocrx_word' id='word_1_522' title='bbox 3501 3392 3562 3458; x_wconf 79' lang='grc' dir='ltr'><strong>ἒξ</strong></span> <span class='ocrx_word' id='word_1_523' title='bbox 3605 3395 3959 3461; x_wconf 77' lang='grc' dir='ltr'><strong>κατηγοριῶν</strong></span> <span class='ocrx_word' id='word_1_524' title='bbox 4001 3393 4087 3443; x_wconf 66' lang='grc' dir='ltr'><strong>δύο</strong></span> 
     </span>
    </p>
   </div>
   <div class='ocr_carea' id='block_1_76' title="bbox 2515 3483 4087 3557">
    <p class='ocr_par' dir='ltr' id='par_1_76' title="bbox 2515 3483 4087 3557">
     <span class='ocr_line' id='line_1_76' title="bbox 2515 3483 4087 3557; baseline -0.004 -19"><span class='ocrx_word' id='word_1_525' title='bbox 2515 3489 2615 3557; x_wconf 82' lang='grc' dir='ltr'><strong>μὲν</strong></span> <span class='ocrx_word' id='word_1_526' title='bbox 2655 3505 2816 3540; x_wconf 76' lang='grc' dir='ltr'><strong>τινων</strong></span> <span class='ocrx_word' id='word_1_527' title='bbox 2850 3487 3138 3541; x_wconf 80' lang='grc' dir='ltr'><strong>συνιόντων</strong></span> <span class='ocrx_word' id='word_1_528' title='bbox 3173 3485 3549 3554; x_wconf 77' lang='grc' dir='ltr'><strong>ἀναφαίνεται,</strong></span> <span class='ocrx_word' id='word_1_529' title='bbox 3584 3485 3869 3554; x_wconf 60' lang='grc' dir='ltr'><strong>οὐδὲτερον</strong></span> <span class='ocrx_word' id='word_1_530' title='bbox 3899 3484 3958 3536; x_wconf 73' lang='grc' dir='ltr'><strong>δὲ</strong></span> <span class='ocrx_word' id='word_1_531' title='bbox 3988 3483 4087 3535; x_wconf 66' lang='lat' dir='ltr'><strong>uin</strong></span> 
     </span>
    </p>
   </div>
   <div class='ocr_carea' id='block_1_77' title="bbox 2511 3576 4084 3644">
    <p class='ocr_par' dir='ltr' id='par_1_77' title="bbox 2511 3576 4084 3644">
     <span class='ocr_line' id='line_1_77' title="bbox 2511 3576 4084 3644; baseline -0.003 -15"><span class='ocrx_word' id='word_1_532' title='bbox 2511 3579 2799 3630; x_wconf 82' lang='grc' dir='ltr'><strong>συνιόντων</strong></span> <span class='ocrx_word' id='word_1_533' title='bbox 2835 3579 3005 3644; x_wconf 65' lang='grc' dir='ltr'><strong>ἐστὶν,</strong></span> <span class='ocrx_word' id='word_1_534' title='bbox 3049 3577 3158 3630; x_wconf 84' lang='grc' dir='ltr'><strong>οὐδ’</strong></span> <span class='ocrx_word' id='word_1_535' title='bbox 3198 3577 3450 3631; x_wconf 83' lang='grc' dir='ltr'><strong>ὁπωσοῦν</strong></span> <span class='ocrx_word' id='word_1_536' title='bbox 3476 3577 3535 3640; x_wconf 79' lang='grc' dir='ltr'>ἐξ</span> <span class='ocrx_word' id='word_1_537' title='bbox 3561 3576 3742 3630; x_wconf 85' lang='grc' dir='ltr'><strong>αὐτῶν</strong></span> <span class='ocrx_word' id='word_1_538' title='bbox 3775 3580 4084 3641; x_wconf 78' lang='grc' dir='ltr'><strong>σύγκειται·</strong></span> 
     </span>
    </p>
   </div>
   <div class='ocr_carea' id='block_1_78' title="bbox 2508 3665 4088 3738">
    <p class='ocr_par' dir='ltr' id='par_1_78' title="bbox 2508 3665 4088 3738">
     <span class='ocr_line' id='line_1_78' title="bbox 2508 3665 4088 3738; baseline -0.002 -18"><span class='ocrx_word' id='word_1_539' title='bbox 2508 3669 2681 3738; x_wconf 78' lang='grc' dir='ltr'><strong>ταύτῃ</strong></span> <span class='ocrx_word' id='word_1_540' title='bbox 2716 3669 2954 3738; x_wconf 80' lang='grc' dir='ltr'><strong>(19)άρα</strong></span> <span class='ocrx_word' id='word_1_541' title='bbox 2980 3668 3075 3720; x_wconf 78' lang='grc' dir='ltr'><strong>καὶ</strong></span> <span class='ocrx_word' id='word_1_542' title='bbox 3103 3667 3287 3736; x_wconf 64' lang='grc' dir='ltr'><strong>ἕτεραι</strong></span> <span class='ocrx_word' id='word_1_543' title='bbox 3315 3666 3484 3720; x_wconf 68' lang='grc' dir='ltr'><strong>ἔνεισι</strong></span> <span class='ocrx_word' id='word_1_544' title='bbox 3513 3668 3663 3737; x_wconf 66' lang='grc' dir='ltr'><strong>παρὰ</strong></span> <span class='ocrx_word' id='word_1_545' title='bbox 3690 3665 3792 3728; x_wconf 72' lang='grc' dir='ltr'><strong>τὰς</strong></span> <span class='ocrx_word' id='word_1_546' title='bbox 3817 3665 4088 3733; x_wconf 70' lang='grc' dir='ltr'><strong>τέσσαρας</strong></span> 
     </span>
    </p>
   </div>
   <div class='ocr_carea' id='block_1_79' title="bbox 2512 3753 4088 3828">
    <p class='ocr_par' dir='ltr' id='par_1_79' title="bbox 2512 3753 4088 3828">
     <span class='ocr_line' id='line_1_79' title="bbox 2512 3753 4088 3828; baseline -0.003 -18"><span class='ocrx_word' id='word_1_547' title='bbox 2512 3753 2703 3822; x_wconf 79' lang='grc' dir='ltr'><strong>αὗται,</strong></span> <span class='ocrx_word' id='word_1_548' title='bbox 2733 3759 2903 3814; x_wconf 85' lang='grc' dir='ltr'><strong>ἁπλαῖ</strong></span> <span class='ocrx_word' id='word_1_549' title='bbox 2930 3758 2988 3811; x_wconf 79' lang='grc' dir='ltr'><strong>δὲ</strong></span> <span class='ocrx_word' id='word_1_550' title='bbox 3015 3758 3203 3828; x_wconf 81' lang='grc' dir='ltr'><strong>ὥσπερ</strong></span> <span class='ocrx_word' id='word_1_551' title='bbox 3228 3759 3500 3812; x_wconf 75' lang='grc' dir='ltr'><strong>κάκεῖναι·</strong></span> <span class='ocrx_word' id='word_1_552' title='bbox 3541 3762 3633 3811; x_wconf 63' lang='grc' dir='ltr'><strong>κα)⁵</strong></span> <span class='ocrx_word' id='word_1_553' title='bbox 3663 3758 3724 3810; x_wconf 74' lang='grc' dir='ltr'><strong>τὸ</strong></span> <span class='ocrx_word' id='word_1_554' title='bbox 3773 3758 3876 3825; x_wconf 81' lang='grc' dir='ltr'><strong>μὲν</strong></span> <span class='ocrx_word' id='word_1_555' title='bbox 3917 3757 4088 3814; x_wconf 67' lang='grc' dir='ltr'><strong>ἁπλᾶς</strong></span> 
     </span>
    </p>
   </div>
   <div class='ocr_carea' id='block_1_80' title="bbox 2513 3844 4088 3916">
    <p class='ocr_par' dir='ltr' id='par_1_80' title="bbox 2513 3844 4088 3916">
     <span class='ocr_line' id='line_1_80' title="bbox 2513 3844 4088 3916; baseline -0.004 -16"><span class='ocrx_word' id='word_1_556' title='bbox 2513 3844 2651 3902; x_wconf 79' lang='grc' dir='ltr'><strong>εῖναι</strong></span> <span class='ocrx_word' id='word_1_557' title='bbox 2679 3848 2856 3901; x_wconf 83' lang='grc' dir='ltr'><strong>κοινὸν</strong></span> <span class='ocrx_word' id='word_1_558' title='bbox 2880 3849 3144 3910; x_wconf 81' lang='grc' dir='ltr'><strong>άπάσαις,</strong></span> <span class='ocrx_word' id='word_1_559' title='bbox 3171 3847 3232 3901; x_wconf 75' lang='grc' dir='ltr'><strong>τὸ</strong></span> <span class='ocrx_word' id='word_1_560' title='bbox 3259 3848 3317 3900; x_wconf 73' lang='grc' dir='ltr'><strong>δὲ</strong></span> <span class='ocrx_word' id='word_1_561' title='bbox 3340 3848 3435 3901; x_wconf 87' lang='grc' dir='ltr'><strong>δύο</strong></span> <span class='ocrx_word' id='word_1_562' title='bbox 3461 3847 3622 3901; x_wconf 91' lang='grc' dir='ltr'><strong>τινῶν</strong></span> <span class='ocrx_word' id='word_1_563' title='bbox 3649 3847 4088 3916; x_wconf 75' lang='grc' dir='ltr'><strong>συνεληλυθότων</strong></span> 
     </span>
    </p>
   </div>
   <div class='ocr_carea' id='block_1_81' title="bbox 2514 3934 4088 4006">
    <p class='ocr_par' dir='ltr' id='par_1_81' title="bbox 2514 3934 4088 4006">
     <span class='ocr_line' id='line_1_81' title="bbox 2514 3934 4088 4006; baseline -0.003 -16"><span class='ocrx_word' id='word_1_564' title='bbox 2514 3936 2916 4004; x_wconf 82' lang='grc' dir='ltr'><strong>ἀπογεννᾶσθαι</strong></span> <span class='ocrx_word' id='word_1_565' title='bbox 2961 3937 3056 3989; x_wconf 84' lang='grc' dir='ltr'><strong>καὶ</strong></span> <span class='ocrx_word' id='word_1_566' title='bbox 3094 3937 3484 4006; x_wconf 70' lang='grc' dir='ltr'><strong>ἀναφαίνεσθαι</strong></span> <span class='ocrx_word' id='word_1_567' title='bbox 3529 3936 3765 4006; x_wconf 78' lang='grc' dir='ltr'><strong>μάλιστα</strong></span> <span class='ocrx_word' id='word_1_568' title='bbox 3814 3936 3950 3987; x_wconf 75' lang='grc' dir='ltr'><strong>[διον</strong></span> <span class='ocrx_word' id='word_1_569' title='bbox 3991 3934 4088 3986; x_wconf 79' lang='grc' dir='ltr'><strong>τῶν</strong></span> 
     </span>
    </p>
   </div>
   <div class='ocr_carea' id='block_1_82' title="bbox 2515 4024 4086 4097">
    <p class='ocr_par' dir='ltr' id='par_1_82' title="bbox 2515 4024 4086 4097">
     <span class='ocr_line' id='line_1_82' title="bbox 2515 4024 4086 4097; baseline -0.001 -18"><span class='ocrx_word' id='word_1_570' title='bbox 2515 4026 2595 4090; x_wconf 74' lang='grc' dir='ltr'><strong>ἔξ.</strong></span> <span class='ocrx_word' id='word_1_571' title='bbox 2647 4025 2901 4088; x_wconf 74' lang='grc' dir='ltr'><strong>Εἰπόντες</strong></span> <span class='ocrx_word' id='word_1_572' title='bbox 2959 4025 3053 4079; x_wconf 79' lang='grc' dir='ltr'><strong>οὖν</strong></span> <span class='ocrx_word' id='word_1_573' title='bbox 3083 4027 3149 4079; x_wconf 82' lang='grc' dir='ltr'><strong>τά</strong></span> <span class='ocrx_word' id='word_1_574' title='bbox 3194 4027 3389 4089; x_wconf 81' lang='grc' dir='ltr'><strong>κοινῶς</strong></span> <span class='ocrx_word' id='word_1_575' title='bbox 3419 4029 3794 4097; x_wconf 74' lang='grc' dir='ltr'><strong>ἐνυπάρχοντα</strong></span> <span class='ocrx_word' id='word_1_576' title='bbox 3836 4028 3961 4086; x_wconf 72' lang='grc' dir='ltr'><strong>ταῖς</strong></span> <span class='ocrx_word' id='word_1_577' title='bbox 3996 4024 4086 4087; x_wconf 75' lang='grc' dir='ltr'><strong>ἓξ.</strong></span> 
     </span>
    </p>
   </div>
   <div class='ocr_carea' id='block_1_83' title="bbox 2517 4117 4086 4189">
    <p class='ocr_par' dir='ltr' id='par_1_83' title="bbox 2517 4117 4086 4189">
     <span class='ocr_line' id='line_1_83' title="bbox 2517 4117 4086 4189; baseline -0.001 -19"><span class='ocrx_word' id='word_1_578' title='bbox 2517 4118 2611 4170; x_wconf 81' lang='grc' dir='ltr'><strong>καὶ</strong></span> <span class='ocrx_word' id='word_1_579' title='bbox 2639 4117 2767 4189; x_wconf 76' lang='grc' dir='ltr'><strong>περὶ</strong></span> <span class='ocrx_word' id='word_1_580' title='bbox 2793 4120 2920 4189; x_wconf 77' lang='grc' dir='ltr'><strong>μιᾶς</strong></span> <span class='ocrx_word' id='word_1_581' title='bbox 2949 4118 3187 4188; x_wconf 71' lang='grc' dir='ltr'><strong>ἑκάστης</strong></span> <span class='ocrx_word' id='word_1_582' title='bbox 3214 4119 3392 4171; x_wconf 80' lang='grc' dir='ltr'><strong>αὐτῶν</strong></span> <span class='ocrx_word' id='word_1_583' title='bbox 3416 4118 3523 4189; x_wconf 70' lang='grc' dir='ltr'><strong>ἰδία</strong></span> <span class='ocrx_word' id='word_1_584' title='bbox 3555 4118 3966 4188; x_wconf 74' lang='grc' dir='ltr'><strong>θεωρήσαιμεν·</strong></span> <span class='ocrx_word' id='word_1_585' title='bbox 4001 4117 4086 4169; x_wconf 78' lang='grc' dir='ltr'><strong>καὶ</strong></span> 
     </span>
    </p>
   </div>
   <div class='ocr_carea' id='block_1_84' title="bbox 2517 4207 4088 4282">
    <p class='ocr_par' dir='ltr' id='par_1_84' title="bbox 2517 4207 4088 4282">
     <span class='ocr_line' id='line_1_84' title="bbox 2517 4207 4088 4282; baseline 0.003 -22"><span class='ocrx_word' id='word_1_586' title='bbox 2517 4207 2782 4279; x_wconf 87' lang='grc' dir='ltr'><strong>πρότερόν</strong></span> <span class='ocrx_word' id='word_1_587' title='bbox 2810 4226 2875 4278; x_wconf 84' lang='grc' dir='ltr'><strong>γε</strong></span> <span class='ocrx_word' id='word_1_588' title='bbox 2915 4212 3047 4282; x_wconf 75' lang='grc' dir='ltr'><strong>περὶ</strong></span> <span class='ocrx_word' id='word_1_589' title='bbox 3074 4209 3166 4262; x_wconf 84' lang='grc' dir='ltr'><strong>τοῦ</strong></span> <span class='ocrx_word' id='word_1_590' title='bbox 3190 4209 3303 4280; x_wconf 59' lang='grc' dir='ltr'><strong>(το)</strong></span> <span class='ocrx_word' id='word_1_591' title='bbox 3331 4213 3524 4271; x_wconf 83' lang='grc' dir='ltr'><strong>ποιεῖν,</strong></span> <span class='ocrx_word' id='word_1_592' title='bbox 3549 4211 3651 4280; x_wconf 78' lang='grc' dir='ltr'><strong>τήν</strong></span> <span class='ocrx_word' id='word_1_593' title='bbox 3679 4226 3737 4262; x_wconf 80' lang='grc' dir='ltr'><strong>τε</strong></span> <span class='ocrx_word' id='word_1_594' title='bbox 3767 4211 4088 4280; x_wconf 64' lang='grc' dir='ltr'><strong>ὑπογραςὴν</strong></span> 
     </span>
    </p>
   </div>
   <div class='ocr_carea' id='block_1_85' title="bbox 844 4291 2393 4371">
    <p class='ocr_par' dir='ltr' id='par_1_85' title="bbox 844 4291 2393 4364">
     <span class='ocr_line' id='line_1_85' title="bbox 844 4291 2393 4364; baseline 0.003 -19"><span class='ocrx_word' id='word_1_595' title='bbox 844 4293 899 4346; x_wconf 88' lang='lat' dir='ltr'><strong>id</strong></span> <span class='ocrx_word' id='word_1_596' title='bbox 935 4292 1170 4345; x_wconf 68' lang='lat' dir='ltr'><strong>maxime</strong></span> <span class='ocrx_word' id='word_1_597' title='bbox 1205 4306 1300 4344; x_wconf 92' lang='lat' dir='ltr'><strong>sex</strong></span> <span class='ocrx_word' id='word_1_598' title='bbox 1352 4291 1473 4345; x_wconf 89' lang='lat' dir='ltr'><strong>istis</strong></span> <span class='ocrx_word' id='word_1_599' title='bbox 1516 4291 1818 4360; x_wconf 86' lang='lat' dir='ltr'><strong>proprium.</strong></span> <span class='ocrx_word' id='word_1_600' title='bbox 1884 4292 2022 4347; x_wconf 88' lang='lat' dir='ltr'><strong>Cum</strong></span> <span class='ocrx_word' id='word_1_601' title='bbox 2064 4294 2227 4364; x_wconf 74' lang='lat' dir='ltr'><strong>igitur</strong></span> <span class='ocrx_word' id='word_1_602' title='bbox 2260 4295 2393 4350; x_wconf 70' lang='lat' dir='ltr'><strong>dixe</strong></span> 
     </span>
    </p>
   </div>
   <div class='ocr_carea' id='block_1_86' title="bbox 2496 4291 4089 4371">
    <p class='ocr_par' dir='ltr' id='par_1_86' title="bbox 2520 4299 4089 4371">
     <span class='ocr_line' id='line_1_86' title="bbox 2520 4299 4089 4371; baseline 0.002 -20"><span class='ocrx_word' id='word_1_603' title='bbox 2520 4299 2683 4352; x_wconf 83' lang='grc' dir='ltr'><strong>αὑτοῦ</strong></span> <span class='ocrx_word' id='word_1_604' title='bbox 2719 4301 3120 4365; x_wconf 83' lang='grc' dir='ltr'><strong>ὑποτυποῦντες</strong></span> <span class='ocrx_word' id='word_1_605' title='bbox 3144 4302 3326 4356; x_wconf 78' lang='grc' dir='ltr'><strong>καὶτὰ</strong></span> <span class='ocrx_word' id='word_1_606' title='bbox 3363 4303 3479 4371; x_wconf 85' lang='grc' dir='ltr'><strong>εῖδη</strong></span> <span class='ocrx_word' id='word_1_607' title='bbox 3508 4303 3600 4355; x_wconf 80' lang='grc' dir='ltr'><strong>καὶ</strong></span> <span class='ocrx_word' id='word_1_608' title='bbox 3639 4303 3709 4356; x_wconf 75' lang='grc' dir='ltr'><strong>τὰ</strong></span> <span class='ocrx_word' id='word_1_609' title='bbox 3738 4301 3872 4355; x_wconf 87' lang='grc' dir='ltr'><strong>ῖδια·</strong></span> <span class='ocrx_word' id='word_1_610' title='bbox 3919 4318 4089 4368; x_wconf 73' lang='grc' dir='ltr'><strong>παρα·</strong></span> 
     </span>
    </p>
   </div>
   <div class='ocr_carea' id='block_1_87' title="bbox 841 4380 2393 4460">
    <p class='ocr_par' dir='ltr' id='par_1_87' title="bbox 841 4380 2393 4449">
     <span class='ocr_line' id='line_1_87' title="bbox 841 4380 2393 4449; baseline 0.005 -14"><span class='ocrx_word' id='word_1_611' title='bbox 841 4383 1017 4436; x_wconf 89' lang='lat' dir='ltr'><strong>rimus</strong></span> <span class='ocrx_word' id='word_1_612' title='bbox 1056 4380 1124 4437; x_wconf 85' lang='lat' dir='ltr'><strong>de</strong></span> <span class='ocrx_word' id='word_1_613' title='bbox 1173 4380 1241 4435; x_wconf 90' lang='lat' dir='ltr'><strong>iis</strong></span> <span class='ocrx_word' id='word_1_614' title='bbox 1280 4395 1404 4449; x_wconf 64' lang='lat' dir='ltr'><strong>quae</strong></span> <span class='ocrx_word' id='word_1_615' title='bbox 1449 4385 1821 4437; x_wconf 87' lang='lat' dir='ltr'><strong>communiter</strong></span> <span class='ocrx_word' id='word_1_616' title='bbox 1872 4383 2059 4439; x_wconf 89' lang='lat' dir='ltr'><strong>insunt</strong></span> <span class='ocrx_word' id='word_1_617' title='bbox 2110 4386 2230 4440; x_wconf 89' lang='lat' dir='ltr'><strong>istis</strong></span> <span class='ocrx_word' id='word_1_618' title='bbox 2292 4402 2393 4442; x_wconf 28' lang='lat' dir='ltr'><strong>sex.</strong></span> 
     </span>
    </p>
   </div>
   <div class='ocr_carea' id='block_1_88' title="bbox 2496 4380 3433 4460">
    <p class='ocr_par' dir='ltr' id='par_1_88' title="bbox 2517 4391 3433 4460">
     <span class='ocr_line' id='line_1_88' title="bbox 2517 4391 3433 4460; baseline 0.003 -16"><span class='ocrx_word' id='word_1_619' title='bbox 2517 4391 2760 4460; x_wconf 82' lang='grc' dir='ltr'><strong>πλησίως</strong></span> <span class='ocrx_word' id='word_1_620' title='bbox 2784 4392 2842 4445; x_wconf 65' lang='grc' dir='ltr'><strong>δὲ</strong></span> <span class='ocrx_word' id='word_1_621' title='bbox 2863 4392 2960 4446; x_wconf 81' lang='grc' dir='ltr'><strong>καὶ</strong></span> <span class='ocrx_word' id='word_1_622' title='bbox 2980 4393 3074 4445; x_wconf 65' lang='grc' dir='ltr'><strong>ἐπὶ</strong></span> <span class='ocrx_word' id='word_1_623' title='bbox 3105 4393 3212 4446; x_wconf 87' lang='grc' dir='ltr'><strong>τῶν</strong></span> <span class='ocrx_word' id='word_1_624' title='bbox 3236 4393 3433 4448; x_wconf 72' lang='grc' dir='ltr'><strong>ἄλλων.</strong></span> 
     </span>
    </p>
   </div>
   <div class='ocr_carea' id='block_1_89' title="bbox 844 4472 4087 4559">
    <p class='ocr_par' dir='ltr' id='par_1_89' title="bbox 844 4472 4087 4559">
     <span class='ocr_line' id='line_1_89' title="bbox 844 4472 4087 4559; baseline 0.004 -32"><span class='ocrx_word' id='word_1_625' title='bbox 844 4474 1007 4527; x_wconf 87' lang='lat' dir='ltr'><strong>etiam</strong></span> <span class='ocrx_word' id='word_1_626' title='bbox 1063 4473 1130 4527; x_wconf 85' lang='lat' dir='ltr'><strong>de</strong></span> <span class='ocrx_word' id='word_1_627' title='bbox 1177 4472 1409 4542; x_wconf 72' lang='lat' dir='ltr'><strong>singulis</strong></span> <span class='ocrx_word' id='word_1_628' title='bbox 1461 4489 1650 4527; x_wconf 87' lang='lat' dir='ltr'><strong>earum</strong></span> <span class='ocrx_word' id='word_1_629' title='bbox 1705 4474 1936 4529; x_wconf 88' lang='lat' dir='ltr'><strong>seorsim</strong></span> <span class='ocrx_word' id='word_1_630' title='bbox 1981 4476 2418 4544; x_wconf 86' lang='lat' dir='ltr'><strong>disquisitionem</strong></span> <span class='ocrx_word' id='word_1_631' title='bbox 2497 4483 2785 4539; x_wconf 88' lang='lat' dir='ltr'><strong>instituere</strong></span> <span class='ocrx_word' id='word_1_632' title='bbox 2849 4487 3138 4552; x_wconf 84' lang='lat' dir='ltr'><strong>volumus;</strong></span> <span class='ocrx_word' id='word_1_633' title='bbox 3185 4501 3250 4542; x_wconf 90' lang='lat' dir='ltr'><strong>ac</strong></span> <span class='ocrx_word' id='word_1_634' title='bbox 3286 4489 3464 4556; x_wconf 89' lang='lat' dir='ltr'><strong>primo</strong></span> <span class='ocrx_word' id='word_1_635' title='bbox 3499 4488 3716 4559; x_wconf 83' lang='lat' dir='ltr'><strong>quidem</strong></span> <span class='ocrx_word' id='word_1_636' title='bbox 3748 4489 3820 4543; x_wconf 86' lang='lat' dir='ltr'><strong>de</strong></span> <span class='ocrx_word' id='word_1_637' title='bbox 3861 4488 4087 4544; x_wconf 72' lang='lat' dir='ltr'><strong>actione.</strong></span> 
     </span>
    </p>
   </div>
   <div class='ocr_carea' id='block_1_90' title="bbox 852 4566 3711 4639">
    <p class='ocr_par' dir='ltr' id='par_1_90' title="bbox 852 4566 3711 4639">
     <span class='ocr_line' id='line_1_90' title="bbox 852 4566 3711 4639; baseline 0.007 -21"><span class='ocrx_word' id='word_1_638' title='bbox 852 4567 1011 4638; x_wconf 85' lang='lat' dir='ltr'><strong>cujus</strong></span> <span class='ocrx_word' id='word_1_639' title='bbox 1055 4566 1502 4636; x_wconf 88' lang='lat' dir='ltr'><strong>descriptionem,</strong></span> <span class='ocrx_word' id='word_1_640' title='bbox 1540 4570 1752 4637; x_wconf 87' lang='lat' dir='ltr'><strong>species</strong></span> <span class='ocrx_word' id='word_1_641' title='bbox 1789 4585 1853 4624; x_wconf 92' lang='lat' dir='ltr'><strong>ac</strong></span> <span class='ocrx_word' id='word_1_642' title='bbox 1890 4572 2248 4639; x_wconf 87' lang='lat' dir='ltr'><strong>proprietates</strong></span> <span class='ocrx_word' id='word_1_643' title='bbox 2278 4575 2672 4633; x_wconf 85' lang='lat' dir='ltr'><strong>delineabimus</strong></span> <span class='ocrx_word' id='word_1_644' title='bbox 2698 4594 2715 4638; x_wconf 84' lang='lat'><strong>:</strong></span> <span class='ocrx_word' id='word_1_645' title='bbox 2745 4579 2998 4635; x_wconf 84' lang='lat' dir='ltr'><strong>similiter</strong></span> <span class='ocrx_word' id='word_1_646' title='bbox 3026 4597 3154 4636; x_wconf 87' lang='lat' dir='ltr'><strong>vero</strong></span> <span class='ocrx_word' id='word_1_647' title='bbox 3191 4583 3357 4636; x_wconf 79' lang='lat' dir='ltr'><strong>etiam</strong></span> <span class='ocrx_word' id='word_1_648' title='bbox 3390 4585 3456 4638; x_wconf 85' lang='lat' dir='ltr'><strong>de</strong></span> <span class='ocrx_word' id='word_1_649' title='bbox 3479 4585 3711 4639; x_wconf 63' lang='lat' dir='ltr'><strong>caeteris.</strong></span> 
     </span>
    </p>
   </div>
   <div class='ocr_carea' id='block_1_91' title="bbox 1141 4677 2109 4754">
    <p class='ocr_par' dir='ltr' id='par_1_91' title="bbox 1141 4677 2109 4754">
     <span class='ocr_line' id='line_1_91' title="bbox 1141 4677 2109 4754; baseline 0.003 -20"><span class='ocrx_word' id='word_1_650' title='bbox 1141 4677 1473 4745; x_wconf 68' lang='lat' dir='ltr'><strong>QUESTIO</strong></span> <span class='ocrx_word' id='word_1_651' title='bbox 1497 4679 1701 4734; x_wconf 62' lang='lat' dir='ltr'><strong>cum</strong></span> <span class='ocrx_word' id='word_1_652' title='bbox 1733 4679 2109 4754; x_wconf 75' lang='lat' dir='ltr'><strong>[CLXXVIIL]</strong></span> 
     </span>
    </p>
   </div>
   <div class='ocr_carea' id='block_1_92' title="bbox 1455 4770 1797 4827">
    <p class='ocr_par' dir='ltr' id='par_1_92' title="bbox 1455 4770 1797 4827">
     <span class='ocr_line' id='line_1_92' title="bbox 1455 4770 1797 4827; baseline 0.012 -4"><span class='ocrx_word' id='word_1_653' title='bbox 1455 4770 1529 4825; x_wconf 81' lang='lat' dir='ltr'><strong>De</strong></span> <span class='ocrx_word' id='word_1_654' title='bbox 1569 4774 1797 4827; x_wconf 77' lang='lat' dir='ltr'><strong>actione.</strong></span> 
     </span>
    </p>
   </div>
   <div class='ocr_carea' id='block_1_93' title="bbox 3025 4694 3571 4752">
    <p class='ocr_par' dir='ltr' id='par_1_93' title="bbox 3025 4694 3571 4752">
     <span class='ocr_line' id='line_1_93' title="bbox 3025 4694 3571 4752; baseline 0.011 -7"><span class='ocrx_word' id='word_1_655' title='bbox 3025 4694 3360 4748; x_wconf 80' lang='grc' dir='ltr'><strong>ΕΡΩἹἪΣΙΣ</strong></span> <span class='ocrx_word' id='word_1_656' title='bbox 3394 4696 3571 4752; x_wconf 77' lang='lat' dir='ltr'><strong>PMI&quot;.</strong></span> 
     </span>
    </p>
   </div>
   <div class='ocr_carea' id='block_1_94' title="bbox 3036 4785 3576 4855">
    <p class='ocr_par' dir='ltr' id='par_1_94' title="bbox 3036 4785 3576 4855">
     <span class='ocr_line' id='line_1_94' title="bbox 3036 4785 3576 4855; baseline 0.009 -17"><span class='ocrx_word' id='word_1_657' title='bbox 3036 4787 3177 4855; x_wconf 71' lang='lat' dir='ltr'><strong>napi</strong></span> <span class='ocrx_word' id='word_1_658' title='bbox 3218 4785 3326 4840; x_wconf 81' lang='grc' dir='ltr'><strong>τοῦ</strong></span> <span class='ocrx_word' id='word_1_659' title='bbox 3364 4788 3576 4843; x_wconf 75' lang='grc' dir='ltr'><strong>ποιεῖν.</strong></span> 
     </span>
    </p>
   </div>
   <div class='ocr_carea' id='block_1_95' title="bbox 1907 4883 3016 4958">
    <p class='ocr_par' dir='ltr' id='par_1_95' title="bbox 1907 4883 3016 4958">
     <span class='ocr_line' id='line_1_95' title="bbox 1907 4883 3016 4958; baseline 0.014 -26"><span class='ocrx_word' id='word_1_660' title='bbox 1907 4883 2049 4934; x_wconf 66' lang='lat' dir='ltr'><strong>I-iunc</strong></span> <span class='ocrx_word' id='word_1_661' title='bbox 2077 4885 2288 4946; x_wconf 84' lang='lat' dir='ltr'><strong>primum</strong></span> <span class='ocrx_word' id='word_1_662' title='bbox 2313 4889 2447 4941; x_wconf 81' lang='lat' dir='ltr'><strong>edita</strong></span> <span class='ocrx_word' id='word_1_663' title='bbox 2467 4905 2494 4940; x_wconf 90' lang='lat' dir='ltr'><strong>a</strong></span> <span class='ocrx_word' id='word_1_664' title='bbox 2518 4891 2579 4942; x_wconf 92' lang='lat' dir='ltr'><strong>D.</strong></span> <span class='ocrx_word' id='word_1_665' title='bbox 2605 4894 3016 4958; x_wconf 76' lang='lat' dir='ltr'><strong>Hergcnroetber</strong></span> 
     </span>
    </p>
   </div>
   <div class='ocr_carea' id='block_1_96' title="bbox 917 4991 2418 5064">
    <p class='ocr_par' dir='ltr' id='par_1_96' title="bbox 917 4991 2418 5064">
     <span class='ocr_line' id='line_1_96' title="bbox 917 4991 2418 5064; baseline 0.005 -18"><span class='ocrx_word' id='word_1_666' title='bbox 917 4992 969 5047; x_wconf 75' lang='lat' dir='ltr'><strong>l.</strong></span> <span class='ocrx_word' id='word_1_667' title='bbox 1001 4992 1175 5064; x_wconf 74' lang='lat' dir='ltr'><strong>Agere</strong></span> <span class='ocrx_word' id='word_1_668' title='bbox 1203 5002 1286 5046; x_wconf 91' lang='lat' dir='ltr'><strong>est</strong></span> <span class='ocrx_word' id='word_1_669' title='bbox 1307 4991 1587 5061; x_wconf 84' lang='lat' dir='ltr'><strong>quomodo</strong></span> <span class='ocrx_word' id='word_1_670' title='bbox 1616 4991 1749 5048; x_wconf 79' lang='lat' dir='ltr'><strong>libet</strong></span> <span class='ocrx_word' id='word_1_671' title='bbox 1769 4995 2010 5064; x_wconf 87' lang='lat' dir='ltr'><strong>operari.</strong></span> <span class='ocrx_word' id='word_1_672' title='bbox 2037 4995 2212 5052; x_wconf 85' lang='lat' dir='ltr'><strong>Habet</strong></span> <span class='ocrx_word' id='word_1_673' title='bbox 2239 5008 2418 5054; x_wconf 89' lang='lat' dir='ltr'><strong>autem</strong></span> 
     </span>
    </p>
   </div>
   <div class='ocr_carea' id='block_1_97' title="bbox 848 5083 2418 5156">
    <p class='ocr_par' dir='ltr' id='par_1_97' title="bbox 848 5083 2418 5156">
     <span class='ocr_line' id='line_1_97' title="bbox 848 5083 2418 5156; baseline 0.004 -19"><span class='ocrx_word' id='word_1_674' title='bbox 848 5085 1057 5154; x_wconf 88' lang='lat' dir='ltr'><strong>primas</strong></span> <span class='ocrx_word' id='word_1_675' title='bbox 1111 5085 1321 5152; x_wconf 81' lang='lat' dir='ltr'><strong>species</strong></span> <span class='ocrx_word' id='word_1_676' title='bbox 1364 5084 1547 5140; x_wconf 87' lang='lat' dir='ltr'><strong>duas:</strong></span> <span class='ocrx_word' id='word_1_677' title='bbox 1582 5083 1639 5138; x_wconf 89' lang='lat' dir='ltr'><strong>in</strong></span> <span class='ocrx_word' id='word_1_678' title='bbox 1677 5085 1826 5140; x_wconf 88' lang='lat' dir='ltr'><strong>aliud</strong></span> <span class='ocrx_word' id='word_1_679' title='bbox 1854 5087 2091 5156; x_wconf 88' lang='lat' dir='ltr'><strong>operari,</strong></span> <span class='ocrx_word' id='word_1_680' title='bbox 2125 5097 2317 5143; x_wconf 87' lang='lat' dir='ltr'><strong>etnon</strong></span> <span class='ocrx_word' id='word_1_681' title='bbox 2363 5090 2418 5143; x_wconf 91' lang='lat' dir='ltr'><strong>in</strong></span> 
     </span>
    </p>
   </div>
   <div class='ocr_carea' id='block_1_98' title="bbox 849 5176 2418 5249">
    <p class='ocr_par' dir='ltr' id='par_1_98' title="bbox 849 5176 2418 5249">
     <span class='ocr_line' id='line_1_98' title="bbox 849 5176 2418 5249; baseline 0.004 -18"><span class='ocrx_word' id='word_1_682' title='bbox 849 5177 994 5232; x_wconf 90' lang='lat' dir='ltr'><strong>aliud</strong></span> <span class='ocrx_word' id='word_1_683' title='bbox 1058 5176 1312 5249; x_wconf 88' lang='lat' dir='ltr'><strong>operari;</strong></span> <span class='ocrx_word' id='word_1_684' title='bbox 1355 5177 1666 5248; x_wconf 84' lang='lat' dir='ltr'><strong>exemplum</strong></span> <span class='ocrx_word' id='word_1_685' title='bbox 1730 5179 2067 5248; x_wconf 83' lang='lat' dir='ltr'><strong>operationis</strong></span> <span class='ocrx_word' id='word_1_686' title='bbox 2123 5181 2179 5236; x_wconf 91' lang='lat' dir='ltr'><strong>in</strong></span> <span class='ocrx_word' id='word_1_687' title='bbox 2229 5181 2418 5238; x_wconf 89' lang='lat' dir='ltr'><strong>aliud:</strong></span> 
     </span>
    </p>
   </div>
   <div class='ocr_carea' id='block_1_99' title="bbox 2603 5001 4082 5086">
    <p class='ocr_par' dir='ltr' id='par_1_99' title="bbox 2603 5001 4082 5086">
     <span class='ocr_line' id='line_1_99' title="bbox 2603 5001 4082 5086; baseline 0.006 -31"><span class='ocrx_word' id='word_1_688' title='bbox 2603 5001 2672 5057; x_wconf 91' lang='grc' dir='ltr'><strong>α’.</strong></span> <span class='ocrx_word' id='word_1_689' title='bbox 2715 5005 2896 5059; x_wconf 86' lang='grc' dir='ltr'><strong>Ποιεῖν</strong></span> <span class='ocrx_word' id='word_1_690' title='bbox 2927 5006 3105 5060; x_wconf 84' lang='grc' dir='ltr'><strong>τοίνυν</strong></span> <span class='ocrx_word' id='word_1_691' title='bbox 3135 5009 3282 5062; x_wconf 63' lang='grc' dir='ltr'><strong>ἔστιν</strong></span> <span class='ocrx_word' id='word_1_692' title='bbox 3319 5025 3382 5063; x_wconf 92' lang='grc' dir='ltr'><strong>το</strong></span> <span class='ocrx_word' id='word_1_693' title='bbox 3402 5011 3651 5066; x_wconf 85' lang='grc' dir='ltr'><strong>οπωσοῦν</strong></span> <span class='ocrx_word' id='word_1_694' title='bbox 3683 5013 3934 5084; x_wconf 63' lang='grc' dir='ltr'><strong>ἐνεργεῖν</strong></span> <span class='ocrx_word' id='word_1_695' title='bbox 3966 5015 4082 5086; x_wconf 73' lang='grc'><strong>(21).</strong></span> 
     </span>
    </p>
   </div>
   <div class='ocr_carea' id='block_1_100' title="bbox 2533 5093 4086 5175">
    <p class='ocr_par' dir='ltr' id='par_1_100' title="bbox 2533 5093 4086 5175">
     <span class='ocr_line' id='line_1_100' title="bbox 2533 5093 4086 5175; baseline 0.004 -28"><span class='ocrx_word' id='word_1_696' title='bbox 2533 5093 2688 5163; x_wconf 81' lang='grc' dir='ltr'><strong>Ἔχει</strong></span> <span class='ocrx_word' id='word_1_697' title='bbox 2711 5093 2768 5146; x_wconf 68' lang='grc' dir='ltr'><strong>δὲ</strong></span> <span class='ocrx_word' id='word_1_698' title='bbox 2797 5096 2988 5165; x_wconf 86' lang='grc' dir='ltr'><strong>πρῶτα</strong></span> <span class='ocrx_word' id='word_1_699' title='bbox 3005 5098 3121 5168; x_wconf 80' lang='grc' dir='ltr'><strong>εῑδη</strong></span> <span class='ocrx_word' id='word_1_700' title='bbox 3144 5099 3257 5153; x_wconf 82' lang='grc' dir='ltr'><strong>δύο·</strong></span> <span class='ocrx_word' id='word_1_701' title='bbox 3273 5101 3338 5154; x_wconf 88' lang='grc' dir='ltr'><strong>τό</strong></span> <span class='ocrx_word' id='word_1_702' title='bbox 3361 5118 3422 5155; x_wconf 89' lang='grc' dir='ltr'><strong>τε</strong></span> <span class='ocrx_word' id='word_1_703' title='bbox 3453 5103 3530 5165; x_wconf 87' lang='grc' dir='ltr'><strong>είς</strong></span> <span class='ocrx_word' id='word_1_704' title='bbox 3551 5103 3682 5156; x_wconf 76' lang='grc' dir='ltr'><strong>ἄλλο</strong></span> <span class='ocrx_word' id='word_1_705' title='bbox 3706 5105 3980 5175; x_wconf 65' lang='grc' dir='ltr'><strong>ἐνεργεῖν,</strong></span> <span class='ocrx_word' id='word_1_706' title='bbox 4010 5106 4086 5158; x_wconf 79' lang='grc' dir='ltr'><strong>καὶ</strong></span> 
     </span>
    </p>
   </div>
   <div class='ocr_carea' id='block_1_101' title="bbox 2530 5184 4085 5270">
    <p class='ocr_par' dir='ltr' id='par_1_101' title="bbox 2530 5184 4085 5270">
     <span class='ocr_line' id='line_1_101' title="bbox 2530 5184 4085 5270; baseline 0.008 -33"><span class='ocrx_word' id='word_1_707' title='bbox 2530 5184 2591 5238; x_wconf 82' lang='grc' dir='ltr'><strong>τὸ</strong></span> <span class='ocrx_word' id='word_1_708' title='bbox 2615 5184 2692 5256; x_wconf 77' lang='grc' dir='ltr'><strong>μὴ</strong></span> <span class='ocrx_word' id='word_1_709' title='bbox 2712 5187 2790 5250; x_wconf 82' lang='grc' dir='ltr'><strong>εἰς</strong></span> <span class='ocrx_word' id='word_1_710' title='bbox 2811 5187 2959 5243; x_wconf 73' lang='grc' dir='ltr'><strong>ἄλλο’</strong></span> <span class='ocrx_word' id='word_1_711' title='bbox 2988 5192 3341 5266; x_wconf 75' lang='grc' dir='ltr'><strong>παράδειγμα</strong></span> <span class='ocrx_word' id='word_1_712' title='bbox 3367 5195 3461 5250; x_wconf 80' lang='grc' dir='ltr'><strong>τοῦ</strong></span> <span class='ocrx_word' id='word_1_713' title='bbox 3480 5197 3582 5268; x_wconf 64' lang='grc' dir='ltr'><strong>μὲν</strong></span> <span class='ocrx_word' id='word_1_714' title='bbox 3601 5198 3683 5260; x_wconf 88' lang='grc' dir='ltr'><strong>είς</strong></span> <span class='ocrx_word' id='word_1_715' title='bbox 3697 5197 3829 5253; x_wconf 67' lang='grc' dir='ltr'><strong>ἄλλο</strong></span> <span class='ocrx_word' id='word_1_716' title='bbox 3855 5200 4085 5270; x_wconf 63' lang='grc' dir='ltr'><strong>ἐνεργεῖν</strong></span> 
     </span>
    </p>
   </div>
   <div class='ocr_carea' id='block_1_102' title="bbox 2347 5380 2576 5440">
    <p class='ocr_par' dir='ltr' id='par_1_102' title="bbox 2347 5380 2576 5440">
     <span class='ocr_line' id='line_1_102' title="bbox 2347 5380 2576 5440; baseline 0.026 -6"><span class='ocrx_word' id='word_1_717' title='bbox 2347 5380 2576 5440; x_wconf 67' lang='grc' dir='ltr'><strong>ΝΟΤΕ.</strong></span> 
     </span>
    </p>
   </div>
   <div class='ocr_carea' id='block_1_103' title="bbox 921 5523 2422 5606">
    <p class='ocr_par' dir='ltr' id='par_1_103' title="bbox 921 5523 2422 5606">
     <span class='ocr_line' id='line_1_103' title="bbox 921 5523 2422 5606; baseline -0.005 -20"><span class='ocrx_word' id='word_1_718' title='bbox 921 5523 1035 5606; x_wconf 81' lang='lat' dir='ltr'><strong>(l6)</strong></span> <span class='ocrx_word' id='word_1_719' title='bbox 1065 5530 1244 5606; x_wconf 82' lang='lat' dir='ltr'><strong>Pauca</strong></span> <span class='ocrx_word' id='word_1_720' title='bbox 1270 5530 1561 5606; x_wconf 73' lang='lat' dir='ltr'><strong>admodum</strong></span> <span class='ocrx_word' id='word_1_721' title='bbox 1593 5531 1661 5606; x_wconf 75' lang='lat' dir='ltr'><strong>de</strong></span> <span class='ocrx_word' id='word_1_722' title='bbox 1683 5547 1776 5606; x_wconf 73' lang='lat' dir='ltr'><strong>sex</strong></span> <span class='ocrx_word' id='word_1_723' title='bbox 1799 5533 2020 5606; x_wconf 78' lang='lat' dir='ltr'><strong>reliquis</strong></span> <span class='ocrx_word' id='word_1_724' title='bbox 2037 5538 2422 5606; x_wconf 57' lang='lat' dir='ltr'><strong>medicamen-</strong></span> 
     </span>
    </p>
   </div>
   <div class='ocr_carea' id='block_1_104' title="bbox 810 5600 2421 5694">
    <p class='ocr_par' dir='ltr' id='par_1_104' title="bbox 810 5600 2421 5694">
     <span class='ocr_line' id='line_1_104' title="bbox 810 5600 2421 5694; baseline 0.007 -42"><span class='ocrx_word' id='word_1_725' title='bbox 810 5600 1678 5694; x_wconf 44' lang='lat' dir='ltr'><strong>giisiis-bet.Ar-istotelesmc._9.</strong></span> <span class='ocrx_word' id='word_1_726' title='bbox 1737 5603 1798 5660; x_wconf 86' lang='lat' dir='ltr'><strong>In</strong></span> <span class='ocrx_word' id='word_1_727' title='bbox 1830 5600 1974 5661; x_wconf 70' lang='lat' dir='ltr'><strong>Ioh.</strong></span> <span class='ocrx_word' id='word_1_728' title='bbox 2011 5600 2161 5674; x_wconf 76' lang='lat' dir='ltr'><strong>cod.,</strong></span> <span class='ocrx_word' id='word_1_729' title='bbox 2185 5624 2306 5680; x_wconf 81' lang='lat' dir='ltr'><strong>qua:</strong></span> <span class='ocrx_word' id='word_1_730' title='bbox 2334 5609 2421 5664; x_wconf 86' lang='lat' dir='ltr'><strong>hic</strong></span> 
     </span>
    </p>
   </div>
   <div class='ocr_carea' id='block_1_105' title="bbox 849 5671 1639 5735">
    <p class='ocr_par' dir='ltr' id='par_1_105' title="bbox 849 5671 1639 5735">
     <span class='ocr_line' id='line_1_105' title="bbox 849 5671 1639 5735; baseline 0.005 -12"><span class='ocrx_word' id='word_1_731' title='bbox 849 5679 1168 5735; x_wconf 72' lang='lat' dir='ltr'><strong>occurrunt,</strong></span> <span class='ocrx_word' id='word_1_732' title='bbox 1201 5671 1344 5725; x_wconf 89' lang='lat' dir='ltr'><strong>baud</strong></span> <span class='ocrx_word' id='word_1_733' title='bbox 1368 5672 1639 5735; x_wconf 75' lang='lat' dir='ltr'><strong>leguntur.</strong></span> 
     </span>
    </p>
   </div>
   <div class='ocr_carea' id='block_1_106' title="bbox 915 5739 1763 5810">
    <p class='ocr_par' dir='ltr' id='par_1_106' title="bbox 915 5739 1763 5810">
     <span class='ocr_line' id='line_1_106' title="bbox 915 5739 1763 5810; baseline 0.006 -17"><span class='ocrx_word' id='word_1_734' title='bbox 915 5741 1032 5810; x_wconf 89' lang='lat' dir='ltr'><strong>(l7)</strong></span> <span class='ocrx_word' id='word_1_735' title='bbox 1069 5739 1160 5810; x_wconf 86' lang='lat' dir='ltr'><strong>Sic</strong></span> <span class='ocrx_word' id='word_1_736' title='bbox 1184 5739 1380 5801; x_wconf 81' lang='lat' dir='ltr'><strong>Catil&#39;.;</strong></span> <span class='ocrx_word' id='word_1_737' title='bbox 1423 5739 1543 5793; x_wconf 80' lang='lat' dir='ltr'><strong>Vat.</strong></span> <span class='ocrx_word' id='word_1_738' title='bbox 1571 5741 1763 5799; x_wconf 77' lang='grc' dir='ltr'><strong>αὑτοῦ.</strong></span> 
     </span>
    </p>
   </div>
   <div class='ocr_carea' id='block_1_107' title="bbox 915 5809 2414 5888">
    <p class='ocr_par' dir='ltr' id='par_1_107' title="bbox 915 5809 2414 5888">
     <span class='ocr_line' id='line_1_107' title="bbox 915 5809 2414 5888; baseline 0.006 -25"><span class='ocrx_word' id='word_1_739' title='bbox 915 5809 1031 5880; x_wconf 76' lang='grc'><strong>(18)</strong></span> <span class='ocrx_word' id='word_1_740' title='bbox 1069 5809 1190 5865; x_wconf 81' lang='lat' dir='ltr'><strong>Vat.</strong></span> <span class='ocrx_word' id='word_1_741' title='bbox 1231 5810 1514 5880; x_wconf 78' lang='grc' dir='ltr'><strong>οὐδετέρου</strong></span> <span class='ocrx_word' id='word_1_742' title='bbox 1539 5811 1701 5867; x_wconf 81' lang='lat' dir='ltr'><strong>Catil.</strong></span> <span class='ocrx_word' id='word_1_743' title='bbox 1732 5814 1840 5868; x_wconf 79' lang='grc' dir='ltr'><strong>οὐδ’</strong></span> <span class='ocrx_word' id='word_1_744' title='bbox 1882 5815 2070 5888; x_wconf 69' lang='grc' dir='ltr'><strong>ἕτερον</strong></span> <span class='ocrx_word' id='word_1_745' title='bbox 2108 5815 2236 5874; x_wconf 83' lang='lat' dir='ltr'><strong>Vide</strong></span> <span class='ocrx_word' id='word_1_746' title='bbox 2261 5834 2414 5888; x_wconf 78' lang='lat' dir='ltr'><strong>sequ.</strong></span> 
     </span>
    </p>
   </div>
   <div class='ocr_carea' id='block_1_108' title="bbox 2601 5544 4032 5630">
    <p class='ocr_par' dir='ltr' id='par_1_108' title="bbox 2601 5544 4032 5630">
     <span class='ocr_line' id='line_1_108' title="bbox 2601 5544 4032 5630; baseline 0.004 -27"><span class='ocrx_word' id='word_1_747' title='bbox 2875 5549 3049 5630; x_wconf 68' lang='grc' dir='ltr'><strong>ταιξτῃ</strong></span> <span class='ocrx_word' id='word_1_748' title='bbox 3087 5582 3152 5592; x_wconf 92' lang='grc'><strong>-</strong></span> <span class='ocrx_word' id='word_1_749' title='bbox 3186 5555 3434 5608; x_wconf 77' lang='grc' dir='ltr'><strong>κάκεῖναι</strong></span> <span class='ocrx_word' id='word_1_750' title='bbox 3457 5556 3659 5612; x_wconf 81' lang='lat' dir='ltr'><strong>desunt</strong></span> <span class='ocrx_word' id='word_1_751' title='bbox 3699 5572 3789 5627; x_wconf 86' lang='lat' dir='ltr'><strong>ap.</strong></span> <span class='ocrx_word' id='word_1_752' title='bbox 3822 5557 3916 5612; x_wconf 87' lang='lat' dir='ltr'><strong>lat.</strong></span> <span class='ocrx_word' id='word_1_753' title='bbox 3951 5555 4032 5610; x_wconf 74' lang='lat' dir='ltr'><strong>CI.</strong></span> 
     </span>
    </p>
   </div>
   <div class='ocr_carea' id='block_1_109' title="bbox 2601 5619 3097 5686">
    <p class='ocr_par' dir='ltr' id='par_1_109' title="bbox 2601 5619 3097 5686">
     <span class='ocr_line' id='line_1_109' title="bbox 2601 5619 3097 5686; baseline 0.018 -19"><span class='ocrx_word' id='word_1_754' title='bbox 2601 5619 2710 5686; x_wconf 72' lang='lat'><strong>(20)</strong></span> <span class='ocrx_word' id='word_1_755' title='bbox 2732 5620 2859 5686; x_wconf 63' lang='grc' dir='ltr'><strong>μοι.</strong></span> <span class='ocrx_word' id='word_1_756' title='bbox 2883 5619 3097 5677; x_wconf 72' lang='grc' dir='ltr'><strong>τούτου.</strong></span> 
     </span>
    </p>
   </div>
   <div class='ocr_carea' id='block_1_110' title="bbox 2586 5683 4080 5767">
    <p class='ocr_par' dir='ltr' id='par_1_110' title="bbox 2586 5683 4080 5767">
     <span class='ocr_line' id='line_1_110' title="bbox 2586 5683 4080 5767; baseline 0.003 -26"><span class='ocrx_word' id='word_1_757' title='bbox 2586 5683 2702 5767; x_wconf 57' lang='grc'><strong>(21)</strong></span> <span class='ocrx_word' id='word_1_758' title='bbox 2731 5683 2785 5740; x_wconf 89' lang='lat' dir='ltr'><strong>lu</strong></span> <span class='ocrx_word' id='word_1_759' title='bbox 2816 5688 3047 5767; x_wconf 79' lang='lat' dir='ltr'><strong>Coisiin.</strong></span> <span class='ocrx_word' id='word_1_760' title='bbox 3082 5691 3297 5767; x_wconf 79' lang='lat' dir='ltr'><strong>videtur</strong></span> <span class='ocrx_word' id='word_1_761' title='bbox 3348 5694 3494 5767; x_wconf 84' lang='lat' dir='ltr'><strong>addi.</strong></span> <span class='ocrx_word' id='word_1_762' title='bbox 3549 5697 3612 5748; x_wconf 79' lang='grc' dir='ltr'><strong>τὸ</strong></span> <span class='ocrx_word' id='word_1_763' title='bbox 3642 5697 3885 5763; x_wconf 74' lang='grc' dir='ltr'><strong>τύπτειν,</strong></span> <span class='ocrx_word' id='word_1_764' title='bbox 3922 5697 4080 5750; x_wconf 73' lang='grc' dir='ltr'><strong>ααίειν</strong></span> 
     </span>
    </p>
   </div>
   <div class='ocr_carea' id='block_1_111' title="bbox 2522 5757 3846 5835">
    <p class='ocr_par' dir='ltr' id='par_1_111' title="bbox 2522 5757 3846 5835">
     <span class='ocr_line' id='line_1_111' title="bbox 2522 5757 3846 5835; baseline 0.005 -23"><span class='ocrx_word' id='word_1_765' title='bbox 2522 5765 2575 5813; x_wconf 87' lang='lat' dir='ltr'><strong>et</strong></span> <span class='ocrx_word' id='word_1_766' title='bbox 2616 5757 2722 5814; x_wconf 85' lang='lat' dir='ltr'><strong>alia</strong></span> <span class='ocrx_word' id='word_1_767' title='bbox 2760 5761 3031 5828; x_wconf 65' lang='lat' dir='ltr'><strong>quadam,</strong></span> <span class='ocrx_word' id='word_1_768' title='bbox 3060 5771 3121 5818; x_wconf 93' lang='lat' dir='ltr'><strong>ut</strong></span> <span class='ocrx_word' id='word_1_769' title='bbox 3147 5779 3213 5820; x_wconf 83' lang='lat' dir='ltr'><strong>ex</strong></span> <span class='ocrx_word' id='word_1_770' title='bbox 3240 5763 3659 5822; x_wconf 72' lang='lat' dir='ltr'><strong>Montefalconio</strong></span> <span class='ocrx_word' id='word_1_771' title='bbox 3683 5776 3846 5835; x_wconf 84' lang='lat' dir='ltr'><strong>patet.</strong></span> 
     </span>
    </p>
   </div>
  </div>
