  <div class='ocr_page' id='page_1' title='image "/cluster/home/n/w/nwhite01/storage/ocr_20150623/101/nnc1.0046980164/424.png"; bbox 0 0 4174 6450; ppageno 0'>
   <div class='ocr_carea' id='block_1_1' title="bbox 134 401 229 467">
    <p class='ocr_par' dir='ltr' id='par_1_1' title="bbox 134 401 229 467">
     <span class='ocr_line' id='line_1_1' title="bbox 134 401 229 467; baseline -0.042 0"><span class='ocrx_word' id='word_1_1' title='bbox 134 401 229 467; x_wconf 66' lang='grc' dir='ltr'><strong>ωί</strong></span> 
     </span>
    </p>
   </div>
   <div class='ocr_carea' id='block_1_2' title="bbox 988 378 2363 465">
    <p class='ocr_par' dir='ltr' id='par_1_2' title="bbox 988 378 2363 465">
     <span class='ocr_line' id='line_1_2' title="bbox 988 378 2363 465; baseline -0.005 -5"><span class='ocrx_word' id='word_1_2' title='bbox 988 400 1083 460; x_wconf 83' lang='lat' dir='ltr'><strong>AD</strong></span> <span class='ocrx_word' id='word_1_3' title='bbox 1107 378 1702 457; x_wconf 83' lang='lat' dir='ltr'><strong>AMPHILOCHIUM</strong></span> <span class='ocrx_word' id='word_1_4' title='bbox 1728 390 2073 465; x_wconf 70' lang='lat' dir='ltr'><strong>QUIESTIO</strong></span> <span class='ocrx_word' id='word_1_5' title='bbox 2100 388 2363 453; x_wconf 79' lang='lat' dir='ltr'><strong>CXLIII.</strong></span> 
     </span>
    </p>
   </div>
   <div class='ocr_carea' id='block_1_3' title="bbox 3260 401 3367 467">
    <p class='ocr_par' dir='ltr' id='par_1_3' title="bbox 3260 401 3367 467">
     <span class='ocr_line' id='line_1_3' title="bbox 3260 401 3367 467; baseline 0.047 -5"><span class='ocrx_word' id='word_1_6' title='bbox 3260 401 3367 467; x_wconf 76' lang='lat'><strong>802</strong></span> 
     </span>
    </p>
   </div>
   <div class='ocr_carea' id='block_1_4' title="bbox 138 502 1714 579">
    <p class='ocr_par' dir='ltr' id='par_1_4' title="bbox 138 509 1698 579">
     <span class='ocr_line' id='line_1_4' title="bbox 138 509 1698 579; baseline -0.004 -12"><span class='ocrx_word' id='word_1_7' title='bbox 138 515 195 567; x_wconf 78' lang='grc' dir='ltr'>τὸ</span> <span class='ocrx_word' id='word_1_8' title='bbox 234 511 475 577; x_wconf 80' lang='grc' dir='ltr'><strong>τύπτειν,</strong></span> <span class='ocrx_word' id='word_1_9' title='bbox 524 511 719 578; x_wconf 78' lang='grc' dir='ltr'>καίειν,</span> <span class='ocrx_word' id='word_1_10' title='bbox 752 509 1022 565; x_wconf 78' lang='grc' dir='ltr'>διδάσκειν</span> <span class='ocrx_word' id='word_1_11' title='bbox 1053 510 1149 562; x_wconf 72' lang='grc' dir='ltr'>καὶ</span> <span class='ocrx_word' id='word_1_12' title='bbox 1193 509 1263 561; x_wconf 82' lang='grc' dir='ltr'>τὰ</span> <span class='ocrx_word' id='word_1_13' title='bbox 1313 509 1698 579; x_wconf 78' lang='grc' dir='ltr'>παραπλήσια·</span> 
     </span>
    </p>
   </div>
   <div class='ocr_carea' id='block_1_5' title="bbox 1815 502 3371 579">
    <p class='ocr_par' dir='ltr' id='par_1_5' title="bbox 1815 502 3371 576">
     <span class='ocr_line' id='line_1_5' title="bbox 1815 502 3371 576; baseline 0.006 -20"><span class='ocrx_word' id='word_1_14' title='bbox 1815 510 2105 573; x_wconf 75' lang='lat' dir='ltr'><strong>percutere,</strong></span> <span class='ocrx_word' id='word_1_15' title='bbox 2132 503 2381 563; x_wconf 86' lang='lat' dir='ltr'><strong>adurere.</strong></span> <span class='ocrx_word' id='word_1_16' title='bbox 2414 502 2631 568; x_wconf 85' lang='lat' dir='ltr'><strong>docere,</strong></span> <span class='ocrx_word' id='word_1_17' title='bbox 2690 514 2743 559; x_wconf 90' lang='lat' dir='ltr'><strong>et</strong></span> <span class='ocrx_word' id='word_1_18' title='bbox 2766 506 2999 571; x_wconf 82' lang='lat' dir='ltr'><strong>similia;</strong></span> <span class='ocrx_word' id='word_1_19' title='bbox 3033 510 3371 576; x_wconf 77' lang='lat' dir='ltr'><strong>Operationis</strong></span> 
     </span>
    </p>
   </div>
   <div class='ocr_carea' id='block_1_6' title="bbox 138 598 1702 673">
    <p class='ocr_par' dir='ltr' id='par_1_6' title="bbox 138 598 1702 673">
     <span class='ocr_line' id='line_1_6' title="bbox 138 598 1702 673; baseline -0.003 -17"><span class='ocrx_word' id='word_1_20' title='bbox 138 604 225 658; x_wconf 83' lang='grc' dir='ltr'><strong>τοῦ</strong></span> <span class='ocrx_word' id='word_1_21' title='bbox 251 602 307 655; x_wconf 73' lang='grc' dir='ltr'>δὲ</span> <span class='ocrx_word' id='word_1_22' title='bbox 331 603 573 673; x_wconf 66' lang='grc' dir='ltr'>ἀνεργεῖν</span> <span class='ocrx_word' id='word_1_23' title='bbox 595 603 694 672; x_wconf 75' lang='grc' dir='ltr'>μὲν</span> <span class='ocrx_word' id='word_1_24' title='bbox 722 601 797 672; x_wconf 75' lang='grc' dir='ltr'>μὴ</span> <span class='ocrx_word' id='word_1_25' title='bbox 822 602 901 663; x_wconf 87' lang='grc' dir='ltr'><strong>είς</strong></span> <span class='ocrx_word' id='word_1_26' title='bbox 950 599 1078 653; x_wconf 80' lang='grc' dir='ltr'>ἀλλο</span> <span class='ocrx_word' id='word_1_27' title='bbox 1108 599 1165 652; x_wconf 82' lang='grc' dir='ltr'><em>δέ</em></span> <span class='ocrx_word' id='word_1_28' title='bbox 1190 616 1245 652; x_wconf 86' lang='grc' dir='ltr'><strong>τι</strong></span> <span class='ocrx_word' id='word_1_29' title='bbox 1272 598 1347 662; x_wconf 86' lang='grc' dir='ltr'>ὡς</span> <span class='ocrx_word' id='word_1_30' title='bbox 1373 598 1435 651; x_wconf 77' lang='grc' dir='ltr'>τὸ</span> <span class='ocrx_word' id='word_1_31' title='bbox 1457 598 1702 669; x_wconf 85' lang='grc' dir='ltr'>θεωρεῖν,</span> 
     </span>
    </p>
   </div>
   <div class='ocr_carea' id='block_1_7' title="bbox 139 689 1705 769">
    <p class='ocr_par' dir='ltr' id='par_1_7' title="bbox 139 689 1705 769">
     <span class='ocr_line' id='line_1_7' title="bbox 139 689 1705 769; baseline -0.003 -23"><span class='ocrx_word' id='word_1_32' title='bbox 139 691 432 763; x_wconf 72' lang='grc' dir='ltr'><strong>κιθαρίζειν</strong></span> <span class='ocrx_word' id='word_1_33' title='bbox 478 695 571 746; x_wconf 82' lang='grc' dir='ltr'>καὶ</span> <span class='ocrx_word' id='word_1_34' title='bbox 612 692 684 744; x_wconf 65' lang='grc' dir='ltr'><strong>κά</strong></span> <span class='ocrx_word' id='word_1_35' title='bbox 730 693 891 769; x_wconf 81' lang='grc' dir='ltr'>ὅμοια</span> <span class='ocrx_word' id='word_1_36' title='bbox 920 706 935 720; x_wconf 90' lang='grc'><strong>·</strong></span> <span class='ocrx_word' id='word_1_37' title='bbox 973 691 1237 760; x_wconf 73' lang='grc' dir='ltr'>ἑκάτερον</span> <span class='ocrx_word' id='word_1_38' title='bbox 1262 689 1319 742; x_wconf 78' lang='grc' dir='ltr'>δὲ</span> <span class='ocrx_word' id='word_1_39' title='bbox 1361 690 1564 743; x_wconf 89' lang='grc' dir='ltr'>τούτων</span> <span class='ocrx_word' id='word_1_40' title='bbox 1594 690 1705 758; x_wconf 70' lang='grc' dir='ltr'>ἔχει</span> 
     </span>
    </p>
   </div>
   <div class='ocr_carea' id='block_1_8' title="bbox 137 780 1705 855">
    <p class='ocr_par' dir='ltr' id='par_1_8' title="bbox 137 780 1705 855">
     <span class='ocr_line' id='line_1_8' title="bbox 137 780 1705 855; baseline -0.003 -17"><span class='ocrx_word' id='word_1_41' title='bbox 137 783 393 855; x_wconf 77' lang='grc' dir='ltr'>διαφορὰς</span> <span class='ocrx_word' id='word_1_42' title='bbox 433 784 724 853; x_wconf 75' lang='grc' dir='ltr'>τέσσαρας·</span> <span class='ocrx_word' id='word_1_43' title='bbox 756 783 790 853; x_wconf 75' lang='grc' dir='ltr'>ἢ</span> <span class='ocrx_word' id='word_1_44' title='bbox 840 781 950 851; x_wconf 91' lang='lat'><strong>7&amp;9</strong></span> <span class='ocrx_word' id='word_1_45' title='bbox 983 780 1142 850; x_wconf 79' lang='grc' dir='ltr'>φύσει</span> <span class='ocrx_word' id='word_1_46' title='bbox 1192 784 1366 845; x_wconf 77' lang='grc' dir='ltr'>ποιεῖ,</span> <span class='ocrx_word' id='word_1_47' title='bbox 1391 781 1466 843; x_wconf 91' lang='lat' dir='ltr'><strong>Ib;</strong></span> <span class='ocrx_word' id='word_1_48' title='bbox 1504 782 1565 833; x_wconf 77' lang='grc' dir='ltr'>τὸ</span> <span class='ocrx_word' id='word_1_49' title='bbox 1597 780 1705 849; x_wconf 79' lang='grc' dir='ltr'>πῦρ</span> 
     </span>
    </p>
   </div>
   <div class='ocr_carea' id='block_1_9' title="bbox 140 873 1705 946">
    <p class='ocr_par' dir='ltr' id='par_1_9' title="bbox 140 873 1705 946">
     <span class='ocr_line' id='line_1_9' title="bbox 140 873 1705 946; baseline -0.002 -17"><span class='ocrx_word' id='word_1_50' title='bbox 140 875 448 946; x_wconf 75' lang='grc' dir='ltr'>θερμαίνειν</span> <span class='ocrx_word' id='word_1_51' title='bbox 470 875 686 943; x_wconf 83' lang='grc' dir='ltr'>λέγεται</span> <span class='ocrx_word' id='word_1_52' title='bbox 710 876 803 927; x_wconf 59' lang='grc' dir='ltr'><strong>καὶ⁵</strong></span> <span class='ocrx_word' id='word_1_53' title='bbox 824 875 883 927; x_wconf 84' lang='grc' dir='ltr'>τὸ</span> <span class='ocrx_word' id='word_1_54' title='bbox 909 873 1047 937; x_wconf 84' lang='grc' dir='ltr'>ζῶον</span> <span class='ocrx_word' id='word_1_55' title='bbox 1065 875 1285 943; x_wconf 80' lang='grc' dir='ltr'><strong>φωνεῖν·</strong></span> <span class='ocrx_word' id='word_1_56' title='bbox 1307 874 1339 943; x_wconf 81' lang='grc' dir='ltr'>ἢ</span> <span class='ocrx_word' id='word_1_57' title='bbox 1368 875 1705 945; x_wconf 75' lang='grc' dir='ltr'><strong>προαιρέσει,</strong></span> 
     </span>
    </p>
   </div>
   <div class='ocr_carea' id='block_1_10' title="bbox 138 947 1707 1037">
    <p class='ocr_par' dir='ltr' id='par_1_10' title="bbox 138 947 1707 1037">
     <span class='ocr_line' id='line_1_10' title="bbox 138 947 1707 1037; baseline -0.004 -15"><span class='ocrx_word' id='word_1_58' title='bbox 138 970 209 1029; x_wconf 86' lang='lat' dir='ltr'><strong>Ib;</strong></span> <span class='ocrx_word' id='word_1_59' title='bbox 235 966 295 1019; x_wconf 77' lang='grc' dir='ltr'>τὸ</span> <span class='ocrx_word' id='word_1_60' title='bbox 318 966 644 1031; x_wconf 79' lang='grc' dir='ltr'>πλουτίζειν,</span> <span class='ocrx_word' id='word_1_61' title='bbox 675 968 921 1019; x_wconf 70' lang='grc' dir='ltr'>ἑπαινεῖν</span> <span class='ocrx_word' id='word_1_62' title='bbox 950 967 1042 1019; x_wconf 73' lang='grc' dir='ltr'><strong>καὶ</strong></span> <span class='ocrx_word' id='word_1_63' title='bbox 1061 965 1304 1032; x_wconf 77' lang='grc' dir='ltr'><strong>δοξάζειν</strong></span> <span class='ocrx_word' id='word_1_64' title='bbox 1323 979 1335 993; x_wconf 87' lang='grc'><strong>·</strong></span> <span class='ocrx_word' id='word_1_65' title='bbox 1362 965 1393 1035; x_wconf 83' lang='grc' dir='ltr'>ἢ</span> <span class='ocrx_word' id='word_1_66' title='bbox 1419 947 1603 1037; x_wconf 76' lang='grc' dir='ltr'>τέχνῃ,</span> <span class='ocrx_word' id='word_1_67' title='bbox 1632 965 1707 1028; x_wconf 89' lang='lat' dir='ltr'><strong>Ib;</strong></span> 
     </span>
    </p>
   </div>
   <div class='ocr_carea' id='block_1_11' title="bbox 138 1054 1708 1134">
    <p class='ocr_par' dir='ltr' id='par_1_11' title="bbox 138 1054 1708 1134">
     <span class='ocr_line' id='line_1_11' title="bbox 138 1054 1708 1134; baseline -0.004 -21"><span class='ocrx_word' id='word_1_68' title='bbox 138 1060 195 1113; x_wconf 83' lang='grc' dir='ltr'><strong>τὸ</strong></span> <span class='ocrx_word' id='word_1_69' title='bbox 219 1057 522 1126; x_wconf 76' lang='grc' dir='ltr'><strong>οἰκοδομεῖν</strong></span> <span class='ocrx_word' id='word_1_70' title='bbox 568 1057 746 1110; x_wconf 87' lang='grc' dir='ltr'>οίκίαν</span> <span class='ocrx_word' id='word_1_71' title='bbox 787 1058 878 1109; x_wconf 79' lang='grc' dir='ltr'>καὶ</span> <span class='ocrx_word' id='word_1_72' title='bbox 918 1058 987 1109; x_wconf 77' lang='grc' dir='ltr'><strong>τὰ</strong></span> <span class='ocrx_word' id='word_1_73' title='bbox 1030 1058 1226 1127; x_wconf 83' lang='grc' dir='ltr'>ὅμοια·</span> <span class='ocrx_word' id='word_1_74' title='bbox 1324 1055 1482 1127; x_wconf 82' lang='grc' dir='ltr'><strong>τύχῃ,</strong></span> <span class='ocrx_word' id='word_1_75' title='bbox 1529 1056 1603 1118; x_wconf 91' lang='lat' dir='ltr'><strong>Ib;</strong></span> <span class='ocrx_word' id='word_1_76' title='bbox 1646 1054 1708 1108; x_wconf 78' lang='grc' dir='ltr'>τὸ</span> 
     </span>
    </p>
   </div>
   <div class='ocr_carea' id='block_1_12' title="bbox 138 1144 1705 1219">
    <p class='ocr_par' dir='ltr' id='par_1_12' title="bbox 138 1144 1705 1219">
     <span class='ocr_line' id='line_1_12' title="bbox 138 1144 1705 1219; baseline -0.001 -17"><span class='ocrx_word' id='word_1_77' title='bbox 138 1150 279 1205; x_wconf 86' lang='grc' dir='ltr'>λίθον</span> <span class='ocrx_word' id='word_1_78' title='bbox 306 1147 537 1200; x_wconf 85' lang='grc' dir='ltr'>πεσόντα</span> <span class='ocrx_word' id='word_1_79' title='bbox 565 1148 766 1219; x_wconf 79' lang='grc' dir='ltr'>πλῆξαι</span> <span class='ocrx_word' id='word_1_80' title='bbox 784 1164 907 1202; x_wconf 87' lang='grc' dir='ltr'>τινα</span> <span class='ocrx_word' id='word_1_81' title='bbox 942 1148 974 1219; x_wconf 75' lang='grc' dir='ltr'>ἢ</span> <span class='ocrx_word' id='word_1_82' title='bbox 1002 1146 1240 1211; x_wconf 83' lang='grc' dir='ltr'>πατάξαι</span> <span class='ocrx_word' id='word_1_83' title='bbox 1268 1146 1302 1218; x_wconf 70' lang='grc' dir='ltr'><strong>ἢ</strong></span> <span class='ocrx_word' id='word_1_84' title='bbox 1328 1147 1543 1215; x_wconf 80' lang='grc' dir='ltr'>ἀφεῖναι</span> <span class='ocrx_word' id='word_1_85' title='bbox 1569 1144 1705 1215; x_wconf 78' lang='grc' dir='ltr'>ἠχώ.</span> 
     </span>
    </p>
   </div>
   <div class='ocr_carea' id='block_1_13' title="bbox 142 1235 1709 1309">
    <p class='ocr_par' dir='ltr' id='par_1_13' title="bbox 142 1235 1709 1309">
     <span class='ocr_line' id='line_1_13' title="bbox 142 1235 1709 1309; baseline -0.003 -16"><span class='ocrx_word' id='word_1_86' title='bbox 142 1241 259 1293; x_wconf 80' lang='grc' dir='ltr'><strong>Ἔτι</strong></span> <span class='ocrx_word' id='word_1_87' title='bbox 282 1236 377 1289; x_wconf 82' lang='grc' dir='ltr'>τοῦ</span> <span class='ocrx_word' id='word_1_88' title='bbox 415 1240 587 1291; x_wconf 90' lang='grc' dir='ltr'>ποιεῖν</span> <span class='ocrx_word' id='word_1_89' title='bbox 630 1235 726 1292; x_wconf 80' lang='grc' dir='ltr'><strong>τοῦ</strong></span> <span class='ocrx_word' id='word_1_90' title='bbox 774 1238 872 1309; x_wconf 72' lang='grc' dir='ltr'>μὲν</span> <span class='ocrx_word' id='word_1_91' title='bbox 921 1237 1272 1291; x_wconf 81' lang='grc' dir='ltr'>ὑπολείπεται</span> <span class='ocrx_word' id='word_1_92' title='bbox 1312 1235 1525 1306; x_wconf 82' lang='grc' dir='ltr'>ποίημα</span> <span class='ocrx_word' id='word_1_93' title='bbox 1573 1236 1709 1305; x_wconf 80' lang='grc' dir='ltr'>μετὰ</span> 
     </span>
    </p>
   </div>
   <div class='ocr_carea' id='block_1_14' title="bbox 138 1323 1705 1401">
    <p class='ocr_par' dir='ltr' id='par_1_14' title="bbox 138 1323 1705 1401">
     <span class='ocr_line' id='line_1_14' title="bbox 138 1323 1705 1401; baseline -0.005 -17"><span class='ocrx_word' id='word_1_94' title='bbox 138 1331 232 1401; x_wconf 78' lang='grc' dir='ltr'>τὴν</span> <span class='ocrx_word' id='word_1_95' title='bbox 260 1328 495 1397; x_wconf 79' lang='grc' dir='ltr'>ποίησιν,</span> <span class='ocrx_word' id='word_1_96' title='bbox 538 1323 675 1394; x_wconf 79' lang='grc' dir='ltr'>οἷον,</span> <span class='ocrx_word' id='word_1_97' title='bbox 725 1328 800 1392; x_wconf 86' lang='lat' dir='ltr'><strong>Ib;</strong></span> <span class='ocrx_word' id='word_1_98' title='bbox 835 1327 979 1400; x_wconf 83' lang='grc' dir='ltr'>μετὰ</span> <span class='ocrx_word' id='word_1_99' title='bbox 1010 1327 1073 1381; x_wconf 84' lang='grc' dir='ltr'><strong>τδ</strong></span> <span class='ocrx_word' id='word_1_100' title='bbox 1121 1326 1423 1396; x_wconf 74' lang='grc' dir='ltr'>οἰκοδομεῖν</span> <span class='ocrx_word' id='word_1_101' title='bbox 1454 1328 1487 1396; x_wconf 79' lang='grc' dir='ltr'><strong>ἡ</strong></span> <span class='ocrx_word' id='word_1_102' title='bbox 1526 1325 1705 1391; x_wconf 73' lang='grc' dir='ltr'>οἰκία,</span> 
     </span>
    </p>
   </div>
   <div class='ocr_carea' id='block_1_15' title="bbox 138 1413 1710 1493">
    <p class='ocr_par' dir='ltr' id='par_1_15' title="bbox 138 1413 1710 1493">
     <span class='ocr_line' id='line_1_15' title="bbox 138 1413 1710 1493; baseline -0.004 -18"><span class='ocrx_word' id='word_1_103' title='bbox 138 1422 226 1476; x_wconf 77' lang='grc' dir='ltr'>τοῦ</span> <span class='ocrx_word' id='word_1_104' title='bbox 248 1421 303 1473; x_wconf 73' lang='grc' dir='ltr'>δὲ</span> <span class='ocrx_word' id='word_1_105' title='bbox 338 1420 513 1473; x_wconf 81' lang='grc' dir='ltr'>οὐδέν·</span> <span class='ocrx_word' id='word_1_106' title='bbox 551 1421 690 1491; x_wconf 89' lang='grc' dir='ltr'><strong>μετά</strong></span> <span class='ocrx_word' id='word_1_107' title='bbox 713 1422 823 1492; x_wconf 88' lang='lat'><strong>7&amp;9</strong></span> <span class='ocrx_word' id='word_1_108' title='bbox 862 1421 923 1474; x_wconf 78' lang='grc' dir='ltr'>τὸ</span> <span class='ocrx_word' id='word_1_109' title='bbox 961 1419 1271 1492; x_wconf 76' lang='grc' dir='ltr'>κιθαρίζειν</span> <span class='ocrx_word' id='word_1_110' title='bbox 1312 1416 1467 1471; x_wconf 81' lang='grc' dir='ltr'>οὐδὲν</span> <span class='ocrx_word' id='word_1_111' title='bbox 1493 1413 1710 1493; x_wconf 72' lang='grc' dir='ltr'>ποίημα</span> 
     </span>
    </p>
   </div>
   <div class='ocr_carea' id='block_1_16' title="bbox 138 1508 1710 1583">
    <p class='ocr_par' dir='ltr' id='par_1_16' title="bbox 138 1508 1710 1583">
     <span class='ocr_line' id='line_1_16' title="bbox 138 1508 1710 1583; baseline -0.003 -18"><span class='ocrx_word' id='word_1_112' title='bbox 138 1514 239 1566; x_wconf 67' lang='grc' dir='ltr'>ἀπὸ</span> <span class='ocrx_word' id='word_1_113' title='bbox 267 1510 359 1564; x_wconf 84' lang='grc' dir='ltr'>τοῦ</span> <span class='ocrx_word' id='word_1_114' title='bbox 387 1512 688 1583; x_wconf 79' lang='grc' dir='ltr'>κιθαρίζειν</span> <span class='ocrx_word' id='word_1_115' title='bbox 717 1512 1093 1568; x_wconf 73' lang='grc' dir='ltr'>ὑπολείπεται.</span> <span class='ocrx_word' id='word_1_116' title='bbox 1128 1512 1252 1565; x_wconf 81' lang='grc' dir='ltr'><strong>Ἔτι</strong></span> <span class='ocrx_word' id='word_1_117' title='bbox 1282 1510 1344 1565; x_wconf 84' lang='grc' dir='ltr'>τὸ</span> <span class='ocrx_word' id='word_1_118' title='bbox 1365 1512 1562 1573; x_wconf 81' lang='grc' dir='ltr'>ποιεῖν,</span> <span class='ocrx_word' id='word_1_119' title='bbox 1594 1508 1627 1578; x_wconf 75' lang='grc' dir='ltr'>ἢ</span> <span class='ocrx_word' id='word_1_120' title='bbox 1652 1510 1710 1560; x_wconf 69' lang='lat' dir='ltr'><strong>tv</strong></span> 
     </span>
    </p>
   </div>
   <div class='ocr_carea' id='block_1_17' title="bbox 142 1598 1711 1675">
    <p class='ocr_par' dir='ltr' id='par_1_17' title="bbox 142 1598 1711 1675">
     <span class='ocr_line' id='line_1_17' title="bbox 142 1598 1711 1675; baseline -0.004 -18"><span class='ocrx_word' id='word_1_121' title='bbox 142 1603 404 1673; x_wconf 81' lang='grc' dir='ltr'>σώματιῆ</span> <span class='ocrx_word' id='word_1_122' title='bbox 436 1604 494 1656; x_wconf 70' lang='grc' dir='ltr'><strong>εν</strong></span> <span class='ocrx_word' id='word_1_123' title='bbox 526 1602 697 1675; x_wconf 79' lang='grc' dir='ltr'>ψυχῇ,</span> <span class='ocrx_word' id='word_1_124' title='bbox 729 1604 764 1675; x_wconf 75' lang='grc' dir='ltr'>ἢ</span> <span class='ocrx_word' id='word_1_125' title='bbox 796 1605 854 1658; x_wconf 74' lang='grc' dir='ltr'>ὲν</span> <span class='ocrx_word' id='word_1_126' title='bbox 878 1602 957 1673; x_wconf 86' lang='grc' dir='ltr'><strong>τῷ</strong></span> <span class='ocrx_word' id='word_1_127' title='bbox 988 1601 1381 1672; x_wconf 78' lang='grc' dir='ltr'>συναμφοτέρῳ</span> <span class='ocrx_word' id='word_1_128' title='bbox 1407 1598 1441 1671; x_wconf 72' lang='grc' dir='ltr'>ἢ</span> <span class='ocrx_word' id='word_1_129' title='bbox 1478 1600 1606 1669; x_wconf 78' lang='grc' dir='ltr'>περὶ</span> <span class='ocrx_word' id='word_1_130' title='bbox 1643 1598 1711 1652; x_wconf 74' lang='grc' dir='ltr'><strong>τὰ</strong></span> 
     </span>
    </p>
   </div>
   <div class='ocr_carea' id='block_1_18' title="bbox 140 1690 1711 1766">
    <p class='ocr_par' dir='ltr' id='par_1_18' title="bbox 140 1690 1711 1766">
     <span class='ocr_line' id='line_1_18' title="bbox 140 1690 1711 1766; baseline -0.006 -16"><span class='ocrx_word' id='word_1_131' title='bbox 140 1696 309 1759; x_wconf 71' lang='grc' dir='ltr'>ἐκτός·</span> <span class='ocrx_word' id='word_1_132' title='bbox 335 1697 393 1747; x_wconf 77' lang='grc' dir='ltr'><strong>έν</strong></span> <span class='ocrx_word' id='word_1_133' title='bbox 421 1694 569 1765; x_wconf 75' lang='grc' dir='ltr'>ψυχῇ</span> <span class='ocrx_word' id='word_1_134' title='bbox 601 1696 723 1766; x_wconf 77' lang='grc' dir='ltr'>μὲν,</span> <span class='ocrx_word' id='word_1_135' title='bbox 748 1694 823 1759; x_wconf 83' lang='grc' dir='ltr'>ὡς</span> <span class='ocrx_word' id='word_1_136' title='bbox 841 1694 902 1749; x_wconf 75' lang='grc' dir='ltr'>τὸ</span> <span class='ocrx_word' id='word_1_137' title='bbox 927 1692 1252 1763; x_wconf 80' lang='grc' dir='ltr'>διδάσκεινῆ</span> <span class='ocrx_word' id='word_1_138' title='bbox 1284 1692 1483 1757; x_wconf 70' lang='grc' dir='ltr'>ἐθίζειν</span> <span class='ocrx_word' id='word_1_139' title='bbox 1510 1690 1711 1761; x_wconf 82' lang='grc' dir='ltr'>ἀρετήν</span> 
     </span>
    </p>
   </div>
   <div class='ocr_carea' id='block_1_19' title="bbox 136 1781 1708 1858">
    <p class='ocr_par' dir='ltr' id='par_1_19' title="bbox 136 1781 1708 1858">
     <span class='ocr_line' id='line_1_19' title="bbox 136 1781 1708 1858; baseline -0.006 -17"><span class='ocrx_word' id='word_1_140' title='bbox 136 1800 253 1841; x_wconf 75' lang='grc' dir='ltr'>τινα</span> <span class='ocrx_word' id='word_1_141' title='bbox 296 1785 328 1855; x_wconf 76' lang='grc' dir='ltr'>ἢ</span> <span class='ocrx_word' id='word_1_142' title='bbox 359 1786 579 1840; x_wconf 80' lang='grc' dir='ltr'>κακίαν·</span> <span class='ocrx_word' id='word_1_143' title='bbox 609 1788 667 1840; x_wconf 71' lang='grc' dir='ltr'><strong>ιν</strong></span> <span class='ocrx_word' id='word_1_144' title='bbox 693 1784 907 1858; x_wconf 82' lang='grc' dir='ltr'>σώματι</span> <span class='ocrx_word' id='word_1_145' title='bbox 947 1786 1028 1850; x_wconf 77' lang='grc' dir='ltr'><strong>δι.</strong></span> <span class='ocrx_word' id='word_1_146' title='bbox 1048 1786 1123 1848; x_wconf 88' lang='lat' dir='ltr'><strong>Ib;</strong></span> <span class='ocrx_word' id='word_1_147' title='bbox 1151 1784 1215 1838; x_wconf 79' lang='grc' dir='ltr'>τὸ</span> <span class='ocrx_word' id='word_1_148' title='bbox 1252 1782 1448 1849; x_wconf 88' lang='grc' dir='ltr'>καίειν,</span> <span class='ocrx_word' id='word_1_149' title='bbox 1471 1781 1708 1852; x_wconf 89' lang='grc' dir='ltr'>τέμνειν·</span> 
     </span>
    </p>
   </div>
   <div class='ocr_carea' id='block_1_20' title="bbox 1806 592 3373 665">
    <p class='ocr_par' dir='ltr' id='par_1_20' title="bbox 1806 592 3373 665">
     <span class='ocr_line' id='line_1_20' title="bbox 1806 592 3373 665; baseline 0.004 -18"><span class='ocrx_word' id='word_1_150' title='bbox 1806 609 1960 658; x_wconf 84' lang='lat' dir='ltr'><strong>vero,</strong></span> <span class='ocrx_word' id='word_1_151' title='bbox 1995 608 2115 660; x_wconf 75' lang='lat' dir='ltr'><strong>qua:</strong></span> <span class='ocrx_word' id='word_1_152' title='bbox 2160 610 2264 646; x_wconf 80' lang='lat' dir='ltr'><strong>non</strong></span> <span class='ocrx_word' id='word_1_153' title='bbox 2314 592 2372 646; x_wconf 81' lang='lat' dir='ltr'><strong>fit</strong></span> <span class='ocrx_word' id='word_1_154' title='bbox 2416 593 2469 647; x_wconf 92' lang='lat' dir='ltr'><strong>in</strong></span> <span class='ocrx_word' id='word_1_155' title='bbox 2501 593 2671 659; x_wconf 84' lang='lat' dir='ltr'><strong>aliud,</strong></span> <span class='ocrx_word' id='word_1_156' title='bbox 2720 597 3100 665; x_wconf 85' lang='lat' dir='ltr'><strong>contemplari,</strong></span> <span class='ocrx_word' id='word_1_157' title='bbox 3163 600 3373 654; x_wconf 96' lang='lat' dir='ltr'><strong>cithara</strong></span> 
     </span>
    </p>
   </div>
   <div class='ocr_carea' id='block_1_21' title="bbox 1808 684 3372 757">
    <p class='ocr_par' dir='ltr' id='par_1_21' title="bbox 1808 684 3372 757">
     <span class='ocr_line' id='line_1_21' title="bbox 1808 684 3372 757; baseline 0.003 -18"><span class='ocrx_word' id='word_1_158' title='bbox 1808 700 2031 748; x_wconf 86' lang='lat' dir='ltr'><strong>canere,</strong></span> <span class='ocrx_word' id='word_1_159' title='bbox 2054 694 2106 739; x_wconf 92' lang='lat' dir='ltr'><strong>ct</strong></span> <span class='ocrx_word' id='word_1_160' title='bbox 2134 685 2237 738; x_wconf 88' lang='lat' dir='ltr'><strong>alia</strong></span> <span class='ocrx_word' id='word_1_161' title='bbox 2287 684 2626 754; x_wconf 84' lang='lat' dir='ltr'><strong>hujusmodl.</strong></span> <span class='ocrx_word' id='word_1_162' title='bbox 2678 686 2983 757; x_wconf 88' lang='lat' dir='ltr'><strong>Utrumque</strong></span> <span class='ocrx_word' id='word_1_163' title='bbox 3016 702 3147 742; x_wconf 83' lang='lat' dir='ltr'><strong>vero</strong></span> <span class='ocrx_word' id='word_1_164' title='bbox 3178 688 3372 744; x_wconf 92' lang='lat' dir='ltr'><strong>horum</strong></span> 
     </span>
    </p>
   </div>
   <div class='ocr_carea' id='block_1_22' title="bbox 1810 776 3374 851">
    <p class='ocr_par' dir='ltr' id='par_1_22' title="bbox 1810 776 3374 851">
     <span class='ocr_line' id='line_1_22' title="bbox 1810 776 3374 851; baseline 0.005 -21"><span class='ocrx_word' id='word_1_165' title='bbox 1810 778 1970 831; x_wconf 85' lang='lat' dir='ltr'><strong>habet</strong></span> <span class='ocrx_word' id='word_1_166' title='bbox 1990 776 2328 832; x_wconf 81' lang='lat' dir='ltr'><strong>diﬂ‘erentias</strong></span> <span class='ocrx_word' id='word_1_167' title='bbox 2357 791 2591 847; x_wconf 77' lang='lat' dir='ltr'><strong>quatuor</strong></span> <span class='ocrx_word' id='word_1_168' title='bbox 2612 798 2627 846; x_wconf 89' lang='lat'><strong>;</strong></span> <span class='ocrx_word' id='word_1_169' title='bbox 2650 780 2733 835; x_wconf 88' lang='lat' dir='ltr'><strong>vel</strong></span> <span class='ocrx_word' id='word_1_170' title='bbox 2755 781 2900 834; x_wconf 87' lang='lat' dir='ltr'><strong>enim</strong></span> <span class='ocrx_word' id='word_1_171' title='bbox 2927 790 3121 835; x_wconf 86' lang='lat' dir='ltr'><strong>natura</strong></span> <span class='ocrx_word' id='word_1_172' title='bbox 3149 781 3281 851; x_wconf 72' lang='lat' dir='ltr'><strong>agit.</strong></span> <span class='ocrx_word' id='word_1_173' title='bbox 3305 780 3374 838; x_wconf 81' lang='grc' dir='ltr'><strong>ἰιι</strong></span> 
     </span>
    </p>
   </div>
   <div class='ocr_carea' id='block_1_23' title="bbox 1808 868 3374 939">
    <p class='ocr_par' dir='ltr' id='par_1_23' title="bbox 1808 868 3374 939">
     <span class='ocr_line' id='line_1_23' title="bbox 1808 868 3374 939; baseline 0.005 -18"><span class='ocrx_word' id='word_1_174' title='bbox 1808 868 1950 938; x_wconf 70' lang='lat' dir='ltr'><strong>ignis</strong></span> <span class='ocrx_word' id='word_1_175' title='bbox 1970 868 2269 924; x_wconf 68' lang='lat' dir='ltr'><strong>calefacere</strong></span> <span class='ocrx_word' id='word_1_176' title='bbox 2301 870 2503 926; x_wconf 90' lang='lat' dir='ltr'><strong>dicitur</strong></span> <span class='ocrx_word' id='word_1_177' title='bbox 2534 881 2588 927; x_wconf 90' lang='lat' dir='ltr'><strong>et</strong></span> <span class='ocrx_word' id='word_1_178' title='bbox 2632 873 2833 927; x_wconf 79' lang='lat' dir='ltr'><strong>animal</strong></span> <span class='ocrx_word' id='word_1_179' title='bbox 2866 877 3062 928; x_wconf 84' lang='lat' dir='ltr'><strong>sonum</strong></span> <span class='ocrx_word' id='word_1_180' title='bbox 3101 873 3374 939; x_wconf 88' lang='lat' dir='ltr'><strong>emittere,</strong></span> 
     </span>
    </p>
   </div>
   <div class='ocr_carea' id='block_1_24' title="bbox 1808 960 3372 1031">
    <p class='ocr_par' dir='ltr' id='par_1_24' title="bbox 1808 960 3372 1031">
     <span class='ocr_line' id='line_1_24' title="bbox 1808 960 3372 1031; baseline 0.004 -19"><span class='ocrx_word' id='word_1_181' title='bbox 1808 960 1891 1015; x_wconf 88' lang='lat' dir='ltr'><strong>vel</strong></span> <span class='ocrx_word' id='word_1_182' title='bbox 1914 960 2166 1022; x_wconf 84' lang='lat' dir='ltr'><strong>arbitrio.</strong></span> <span class='ocrx_word' id='word_1_183' title='bbox 2197 964 2491 1018; x_wconf 90' lang='lat' dir='ltr'><strong>ntdivitem</strong></span> <span class='ocrx_word' id='word_1_184' title='bbox 2508 964 2708 1030; x_wconf 86' lang='lat' dir='ltr'><strong>facere,</strong></span> <span class='ocrx_word' id='word_1_185' title='bbox 2731 965 2952 1020; x_wconf 87' lang='lat' dir='ltr'><strong>laudare</strong></span> <span class='ocrx_word' id='word_1_186' title='bbox 2980 974 3034 1019; x_wconf 90' lang='lat' dir='ltr'><strong>et</strong></span> <span class='ocrx_word' id='word_1_187' title='bbox 3056 964 3372 1031; x_wconf 82' lang='lat' dir='ltr'><strong>celebrare;</strong></span> 
     </span>
    </p>
   </div>
   <div class='ocr_carea' id='block_1_25' title="bbox 1808 1050 3379 1123">
    <p class='ocr_par' dir='ltr' id='par_1_25' title="bbox 1808 1050 3379 1123">
     <span class='ocr_line' id='line_1_25' title="bbox 1808 1050 3379 1123; baseline 0.006 -23"><span class='ocrx_word' id='word_1_188' title='bbox 1808 1050 1892 1103; x_wconf 88' lang='lat' dir='ltr'><strong>vel</strong></span> <span class='ocrx_word' id='word_1_189' title='bbox 1920 1059 2057 1114; x_wconf 90' lang='lat' dir='ltr'><strong>arte,</strong></span> <span class='ocrx_word' id='word_1_190' title='bbox 2097 1060 2155 1104; x_wconf 91' lang='lat' dir='ltr'><strong>ut</strong></span> <span class='ocrx_word' id='word_1_191' title='bbox 2192 1054 2411 1107; x_wconf 87' lang='lat' dir='ltr'><strong>domum</strong></span> <span class='ocrx_word' id='word_1_192' title='bbox 2442 1054 2731 1123; x_wconf 66' lang='lat' dir='ltr'><strong>aediﬁcare,</strong></span> <span class='ocrx_word' id='word_1_193' title='bbox 2763 1065 2816 1111; x_wconf 89' lang='lat' dir='ltr'><strong>et</strong></span> <span class='ocrx_word' id='word_1_194' title='bbox 2844 1056 3081 1123; x_wconf 78' lang='lat' dir='ltr'><strong>similia;</strong></span> <span class='ocrx_word' id='word_1_195' title='bbox 3116 1056 3200 1111; x_wconf 84' lang='lat' dir='ltr'><strong>vel</strong></span> <span class='ocrx_word' id='word_1_196' title='bbox 3245 1071 3379 1111; x_wconf 86' lang='lat' dir='ltr'><strong>casu</strong></span> 
     </span>
    </p>
   </div>
   <div class='ocr_carea' id='block_1_26' title="bbox 1808 1142 3378 1219">
    <p class='ocr_par' dir='ltr' id='par_1_26' title="bbox 1808 1142 3378 1219">
     <span class='ocr_line' id='line_1_26' title="bbox 1808 1142 3378 1219; baseline 0.004 -23"><span class='ocrx_word' id='word_1_197' title='bbox 1808 1154 1905 1196; x_wconf 81' lang='lat' dir='ltr'><strong>seu</strong></span> <span class='ocrx_word' id='word_1_198' title='bbox 1934 1142 2177 1204; x_wconf 86' lang='lat' dir='ltr'><strong>fortuito.</strong></span> <span class='ocrx_word' id='word_1_199' title='bbox 2205 1154 2263 1197; x_wconf 95' lang='lat' dir='ltr'><strong>ut</strong></span> <span class='ocrx_word' id='word_1_200' title='bbox 2291 1144 2524 1214; x_wconf 88' lang='lat' dir='ltr'><strong>lapidem</strong></span> <span class='ocrx_word' id='word_1_201' title='bbox 2553 1146 2831 1201; x_wconf 92' lang='lat' dir='ltr'><strong>cadentem</strong></span> <span class='ocrx_word' id='word_1_202' title='bbox 2857 1148 3148 1202; x_wconf 87' lang='lat' dir='ltr'><strong>verberare</strong></span> <span class='ocrx_word' id='word_1_203' title='bbox 3184 1164 3346 1219; x_wconf 90' lang='lat' dir='ltr'><strong>quem</strong></span> <span class='ocrx_word' id='word_1_204' title='bbox 3364 1179 3378 1188; x_wconf 85' lang='lat'><strong>-</strong></span> 
     </span>
    </p>
   </div>
   <div class='ocr_carea' id='block_1_27' title="bbox 1808 1232 3375 1302">
    <p class='ocr_par' dir='ltr' id='par_1_27' title="bbox 1808 1232 3375 1302">
     <span class='ocr_line' id='line_1_27' title="bbox 1808 1232 3375 1302; baseline 0.006 -17"><span class='ocrx_word' id='word_1_205' title='bbox 1808 1232 1936 1285; x_wconf 86' lang='lat' dir='ltr'><strong>dam</strong></span> <span class='ocrx_word' id='word_1_206' title='bbox 1970 1232 2053 1287; x_wconf 89' lang='lat' dir='ltr'><strong>vel</strong></span> <span class='ocrx_word' id='word_1_207' title='bbox 2085 1234 2339 1302; x_wconf 79' lang='lat' dir='ltr'><strong>plaudere</strong></span> <span class='ocrx_word' id='word_1_208' title='bbox 2361 1235 2617 1291; x_wconf 88' lang='lat' dir='ltr'><strong>manibus</strong></span> <span class='ocrx_word' id='word_1_209' title='bbox 2655 1237 2738 1290; x_wconf 89' lang='lat' dir='ltr'><strong>vel</strong></span> <span class='ocrx_word' id='word_1_210' title='bbox 2771 1239 2905 1292; x_wconf 86' lang='lat' dir='ltr'><strong>echo</strong></span> <span class='ocrx_word' id='word_1_211' title='bbox 2932 1238 3201 1294; x_wconf 88' lang='lat' dir='ltr'><strong>emittere.</strong></span> <span class='ocrx_word' id='word_1_212' title='bbox 3228 1238 3375 1295; x_wconf 69' lang='lat' dir='ltr'><strong>Prte-</strong></span> 
     </span>
    </p>
   </div>
   <div class='ocr_carea' id='block_1_28' title="bbox 1811 1323 3377 1398">
    <p class='ocr_par' dir='ltr' id='par_1_28' title="bbox 1811 1323 3377 1398">
     <span class='ocr_line' id='line_1_28' title="bbox 1811 1323 3377 1398; baseline 0.006 -23"><span class='ocrx_word' id='word_1_213' title='bbox 1811 1330 1956 1377; x_wconf 76' lang='lat' dir='ltr'><strong>terea</strong></span> <span class='ocrx_word' id='word_1_214' title='bbox 1988 1323 2135 1378; x_wconf 81' lang='lat' dir='ltr'><strong>aliud</strong></span> <span class='ocrx_word' id='word_1_215' title='bbox 2170 1333 2254 1380; x_wconf 81' lang='lat' dir='ltr'><strong>est</strong></span> <span class='ocrx_word' id='word_1_216' title='bbox 2283 1340 2467 1394; x_wconf 76' lang='lat' dir='ltr'><strong>agere,</strong></span> <span class='ocrx_word' id='word_1_217' title='bbox 2493 1327 2641 1396; x_wconf 91' lang='lat' dir='ltr'><strong>quod</strong></span> <span class='ocrx_word' id='word_1_218' title='bbox 2674 1328 2935 1397; x_wconf 88' lang='lat' dir='ltr'><strong>relinquit</strong></span> <span class='ocrx_word' id='word_1_219' title='bbox 2962 1340 3084 1398; x_wconf 92' lang='lat' dir='ltr'><strong>post</strong></span> <span class='ocrx_word' id='word_1_220' title='bbox 3103 1332 3377 1385; x_wconf 87' lang='lat' dir='ltr'><strong>actionem</strong></span> 
     </span>
    </p>
   </div>
   <div class='ocr_carea' id='block_1_29' title="bbox 1810 1411 3378 1491">
    <p class='ocr_par' dir='ltr' id='par_1_29' title="bbox 1810 1411 3378 1491">
     <span class='ocr_line' id='line_1_29' title="bbox 1810 1411 3378 1491; baseline 0.008 -26"><span class='ocrx_word' id='word_1_221' title='bbox 1810 1411 2084 1479; x_wconf 65' lang='lat' dir='ltr'><strong>enectum,</strong></span> <span class='ocrx_word' id='word_1_222' title='bbox 2119 1418 2284 1470; x_wconf 90' lang='lat' dir='ltr'><strong>veluti</strong></span> <span class='ocrx_word' id='word_1_223' title='bbox 2312 1428 2432 1485; x_wconf 91' lang='lat' dir='ltr'><strong>post</strong></span> <span class='ocrx_word' id='word_1_224' title='bbox 2452 1418 2867 1473; x_wconf 65' lang='lat' dir='ltr'><strong>aedificationem</strong></span> <span class='ocrx_word' id='word_1_225' title='bbox 2890 1418 3085 1476; x_wconf 89' lang='lat' dir='ltr'><strong>domus</strong></span> <span class='ocrx_word' id='word_1_226' title='bbox 3105 1432 3378 1491; x_wconf 82' lang='lat' dir='ltr'><strong>superest.</strong></span> 
     </span>
    </p>
   </div>
   <div class='ocr_carea' id='block_1_30' title="bbox 1811 1501 3374 1582">
    <p class='ocr_par' dir='ltr' id='par_1_30' title="bbox 1811 1501 3374 1582">
     <span class='ocr_line' id='line_1_30' title="bbox 1811 1501 3374 1582; baseline 0.01 -28"><span class='ocrx_word' id='word_1_227' title='bbox 1811 1501 1957 1556; x_wconf 86' lang='lat' dir='ltr'><strong>aliud</strong></span> <span class='ocrx_word' id='word_1_228' title='bbox 2020 1505 2165 1571; x_wconf 92' lang='lat' dir='ltr'><strong>quod</strong></span> <span class='ocrx_word' id='word_1_229' title='bbox 2224 1506 2430 1560; x_wconf 90' lang='lat' dir='ltr'><strong>nullum</strong></span> <span class='ocrx_word' id='word_1_230' title='bbox 2464 1507 2718 1563; x_wconf 77' lang='lat' dir='ltr'><strong>eﬂ&#39;ectnm‘</strong></span> <span class='ocrx_word' id='word_1_231' title='bbox 2771 1518 2891 1578; x_wconf 88' lang='lat' dir='ltr'><strong>post</strong></span> <span class='ocrx_word' id='word_1_232' title='bbox 2949 1526 3009 1565; x_wconf 89' lang='grc' dir='ltr'><strong>εε</strong></span> <span class='ocrx_word' id='word_1_233' title='bbox 3069 1513 3374 1582; x_wconf 84' lang='lat' dir='ltr'><strong>relinquit;</strong></span> 
     </span>
    </p>
   </div>
   <div class='ocr_carea' id='block_1_31' title="bbox 1811 1595 3381 1663">
    <p class='ocr_par' dir='ltr' id='par_1_31' title="bbox 1811 1595 3381 1663">
     <span class='ocr_line' id='line_1_31' title="bbox 1811 1595 3381 1663; baseline 0.011 -20"><span class='ocrx_word' id='word_1_234' title='bbox 1811 1599 2100 1661; x_wconf 82' lang='lat' dir='ltr'><strong>postquam</strong></span> <span class='ocrx_word' id='word_1_235' title='bbox 2130 1595 2276 1649; x_wconf 90' lang='lat' dir='ltr'><strong>enim</strong></span> <span class='ocrx_word' id='word_1_236' title='bbox 2306 1597 2515 1651; x_wconf 83' lang='lat' dir='ltr'><strong>cithara</strong></span> <span class='ocrx_word' id='word_1_237' title='bbox 2580 1599 2906 1663; x_wconf 83' lang='lat' dir='ltr'><strong>cecinimus.</strong></span> <span class='ocrx_word' id='word_1_238' title='bbox 2940 1602 3122 1658; x_wconf 88' lang='lat' dir='ltr'><strong>nullus</strong></span> <span class='ocrx_word' id='word_1_239' title='bbox 3155 1604 3381 1660; x_wconf 76' lang='lat' dir='ltr'><strong>cﬂ&#39;ecuis</strong></span> 
     </span>
    </p>
   </div>
   <div class='ocr_carea' id='block_1_32' title="bbox 1804 1681 3383 1763">
    <p class='ocr_par' dir='ltr' id='par_1_32' title="bbox 1804 1681 3383 1763">
     <span class='ocr_line' id='line_1_32' title="bbox 1804 1681 3383 1763; baseline 0.01 -28"><span class='ocrx_word' id='word_1_240' title='bbox 1804 1681 1977 1761; x_wconf 70' lang='lat' dir='ltr'><strong>hujus</strong></span> <span class='ocrx_word' id='word_1_241' title='bbox 2002 1687 2332 1754; x_wconf 83' lang='lat' dir='ltr'><strong>operationis</strong></span> <span class='ocrx_word' id='word_1_242' title='bbox 2381 1688 2730 1760; x_wconf 79' lang='lat' dir='ltr'><strong>relinquitur.</strong></span> <span class='ocrx_word' id='word_1_243' title='bbox 2762 1692 2954 1748; x_wconf 79' lang='lat' dir='ltr'><strong>Adhuc</strong></span> <span class='ocrx_word' id='word_1_244' title='bbox 2984 1710 3146 1763; x_wconf 79' lang='lat' dir='ltr'><strong>agere</strong></span> <span class='ocrx_word' id='word_1_245' title='bbox 3184 1696 3268 1750; x_wconf 90' lang='lat' dir='ltr'><strong>vel</strong></span> <span class='ocrx_word' id='word_1_246' title='bbox 3298 1705 3383 1751; x_wconf 88' lang='lat' dir='ltr'><strong>est</strong></span> 
     </span>
    </p>
   </div>
   <div class='ocr_carea' id='block_1_33' title="bbox 1811 1772 3383 1853">
    <p class='ocr_par' dir='ltr' id='par_1_33' title="bbox 1811 1772 3383 1853">
     <span class='ocr_line' id='line_1_33' title="bbox 1811 1772 3383 1853; baseline 0.01 -28"><span class='ocrx_word' id='word_1_247' title='bbox 1811 1772 1868 1827; x_wconf 90' lang='lat' dir='ltr'><strong>in</strong></span> <span class='ocrx_word' id='word_1_248' title='bbox 1897 1778 2127 1845; x_wconf 78' lang='lat' dir='ltr'><strong>corpore</strong></span> <span class='ocrx_word' id='word_1_249' title='bbox 2159 1779 2239 1832; x_wconf 86' lang='lat' dir='ltr'><strong>vel</strong></span> <span class='ocrx_word' id='word_1_250' title='bbox 2264 1778 2318 1832; x_wconf 92' lang='lat' dir='ltr'><strong>in</strong></span> <span class='ocrx_word' id='word_1_251' title='bbox 2342 1780 2524 1834; x_wconf 83' lang='lat' dir='ltr'><strong>anima</strong></span> <span class='ocrx_word' id='word_1_252' title='bbox 2560 1782 2641 1836; x_wconf 86' lang='lat' dir='ltr'><strong>vel</strong></span> <span class='ocrx_word' id='word_1_253' title='bbox 2674 1782 2727 1836; x_wconf 91' lang='lat' dir='ltr'><strong>in</strong></span> <span class='ocrx_word' id='word_1_254' title='bbox 2760 1784 3049 1853; x_wconf 80' lang='lat' dir='ltr'><strong>utriusque</strong></span> <span class='ocrx_word' id='word_1_255' title='bbox 3102 1789 3383 1841; x_wconf 86' lang='lat' dir='ltr'><strong>consortio</strong></span> 
     </span>
    </p>
   </div>
   <div class='ocr_carea' id='block_1_34' title="bbox 139 1845 1714 1949">
    <p class='ocr_par' dir='ltr' id='par_1_34' title="bbox 139 1845 1711 1949">
     <span class='ocr_line' id='line_1_34' title="bbox 139 1845 1711 1949; baseline -0.006 -18"><span class='ocrx_word' id='word_1_256' title='bbox 139 1879 193 1931; x_wconf 78' lang='grc' dir='ltr'>ὲν</span> <span class='ocrx_word' id='word_1_257' title='bbox 214 1878 293 1947; x_wconf 80' lang='grc' dir='ltr'>τῷ</span> <span class='ocrx_word' id='word_1_258' title='bbox 315 1845 713 1949; x_wconf 70' lang='grc' dir='ltr'>συναμφοτέρῳ</span> <span class='ocrx_word' id='word_1_259' title='bbox 742 1845 822 1940; x_wconf 62' lang='grc' dir='ltr'>δὲ,</span> <span class='ocrx_word' id='word_1_260' title='bbox 844 1876 920 1942; x_wconf 84' lang='grc' dir='ltr'>ὡς</span> <span class='ocrx_word' id='word_1_261' title='bbox 942 1845 1297 1945; x_wconf 46' lang='lat' dir='ltr'><strong>aerium-</strong></span> <span class='ocrx_word' id='word_1_262' title='bbox 1324 1871 1419 1926; x_wconf 84' lang='grc' dir='ltr'>τοῦ</span> <span class='ocrx_word' id='word_1_263' title='bbox 1435 1845 1711 1940; x_wconf 37' lang='grc' dir='ltr'>’συνάμφω</span> 
     </span>
    </p>
   </div>
   <div class='ocr_carea' id='block_1_35' title="bbox 1815 1845 3386 1949">
    <p class='ocr_par' dir='ltr' id='par_1_35' title="bbox 1815 1845 3386 1940">
     <span class='ocr_line' id='line_1_35' title="bbox 1815 1845 3386 1940; baseline 0.009 -20"><span class='ocrx_word' id='word_1_264' title='bbox 1815 1866 1899 1921; x_wconf 66' lang='grc' dir='ltr'>*ει</span> <span class='ocrx_word' id='word_1_265' title='bbox 1927 1865 2073 1921; x_wconf 84' lang='lat' dir='ltr'><strong>circa</strong></span> <span class='ocrx_word' id='word_1_266' title='bbox 2124 1882 2185 1923; x_wconf 82' lang='lat' dir='ltr'><strong>ea</strong></span> <span class='ocrx_word' id='word_1_267' title='bbox 2233 1886 2354 1940; x_wconf 73' lang='lat' dir='ltr'><strong>qum</strong></span> <span class='ocrx_word' id='word_1_268' title='bbox 2399 1881 2527 1926; x_wconf 87' lang='lat' dir='ltr'><strong>sunt</strong></span> <span class='ocrx_word' id='word_1_269' title='bbox 2556 1874 2622 1927; x_wconf 91' lang='lat' dir='ltr'><strong>ad</strong></span> <span class='ocrx_word' id='word_1_270' title='bbox 2658 1882 2809 1929; x_wconf 89' lang='lat' dir='ltr'><strong>extra</strong></span> <span class='ocrx_word' id='word_1_271' title='bbox 2837 1892 2852 1929; x_wconf 88' lang='lat'><strong>:</strong></span> <span class='ocrx_word' id='word_1_272' title='bbox 2879 1876 2933 1929; x_wconf 92' lang='lat' dir='ltr'><strong>in</strong></span> <span class='ocrx_word' id='word_1_273' title='bbox 2961 1845 3199 1940; x_wconf 31' lang='lat' dir='ltr'><strong>vanima.</strong></span> <span class='ocrx_word' id='word_1_274' title='bbox 3236 1880 3386 1934; x_wconf 87' lang='lat' dir='ltr'><strong>velut</strong></span> 
     </span>
    </p>
   </div>
   <div class='ocr_carea' id='block_1_36' title="bbox 138 1956 1714 2039">
    <p class='ocr_par' dir='ltr' id='par_1_36' title="bbox 138 1960 1705 2039">
     <span class='ocr_line' id='line_1_36' title="bbox 138 1960 1705 2039; baseline -0.005 -19"><span class='ocrx_word' id='word_1_275' title='bbox 138 1969 245 2039; x_wconf 86' lang='lat'><strong>7&amp;9</strong></span> <span class='ocrx_word' id='word_1_276' title='bbox 272 1966 428 2021; x_wconf 84' lang='grc' dir='ltr'>τοῦτο</span> <span class='ocrx_word' id='word_1_277' title='bbox 453 1968 547 2021; x_wconf 80' lang='grc' dir='ltr'>καὶ</span> <span class='ocrx_word' id='word_1_278' title='bbox 572 1966 699 2021; x_wconf 74' lang='grc' dir='ltr'>οὔτε</span> <span class='ocrx_word' id='word_1_279' title='bbox 715 1967 814 2037; x_wconf 79' lang='grc' dir='ltr'>τῆς</span> <span class='ocrx_word' id='word_1_280' title='bbox 832 1967 1011 2037; x_wconf 82' lang='grc' dir='ltr'>ψυχῆς</span> <span class='ocrx_word' id='word_1_281' title='bbox 1034 1964 1297 2036; x_wconf 69' lang='grc' dir='ltr'>οὕτεΊδίᾳ</span> <span class='ocrx_word' id='word_1_282' title='bbox 1312 1962 1405 2018; x_wconf 80' lang='grc' dir='ltr'><strong>τοῦ</strong></span> <span class='ocrx_word' id='word_1_283' title='bbox 1434 1960 1705 2032; x_wconf 88' lang='grc' dir='ltr'>σώματος·</span> 
     </span>
    </p>
   </div>
   <div class='ocr_carea' id='block_1_37' title="bbox 1815 1956 3383 2039">
    <p class='ocr_par' dir='ltr' id='par_1_37' title="bbox 1817 1956 3383 2033">
     <span class='ocr_line' id='line_1_37' title="bbox 1817 1956 3383 2033; baseline 0.009 -23"><span class='ocrx_word' id='word_1_284' title='bbox 1817 1956 2013 2011; x_wconf 86' lang='lat' dir='ltr'><strong>dooere</strong></span> <span class='ocrx_word' id='word_1_285' title='bbox 2036 1958 2117 2012; x_wconf 81' lang='lat' dir='ltr'><strong>vel</strong></span> <span class='ocrx_word' id='word_1_286' title='bbox 2144 1958 2427 2017; x_wconf 86' lang='lat' dir='ltr'><strong>instituere</strong></span> <span class='ocrx_word' id='word_1_287' title='bbox 2463 1963 2702 2033; x_wconf 85' lang='lat' dir='ltr'><strong>aliquem</strong></span> <span class='ocrx_word' id='word_1_288' title='bbox 2747 1965 2945 2021; x_wconf 86' lang='lat' dir='ltr'><strong>virtute</strong></span> <span class='ocrx_word' id='word_1_289' title='bbox 3006 1967 3089 2022; x_wconf 90' lang='lat' dir='ltr'><strong>vel</strong></span> <span class='ocrx_word' id='word_1_290' title='bbox 3118 1968 3248 2022; x_wconf 91' lang='lat' dir='ltr'><strong>vitio</strong></span> <span class='ocrx_word' id='word_1_291' title='bbox 3278 1987 3293 2033; x_wconf 84' lang='lat'><strong>;</strong></span> <span class='ocrx_word' id='word_1_292' title='bbox 3326 1969 3383 2025; x_wconf 88' lang='lat' dir='ltr'><strong>in</strong></span> 
     </span>
    </p>
   </div>
   <div class='ocr_carea' id='block_1_38' title="bbox 142 2051 1714 2130">
    <p class='ocr_par' dir='ltr' id='par_1_38' title="bbox 142 2054 1706 2128">
     <span class='ocr_line' id='line_1_38' title="bbox 142 2054 1706 2128; baseline -0.004 -15"><span class='ocrx_word' id='word_1_293' title='bbox 142 2062 269 2128; x_wconf 80' lang='grc' dir='ltr'>περὶ</span> <span class='ocrx_word' id='word_1_294' title='bbox 295 2059 351 2113; x_wconf 67' lang='grc' dir='ltr'><strong>δέ</strong></span> <span class='ocrx_word' id='word_1_295' title='bbox 390 2059 462 2113; x_wconf 82' lang='grc' dir='ltr'>τὰ</span> <span class='ocrx_word' id='word_1_296' title='bbox 504 2059 662 2123; x_wconf 57' lang='lat' dir='ltr'><strong>me;</strong></span> <span class='ocrx_word' id='word_1_297' title='bbox 684 2098 702 2125; x_wconf 91' lang='lat'><strong>,</strong></span> <span class='ocrx_word' id='word_1_298' title='bbox 742 2060 820 2124; x_wconf 86' lang='lat' dir='ltr'><strong>Ib;</strong></span> <span class='ocrx_word' id='word_1_299' title='bbox 865 2060 925 2113; x_wconf 80' lang='grc' dir='ltr'>τὸ</span> <span class='ocrx_word' id='word_1_300' title='bbox 951 2059 1258 2121; x_wconf 85' lang='grc' dir='ltr'>πλουτίζειν</span> <span class='ocrx_word' id='word_1_301' title='bbox 1291 2056 1384 2109; x_wconf 76' lang='grc' dir='ltr'>καὶ</span> <span class='ocrx_word' id='word_1_302' title='bbox 1412 2054 1481 2108; x_wconf 79' lang='grc' dir='ltr'>τὰ</span> <span class='ocrx_word' id='word_1_303' title='bbox 1523 2055 1706 2125; x_wconf 86' lang='grc' dir='ltr'>δμοια.</span> 
     </span>
    </p>
   </div>
   <div class='ocr_carea' id='block_1_39' title="bbox 1815 2051 3383 2130">
    <p class='ocr_par' dir='ltr' id='par_1_39' title="bbox 1826 2051 3383 2130">
     <span class='ocr_line' id='line_1_39' title="bbox 1826 2051 3383 2130; baseline 0.008 -27"><span class='ocrx_word' id='word_1_304' title='bbox 1826 2052 2081 2117; x_wconf 83' lang='lat' dir='ltr'><strong>corpore,</strong></span> <span class='ocrx_word' id='word_1_305' title='bbox 2118 2051 2537 2117; x_wconf 83' lang='lat' dir='ltr'><strong>utcomburere,</strong></span> <span class='ocrx_word' id='word_1_306' title='bbox 2573 2069 2796 2119; x_wconf 77' lang='lat' dir='ltr'><strong>secare;</strong></span> <span class='ocrx_word' id='word_1_307' title='bbox 2844 2058 2898 2111; x_wconf 87' lang='lat' dir='ltr'><strong>in</strong></span> <span class='ocrx_word' id='word_1_308' title='bbox 2933 2058 3219 2130; x_wconf 87' lang='lat' dir='ltr'><strong>utriusque</strong></span> <span class='ocrx_word' id='word_1_309' title='bbox 3246 2076 3383 2115; x_wconf 90' lang='lat' dir='ltr'><strong>con-</strong></span> 
     </span>
    </p>
   </div>
   <div class='ocr_carea' id='block_1_40' title="bbox 143 2137 1714 2221">
    <p class='ocr_par' dir='ltr' id='par_1_40' title="bbox 143 2145 1709 2221">
     <span class='ocr_line' id='line_1_40' title="bbox 143 2145 1709 2221; baseline -0.006 -16"><span class='ocrx_word' id='word_1_310' title='bbox 143 2153 263 2205; x_wconf 83' lang='grc' dir='ltr'><strong>Ἐτι</strong></span> <span class='ocrx_word' id='word_1_311' title='bbox 292 2150 355 2204; x_wconf 72' lang='grc' dir='ltr'><strong>τὸ</strong></span> <span class='ocrx_word' id='word_1_312' title='bbox 382 2153 558 2205; x_wconf 81' lang='grc' dir='ltr'>ποιεῖν</span> <span class='ocrx_word' id='word_1_313' title='bbox 584 2150 620 2221; x_wconf 77' lang='grc' dir='ltr'>ἢ</span> <span class='ocrx_word' id='word_1_314' title='bbox 653 2150 1000 2205; x_wconf 83' lang='grc' dir='ltr'>τελειωτικόν</span> <span class='ocrx_word' id='word_1_315' title='bbox 1028 2153 1177 2205; x_wconf 70' lang='grc' dir='ltr'>ἔστιν</span> <span class='ocrx_word' id='word_1_316' title='bbox 1211 2148 1245 2219; x_wconf 78' lang='grc' dir='ltr'>ἢ</span> <span class='ocrx_word' id='word_1_317' title='bbox 1271 2145 1591 2217; x_wconf 82' lang='grc' dir='ltr'>φθαρτικόν·</span> <span class='ocrx_word' id='word_1_318' title='bbox 1619 2156 1709 2197; x_wconf 78' lang='grc' dir='ltr'>τε·</span> 
     </span>
    </p>
   </div>
   <div class='ocr_carea' id='block_1_41' title="bbox 1815 2137 3381 2221">
    <p class='ocr_par' dir='ltr' id='par_1_41' title="bbox 1820 2137 3381 2218">
     <span class='ocr_line' id='line_1_41' title="bbox 1820 2137 3381 2218; baseline 0.008 -27"><span class='ocrx_word' id='word_1_319' title='bbox 1820 2137 1994 2191; x_wconf 83' lang='lat' dir='ltr'><strong>sortio</strong></span> <span class='ocrx_word' id='word_1_320' title='bbox 2015 2174 2031 2200; x_wconf 88' lang='lat'><strong>,</strong></span> <span class='ocrx_word' id='word_1_321' title='bbox 2061 2147 2120 2191; x_wconf 94' lang='lat' dir='ltr'><strong>ut</strong></span> <span class='ocrx_word' id='word_1_322' title='bbox 2169 2154 2363 2195; x_wconf 88' lang='lat' dir='ltr'><strong>sanare</strong></span> <span class='ocrx_word' id='word_1_323' title='bbox 2395 2143 2523 2210; x_wconf 88' lang='lat' dir='ltr'><strong>(hoc</strong></span> <span class='ocrx_word' id='word_1_324' title='bbox 2560 2145 2708 2198; x_wconf 92' lang='lat' dir='ltr'><strong>enim</strong></span> <span class='ocrx_word' id='word_1_325' title='bbox 2740 2147 2806 2199; x_wconf 87' lang='lat' dir='ltr'><strong>ad</strong></span> <span class='ocrx_word' id='word_1_326' title='bbox 2837 2155 3130 2218; x_wconf 84' lang='lat' dir='ltr'><strong>utrumque</strong></span> <span class='ocrx_word' id='word_1_327' title='bbox 3149 2157 3381 2218; x_wconf 80' lang='lat' dir='ltr'><strong>spectat,</strong></span> 
     </span>
    </p>
   </div>
   <div class='ocr_carea' id='block_1_42' title="bbox 141 2228 1714 2311">
    <p class='ocr_par' dir='ltr' id='par_1_42' title="bbox 141 2232 1713 2311">
     <span class='ocr_line' id='line_1_42' title="bbox 141 2232 1713 2311; baseline -0.005 -18"><span class='ocrx_word' id='word_1_328' title='bbox 141 2240 420 2295; x_wconf 80' lang='grc' dir='ltr'>λειωτικδν</span> <span class='ocrx_word' id='word_1_329' title='bbox 449 2239 568 2311; x_wconf 64' lang='grc' dir='ltr'>μιν.</span> <span class='ocrx_word' id='word_1_330' title='bbox 599 2240 678 2305; x_wconf 86' lang='grc' dir='ltr'><strong>ὡς</strong></span> <span class='ocrx_word' id='word_1_331' title='bbox 704 2242 768 2295; x_wconf 84' lang='grc' dir='ltr'><strong>τδ</strong></span> <span class='ocrx_word' id='word_1_332' title='bbox 801 2239 1049 2309; x_wconf 79' lang='grc' dir='ltr'>ὑγιάζειν</span> <span class='ocrx_word' id='word_1_333' title='bbox 1074 2255 1089 2271; x_wconf 94' lang='grc'><strong>·</strong></span> <span class='ocrx_word' id='word_1_334' title='bbox 1114 2238 1412 2307; x_wconf 79' lang='grc' dir='ltr'>φθαρτικὸν</span> <span class='ocrx_word' id='word_1_335' title='bbox 1446 2233 1525 2297; x_wconf 75' lang='grc' dir='ltr'><strong>δι,</strong></span> <span class='ocrx_word' id='word_1_336' title='bbox 1552 2232 1628 2296; x_wconf 85' lang='lat' dir='ltr'><strong>Ib;</strong></span> <span class='ocrx_word' id='word_1_337' title='bbox 1650 2232 1713 2285; x_wconf 84' lang='grc' dir='ltr'><strong>τὺ</strong></span> 
     </span>
    </p>
   </div>
   <div class='ocr_carea' id='block_1_43' title="bbox 1815 2228 3381 2311">
    <p class='ocr_par' dir='ltr' id='par_1_43' title="bbox 1820 2228 3381 2308">
     <span class='ocr_line' id='line_1_43' title="bbox 1820 2228 3381 2308; baseline 0.01 -29"><span class='ocrx_word' id='word_1_338' title='bbox 1820 2240 1997 2294; x_wconf 87' lang='lat' dir='ltr'><strong>neque</strong></span> <span class='ocrx_word' id='word_1_339' title='bbox 2031 2228 2259 2282; x_wconf 81' lang='lat' dir='ltr'><strong>sI-orsim</strong></span> <span class='ocrx_word' id='word_1_340' title='bbox 2300 2233 2496 2286; x_wconf 76' lang='lat' dir='ltr'><strong>anima:</strong></span> <span class='ocrx_word' id='word_1_341' title='bbox 2551 2245 2653 2301; x_wconf 77' lang='lat' dir='ltr'><strong>est;</strong></span> <span class='ocrx_word' id='word_1_342' title='bbox 2699 2251 2874 2306; x_wconf 89' lang='lat' dir='ltr'><strong>neque</strong></span> <span class='ocrx_word' id='word_1_343' title='bbox 2898 2241 3168 2308; x_wconf 82' lang='lat' dir='ltr'><strong>corporis)</strong></span> <span class='ocrx_word' id='word_1_344' title='bbox 3196 2254 3211 2306; x_wconf 88' lang='lat'><strong>;</strong></span> <span class='ocrx_word' id='word_1_345' title='bbox 3237 2241 3381 2295; x_wconf 72' lang='lat' dir='ltr'><strong>circa</strong></span> 
     </span>
    </p>
   </div>
   <div class='ocr_carea' id='block_1_44' title="bbox 140 2321 1714 2404">
    <p class='ocr_par' dir='ltr' id='par_1_44' title="bbox 140 2322 1711 2404">
     <span class='ocr_line' id='line_1_44' title="bbox 140 2322 1711 2404; baseline -0.007 -17"><span class='ocrx_word' id='word_1_346' title='bbox 140 2334 360 2404; x_wconf 80' lang='grc' dir='ltr'>νοσερὸν</span> <span class='ocrx_word' id='word_1_347' title='bbox 402 2332 849 2404; x_wconf 76' lang='grc' dir='ltr'>παρασκευάζειν</span> <span class='ocrx_word' id='word_1_348' title='bbox 888 2331 951 2385; x_wconf 81' lang='grc' dir='ltr'>τὸ</span> <span class='ocrx_word' id='word_1_349' title='bbox 991 2332 1171 2401; x_wconf 83' lang='grc' dir='ltr'>σῶμα.</span> <span class='ocrx_word' id='word_1_350' title='bbox 1206 2328 1324 2381; x_wconf 86' lang='grc' dir='ltr'>Ἔτι</span> <span class='ocrx_word' id='word_1_351' title='bbox 1365 2326 1427 2380; x_wconf 80' lang='grc' dir='ltr'><strong>τὸ</strong></span> <span class='ocrx_word' id='word_1_352' title='bbox 1463 2326 1635 2379; x_wconf 86' lang='grc' dir='ltr'>ποιεῖν</span> <span class='ocrx_word' id='word_1_353' title='bbox 1676 2322 1711 2395; x_wconf 73' lang='grc' dir='ltr'><strong>ἢ</strong></span> 
     </span>
    </p>
   </div>
   <div class='ocr_carea' id='block_1_45' title="bbox 1815 2321 3384 2404">
    <p class='ocr_par' dir='ltr' id='par_1_45' title="bbox 1817 2321 3384 2389">
     <span class='ocr_line' id='line_1_45' title="bbox 1817 2321 3384 2389; baseline 0.01 -18"><span class='ocrx_word' id='word_1_354' title='bbox 1817 2331 1880 2371; x_wconf 86' lang='lat' dir='ltr'><strong>ca</strong></span> <span class='ocrx_word' id='word_1_355' title='bbox 1906 2332 2029 2387; x_wconf 70' lang='lat' dir='ltr'><strong>quae</strong></span> <span class='ocrx_word' id='word_1_356' title='bbox 2073 2321 2140 2373; x_wconf 83' lang='lat' dir='ltr'><strong>ad</strong></span> <span class='ocrx_word' id='word_1_357' title='bbox 2164 2328 2342 2386; x_wconf 79' lang='lat' dir='ltr'><strong>extra,</strong></span> <span class='ocrx_word' id='word_1_358' title='bbox 2376 2333 2433 2379; x_wconf 95' lang='lat' dir='ltr'><strong>ut</strong></span> <span class='ocrx_word' id='word_1_359' title='bbox 2456 2325 2677 2381; x_wconf 85' lang='lat' dir='ltr'><strong>divitem</strong></span> <span class='ocrx_word' id='word_1_360' title='bbox 2698 2327 2873 2385; x_wconf 89' lang='lat' dir='ltr'><strong>facere</strong></span> <span class='ocrx_word' id='word_1_361' title='bbox 2897 2340 2949 2385; x_wconf 90' lang='lat' dir='ltr'><strong>et</strong></span> <span class='ocrx_word' id='word_1_362' title='bbox 2977 2332 3202 2387; x_wconf 82' lang='lat' dir='ltr'><strong>aimilla.</strong></span> <span class='ocrx_word' id='word_1_363' title='bbox 3240 2332 3384 2389; x_wconf 79' lang='lat' dir='ltr'><strong>Rur-</strong></span> 
     </span>
    </p>
   </div>
   <div class='ocr_carea' id='block_1_46' title="bbox 141 2411 1714 2493">
    <p class='ocr_par' dir='ltr' id='par_1_46' title="bbox 141 2413 1713 2493">
     <span class='ocr_line' id='line_1_46' title="bbox 141 2413 1713 2493; baseline -0.008 -15"><span class='ocrx_word' id='word_1_364' title='bbox 141 2423 384 2478; x_wconf 76' lang='grc' dir='ltr'>εοιοῦτον</span> <span class='ocrx_word' id='word_1_365' title='bbox 411 2424 696 2486; x_wconf 87' lang='grc' dir='ltr'>ἀποτελεῖ,</span> <span class='ocrx_word' id='word_1_366' title='bbox 726 2419 947 2493; x_wconf 81' lang='grc' dir='ltr'>οῖόνπέρ</span> <span class='ocrx_word' id='word_1_367' title='bbox 975 2423 1124 2475; x_wconf 72' lang='grc' dir='ltr'>ἔστιν</span> <span class='ocrx_word' id='word_1_368' title='bbox 1148 2420 1358 2484; x_wconf 65' lang='grc' dir='ltr'>ἐκεῖνο,</span> <span class='ocrx_word' id='word_1_369' title='bbox 1385 2415 1459 2479; x_wconf 85' lang='grc' dir='ltr'><strong>ὡς</strong></span> <span class='ocrx_word' id='word_1_370' title='bbox 1500 2414 1560 2468; x_wconf 75' lang='grc' dir='ltr'><strong>τὸ</strong></span> <span class='ocrx_word' id='word_1_371' title='bbox 1589 2413 1713 2484; x_wconf 80' lang='grc' dir='ltr'>θερο</span> 
     </span>
    </p>
   </div>
   <div class='ocr_carea' id='block_1_47' title="bbox 1815 2411 3381 2493">
    <p class='ocr_par' dir='ltr' id='par_1_47' title="bbox 1819 2411 3381 2493">
     <span class='ocr_line' id='line_1_47' title="bbox 1819 2411 3381 2493; baseline 0.01 -31"><span class='ocrx_word' id='word_1_372' title='bbox 1819 2420 1940 2462; x_wconf 87' lang='lat' dir='ltr'><strong>sum</strong></span> <span class='ocrx_word' id='word_1_373' title='bbox 1983 2422 2143 2478; x_wconf 77' lang='lat' dir='ltr'><strong>agerc</strong></span> <span class='ocrx_word' id='word_1_374' title='bbox 2193 2411 2276 2465; x_wconf 85' lang='lat' dir='ltr'><strong>vel</strong></span> <span class='ocrx_word' id='word_1_375' title='bbox 2310 2412 2665 2482; x_wconf 85' lang='lat' dir='ltr'><strong>perfectivum</strong></span> <span class='ocrx_word' id='word_1_376' title='bbox 2722 2425 2806 2473; x_wconf 84' lang='lat' dir='ltr'><strong>est</strong></span> <span class='ocrx_word' id='word_1_377' title='bbox 2857 2422 2940 2477; x_wconf 86' lang='lat' dir='ltr'><strong>vel</strong></span> <span class='ocrx_word' id='word_1_378' title='bbox 2984 2424 3381 2493; x_wconf 71' lang='lat' dir='ltr'><strong>corruptivum,</strong></span> 
     </span>
    </p>
   </div>
   <div class='ocr_carea' id='block_1_48' title="bbox 147 2498 1714 2585">
    <p class='ocr_par' dir='ltr' id='par_1_48' title="bbox 147 2506 1709 2585">
     <span class='ocr_line' id='line_1_48' title="bbox 147 2506 1709 2585; baseline -0.009 -16"><span class='ocrx_word' id='word_1_379' title='bbox 147 2517 334 2585; x_wconf 90' lang='grc' dir='ltr'>μαῖνον</span> <span class='ocrx_word' id='word_1_380' title='bbox 360 2513 559 2585; x_wconf 75' lang='grc' dir='ltr'>θερμὸν</span> <span class='ocrx_word' id='word_1_381' title='bbox 580 2514 614 2583; x_wconf 81' lang='grc' dir='ltr'><strong>ἢ</strong></span> <span class='ocrx_word' id='word_1_382' title='bbox 638 2515 701 2567; x_wconf 84' lang='grc' dir='ltr'>οὐ</span> <span class='ocrx_word' id='word_1_383' title='bbox 720 2512 983 2577; x_wconf 79' lang='grc' dir='ltr'>τοιοῦτον,</span> <span class='ocrx_word' id='word_1_384' title='bbox 1009 2510 1200 2580; x_wconf 84' lang='grc' dir='ltr'>ὥσπερ</span> <span class='ocrx_word' id='word_1_385' title='bbox 1228 2508 1290 2561; x_wconf 77' lang='grc' dir='ltr'>τὸ</span> <span class='ocrx_word' id='word_1_386' title='bbox 1305 2507 1501 2577; x_wconf 88' lang='grc' dir='ltr'>τέμνον</span> <span class='ocrx_word' id='word_1_387' title='bbox 1519 2506 1709 2575; x_wconf 78' lang='grc' dir='ltr'>τομήν·</span> 
     </span>
    </p>
   </div>
   <div class='ocr_carea' id='block_1_49' title="bbox 1815 2498 3382 2585">
    <p class='ocr_par' dir='ltr' id='par_1_49' title="bbox 1820 2498 3382 2582">
     <span class='ocr_line' id='line_1_49' title="bbox 1820 2498 3382 2582; baseline 0.009 -26"><span class='ocrx_word' id='word_1_388' title='bbox 1820 2498 2199 2568; x_wconf 78' lang='lat' dir='ltr'><strong>perfectivum,</strong></span> <span class='ocrx_word' id='word_1_389' title='bbox 2232 2504 2397 2559; x_wconf 90' lang='lat' dir='ltr'><strong>veluti</strong></span> <span class='ocrx_word' id='word_1_390' title='bbox 2450 2522 2688 2575; x_wconf 86' lang='lat' dir='ltr'><strong>sanare;</strong></span> <span class='ocrx_word' id='word_1_391' title='bbox 2745 2514 3145 2582; x_wconf 82' lang='lat' dir='ltr'><strong>corruptivum,</strong></span> <span class='ocrx_word' id='word_1_392' title='bbox 3216 2516 3382 2570; x_wconf 88' lang='lat' dir='ltr'><strong>veluti</strong></span> 
     </span>
    </p>
   </div>
   <div class='ocr_carea' id='block_1_50' title="bbox 144 2593 1714 2675">
    <p class='ocr_par' dir='ltr' id='par_1_50' title="bbox 144 2597 1712 2675">
     <span class='ocr_line' id='line_1_50' title="bbox 144 2597 1712 2675; baseline -0.008 -16"><span class='ocrx_word' id='word_1_393' title='bbox 144 2608 193 2659; x_wconf 86' lang='grc' dir='ltr'><strong>εί</strong></span> <span class='ocrx_word' id='word_1_394' title='bbox 218 2606 277 2659; x_wconf 79' lang='grc' dir='ltr'>δὲ</span> <span class='ocrx_word' id='word_1_395' title='bbox 301 2604 476 2667; x_wconf 82' lang='grc' dir='ltr'>τοῦτο,</span> <span class='ocrx_word' id='word_1_396' title='bbox 508 2606 789 2675; x_wconf 84' lang='grc' dir='ltr'>σύστοιχον</span> <span class='ocrx_word' id='word_1_397' title='bbox 815 2603 873 2657; x_wconf 79' lang='grc' dir='ltr'><strong>δέ</strong></span> <span class='ocrx_word' id='word_1_398' title='bbox 905 2604 1022 2656; x_wconf 71' lang='grc' dir='ltr'>ἐστι</span> <span class='ocrx_word' id='word_1_399' title='bbox 1044 2602 1125 2672; x_wconf 82' lang='grc' dir='ltr'>τῷ</span> <span class='ocrx_word' id='word_1_400' title='bbox 1151 2599 1394 2654; x_wconf 82' lang='grc' dir='ltr'>ποιοῦντι</span> <span class='ocrx_word' id='word_1_401' title='bbox 1423 2597 1485 2651; x_wconf 82' lang='grc' dir='ltr'><strong>τὺ</strong></span> <span class='ocrx_word' id='word_1_402' title='bbox 1520 2599 1712 2660; x_wconf 87' lang='grc' dir='ltr'>ποιεῖν,</span> 
     </span>
    </p>
   </div>
   <div class='ocr_carea' id='block_1_51' title="bbox 1815 2593 3374 2675">
    <p class='ocr_par' dir='ltr' id='par_1_51' title="bbox 1821 2593 3374 2675">
     <span class='ocr_line' id='line_1_51' title="bbox 1821 2593 3374 2675; baseline 0.014 -33"><span class='ocrx_word' id='word_1_403' title='bbox 1821 2601 2081 2661; x_wconf 64' lang='grc' dir='ltr'>εςεοιυιιι</span> <span class='ocrx_word' id='word_1_404' title='bbox 2111 2593 2339 2651; x_wconf 87' lang='lat' dir='ltr'><strong>reddere</strong></span> <span class='ocrx_word' id='word_1_405' title='bbox 2370 2612 2591 2669; x_wconf 90' lang='lat' dir='ltr'><strong>corpus.</strong></span> <span class='ocrx_word' id='word_1_406' title='bbox 2631 2602 2877 2673; x_wconf 89' lang='lat' dir='ltr'><strong>Denique</strong></span> <span class='ocrx_word' id='word_1_407' title='bbox 2914 2622 3074 2675; x_wconf 78' lang='lat' dir='ltr'><strong>agere</strong></span> <span class='ocrx_word' id='word_1_408' title='bbox 3101 2608 3183 2661; x_wconf 90' lang='lat' dir='ltr'><strong>vel</strong></span> <span class='ocrx_word' id='word_1_409' title='bbox 3214 2610 3374 2664; x_wconf 86' lang='lat' dir='ltr'><strong>talem</strong></span> 
     </span>
    </p>
   </div>
   <div class='ocr_carea' id='block_1_52' title="bbox 144 2682 1714 2767">
    <p class='ocr_par' dir='ltr' id='par_1_52' title="bbox 144 2690 1402 2767">
     <span class='ocr_line' id='line_1_52' title="bbox 144 2690 1402 2767; baseline -0.007 -15"><span class='ocrx_word' id='word_1_410' title='bbox 144 2699 240 2751; x_wconf 79' lang='grc' dir='ltr'>καὶ</span> <span class='ocrx_word' id='word_1_411' title='bbox 262 2698 324 2751; x_wconf 76' lang='grc' dir='ltr'>τὸ</span> <span class='ocrx_word' id='word_1_412' title='bbox 359 2700 532 2751; x_wconf 84' lang='grc' dir='ltr'>ποιεῖν</span> <span class='ocrx_word' id='word_1_413' title='bbox 554 2697 662 2767; x_wconf 81' lang='grc' dir='ltr'><strong>ἀρα</strong></span> <span class='ocrx_word' id='word_1_414' title='bbox 690 2696 948 2764; x_wconf 82' lang='grc' dir='ltr'>τοιαύτην</span> <span class='ocrx_word' id='word_1_415' title='bbox 976 2693 1088 2761; x_wconf 76' lang='grc' dir='ltr'>ἱξει</span> <span class='ocrx_word' id='word_1_416' title='bbox 1115 2690 1402 2761; x_wconf 82' lang='grc' dir='ltr'>διαφοράν.</span> 
     </span>
    </p>
   </div>
   <div class='ocr_carea' id='block_1_53' title="bbox 1815 2682 3385 2767">
    <p class='ocr_par' dir='ltr' id='par_1_53' title="bbox 1827 2682 3385 2763">
     <span class='ocr_line' id='line_1_53' title="bbox 1827 2682 3385 2763; baseline 0.012 -27"><span class='ocrx_word' id='word_1_417' title='bbox 1827 2682 2077 2737; x_wconf 84' lang='lat' dir='ltr'><strong>elfectum</strong></span> <span class='ocrx_word' id='word_1_418' title='bbox 2107 2685 2288 2752; x_wconf 88' lang='lat' dir='ltr'><strong>ellicit,</strong></span> <span class='ocrx_word' id='word_1_419' title='bbox 2320 2690 2479 2757; x_wconf 90' lang='lat' dir='ltr'><strong>quale</strong></span> <span class='ocrx_word' id='word_1_420' title='bbox 2514 2692 2646 2747; x_wconf 93' lang='lat' dir='ltr'><strong>illud</strong></span> <span class='ocrx_word' id='word_1_421' title='bbox 2695 2694 2872 2763; x_wconf 91' lang='lat' dir='ltr'><strong>ipsum</strong></span> <span class='ocrx_word' id='word_1_422' title='bbox 2928 2709 3034 2763; x_wconf 88' lang='lat' dir='ltr'><strong>est,</strong></span> <span class='ocrx_word' id='word_1_423' title='bbox 3075 2708 3133 2752; x_wconf 94' lang='lat' dir='ltr'><strong>ut</strong></span> <span class='ocrx_word' id='word_1_424' title='bbox 3179 2700 3385 2754; x_wconf 62' lang='lat' dir='ltr'><strong>calefao</strong></span> 
     </span>
    </p>
   </div>
   <div class='ocr_carea' id='block_1_54' title="bbox 144 2781 3391 2860">
    <p class='ocr_par' dir='ltr' id='par_1_54' title="bbox 144 2781 3391 2860">
     <span class='ocr_line' id='line_1_54' title="bbox 144 2781 3391 2860; baseline -0.002 -7"><span class='ocrx_word' id='word_1_425' title='bbox 144 2796 298 2853; x_wconf 81' lang='lat' dir='ltr'><strong>ciens</strong></span> <span class='ocrx_word' id='word_1_426' title='bbox 334 2795 465 2852; x_wconf 83' lang='lat' dir='ltr'><strong>facit</strong></span> <span class='ocrx_word' id='word_1_427' title='bbox 493 2796 757 2860; x_wconf 83' lang='lat' dir='ltr'><strong>calidum,</strong></span> <span class='ocrx_word' id='word_1_428' title='bbox 792 2796 875 2850; x_wconf 91' lang='lat' dir='ltr'><strong>vel</strong></span> <span class='ocrx_word' id='word_1_429' title='bbox 907 2809 1013 2849; x_wconf 88' lang='lat' dir='ltr'><strong>non</strong></span> <span class='ocrx_word' id='word_1_430' title='bbox 1072 2792 1262 2856; x_wconf 87' lang='lat' dir='ltr'><strong>talem,</strong></span> <span class='ocrx_word' id='word_1_431' title='bbox 1286 2791 1431 2846; x_wconf 84' lang='lat' dir='ltr'><strong>sicut</strong></span> <span class='ocrx_word' id='word_1_432' title='bbox 1476 2802 1674 2843; x_wconf 82' lang='lat' dir='ltr'><strong>secans</strong></span> <span class='ocrx_word' id='word_1_433' title='bbox 1711 2784 2045 2846; x_wconf 83' lang='lat' dir='ltr'><strong>sectionem;</strong></span> <span class='ocrx_word' id='word_1_434' title='bbox 2085 2781 2131 2834; x_wconf 92' lang='lat' dir='ltr'><strong>si</strong></span> <span class='ocrx_word' id='word_1_435' title='bbox 2156 2798 2282 2838; x_wconf 81' lang='lat' dir='ltr'><strong>vero</strong></span> <span class='ocrx_word' id='word_1_436' title='bbox 2310 2785 2380 2838; x_wconf 89' lang='lat' dir='ltr'><strong>ita</strong></span> <span class='ocrx_word' id='word_1_437' title='bbox 2410 2795 2516 2850; x_wconf 88' lang='lat' dir='ltr'><strong>est,</strong></span> <span class='ocrx_word' id='word_1_438' title='bbox 2541 2789 2875 2857; x_wconf 85' lang='lat' dir='ltr'><strong>respondens</strong></span> <span class='ocrx_word' id='word_1_439' title='bbox 2908 2806 3035 2844; x_wconf 90' lang='lat' dir='ltr'><strong>vero</strong></span> <span class='ocrx_word' id='word_1_440' title='bbox 3093 2802 3179 2845; x_wconf 83' lang='lat' dir='ltr'><strong>est</strong></span> <span class='ocrx_word' id='word_1_441' title='bbox 3245 2803 3391 2849; x_wconf 76' lang='lat' dir='ltr'><strong>actio</strong></span> 
     </span>
    </p>
   </div>
   <div class='ocr_carea' id='block_1_55' title="bbox 146 2878 1954 2977">
    <p class='ocr_par' dir='ltr' id='par_1_55' title="bbox 146 2878 1954 2977">
     <span class='ocr_line' id='line_1_55' title="bbox 146 2878 1954 2977; baseline -0.008 -32"><span class='ocrx_word' id='word_1_442' title='bbox 146 2891 350 2977; x_wconf 64' lang='lat' dir='ltr'><strong>ageny&#39;,</strong></span> <span class='ocrx_word' id='word_1_443' title='bbox 401 2906 533 2962; x_wconf 71' lang='lat' dir='ltr'><strong>ergo</strong></span> <span class='ocrx_word' id='word_1_444' title='bbox 565 2906 729 2961; x_wconf 72' lang='lat' dir='ltr'><strong>agere</strong></span> <span class='ocrx_word' id='word_1_445' title='bbox 750 2904 971 2959; x_wconf 85' lang='lat' dir='ltr'><strong>quoque</strong></span> <span class='ocrx_word' id='word_1_446' title='bbox 1019 2887 1267 2943; x_wconf 86' lang='lat' dir='ltr'><strong>eamdem</strong></span> <span class='ocrx_word' id='word_1_447' title='bbox 1318 2878 1954 2977; x_wconf 30' lang='lat' dir='ltr'><strong>diﬂ‘erentiaIn-hahehit.</strong></span> 
     </span>
    </p>
   </div>
   <div class='ocr_carea' id='block_1_56' title="bbox 223 2974 1714 3054">
    <p class='ocr_par' dir='ltr' id='par_1_56' title="bbox 223 2974 1714 3054">
     <span class='ocr_line' id='line_1_56' title="bbox 223 2974 1714 3054; baseline -0.007 -16"><span class='ocrx_word' id='word_1_448' title='bbox 223 2974 298 3053; x_wconf 60' lang='lat' dir='ltr'><strong>ﬁ&#39;.</strong></span> <span class='ocrx_word' id='word_1_449' title='bbox 335 2984 674 3054; x_wconf 80' lang='grc' dir='ltr'>Ἐπιδέχεται</span> <span class='ocrx_word' id='word_1_450' title='bbox 724 2983 781 3036; x_wconf 73' lang='grc' dir='ltr'>δὲ</span> <span class='ocrx_word' id='word_1_451' title='bbox 827 2982 892 3035; x_wconf 86' lang='grc' dir='ltr'><strong>τδ</strong></span> <span class='ocrx_word' id='word_1_452' title='bbox 940 2983 1115 3035; x_wconf 86' lang='grc' dir='ltr'>ποιεῖν</span> <span class='ocrx_word' id='word_1_453' title='bbox 1155 2980 1217 3034; x_wconf 76' lang='grc' dir='ltr'>τὸ</span> <span class='ocrx_word' id='word_1_454' title='bbox 1272 2980 1472 3050; x_wconf 75' lang='grc' dir='ltr'>μᾶλλον</span> <span class='ocrx_word' id='word_1_455' title='bbox 1515 2977 1610 3031; x_wconf 78' lang='grc' dir='ltr'>καὶ</span> <span class='ocrx_word' id='word_1_456' title='bbox 1656 2974 1714 3027; x_wconf 80' lang='grc' dir='ltr'>τὸ</span> 
     </span>
    </p>
   </div>
   <div class='ocr_carea' id='block_1_57' title="bbox 1815 2974 3392 3054">
    <p class='ocr_par' dir='ltr' id='par_1_57' title="bbox 1890 2974 3392 3045">
     <span class='ocr_line' id='line_1_57' title="bbox 1890 2974 3392 3045; baseline 0.009 -21"><span class='ocrx_word' id='word_1_457' title='bbox 1890 2976 1947 3025; x_wconf 74' lang='lat'><strong>‘2.</strong></span> <span class='ocrx_word' id='word_1_458' title='bbox 1990 2974 2237 3029; x_wconf 82' lang='lat' dir='ltr'><strong>Admittit</strong></span> <span class='ocrx_word' id='word_1_459' title='bbox 2265 2984 2439 3028; x_wconf 90' lang='lat' dir='ltr'><strong>autem</strong></span> <span class='ocrx_word' id='word_1_460' title='bbox 2474 2989 2634 3045; x_wconf 76' lang='lat' dir='ltr'><strong>agere</strong></span> <span class='ocrx_word' id='word_1_461' title='bbox 2678 2976 2848 3044; x_wconf 79' lang='lat' dir='ltr'><strong>magis</strong></span> <span class='ocrx_word' id='word_1_462' title='bbox 2872 2987 2925 3031; x_wconf 91' lang='lat' dir='ltr'><strong>ct</strong></span> <span class='ocrx_word' id='word_1_463' title='bbox 2962 2978 3139 3033; x_wconf 90' lang='lat' dir='ltr'><strong>minus</strong></span> <span class='ocrx_word' id='word_1_464' title='bbox 3169 2998 3183 3045; x_wconf 91' lang='lat'><strong>;</strong></span> <span class='ocrx_word' id='word_1_465' title='bbox 3246 2983 3392 3038; x_wconf 62' lang='grc' dir='ltr'>(ειε-</span> 
     </span>
    </p>
   </div>
   <div class='ocr_carea' id='block_1_58' title="bbox 146 3061 1714 3144">
    <p class='ocr_par' dir='ltr' id='par_1_58' title="bbox 146 3063 1714 3144">
     <span class='ocr_line' id='line_1_58' title="bbox 146 3063 1714 3144; baseline -0.005 -19"><span class='ocrx_word' id='word_1_466' title='bbox 146 3069 340 3144; x_wconf 81' lang='grc' dir='ltr'>ἧττον·</span> <span class='ocrx_word' id='word_1_467' title='bbox 379 3071 695 3143; x_wconf 88' lang='grc' dir='ltr'>θερμαίνειν</span> <span class='ocrx_word' id='word_1_468' title='bbox 724 3071 833 3142; x_wconf 84' lang='lat'><strong>7&amp;9</strong></span> <span class='ocrx_word' id='word_1_469' title='bbox 861 3069 976 3124; x_wconf 69' lang='grc' dir='ltr'>ἔστι</span> <span class='ocrx_word' id='word_1_470' title='bbox 1010 3070 1210 3141; x_wconf 81' lang='grc' dir='ltr'>μᾶλλον</span> <span class='ocrx_word' id='word_1_471' title='bbox 1244 3070 1339 3123; x_wconf 77' lang='grc' dir='ltr'><strong>καὶ</strong></span> <span class='ocrx_word' id='word_1_472' title='bbox 1382 3063 1546 3137; x_wconf 81' lang='grc' dir='ltr'>ἦττον</span> <span class='ocrx_word' id='word_1_473' title='bbox 1567 3082 1583 3096; x_wconf 93' lang='grc'><strong>·</strong></span> <span class='ocrx_word' id='word_1_474' title='bbox 1622 3065 1714 3118; x_wconf 69' lang='grc' dir='ltr'>καὶ</span> 
     </span>
    </p>
   </div>
   <div class='ocr_carea' id='block_1_59' title="bbox 1815 3061 3391 3144">
    <p class='ocr_par' dir='ltr' id='par_1_59' title="bbox 1824 3061 3391 3138">
     <span class='ocr_line' id='line_1_59' title="bbox 1824 3061 3391 3138; baseline 0.01 -22"><span class='ocrx_word' id='word_1_475' title='bbox 1824 3061 2002 3118; x_wconf 84' lang='lat' dir='ltr'><strong>facere</strong></span> <span class='ocrx_word' id='word_1_476' title='bbox 2028 3067 2171 3120; x_wconf 89' lang='lat' dir='ltr'><strong>enim</strong></span> <span class='ocrx_word' id='word_1_477' title='bbox 2201 3066 2405 3135; x_wconf 92' lang='lat' dir='ltr'><strong>aliquid</strong></span> <span class='ocrx_word' id='word_1_478' title='bbox 2434 3076 2611 3135; x_wconf 89' lang='lat' dir='ltr'><strong>potest</strong></span> <span class='ocrx_word' id='word_1_479' title='bbox 2655 3068 2825 3136; x_wconf 74' lang='lat' dir='ltr'><strong>magis</strong></span> <span class='ocrx_word' id='word_1_480' title='bbox 2852 3070 2933 3124; x_wconf 89' lang='lat' dir='ltr'><strong>vel</strong></span> <span class='ocrx_word' id='word_1_481' title='bbox 2982 3072 3187 3138; x_wconf 88' lang='lat' dir='ltr'><strong>minus,</strong></span> <span class='ocrx_word' id='word_1_482' title='bbox 3226 3084 3280 3129; x_wconf 90' lang='lat' dir='ltr'><strong>et</strong></span> <span class='ocrx_word' id='word_1_483' title='bbox 3313 3076 3391 3130; x_wconf 87' lang='lat' dir='ltr'><strong>si-</strong></span> 
     </span>
    </p>
   </div>
   <div class='ocr_carea' id='block_1_60' title="bbox 146 3156 1714 3235">
    <p class='ocr_par' dir='ltr' id='par_1_60' title="bbox 146 3157 1713 3235">
     <span class='ocr_line' id='line_1_60' title="bbox 146 3157 1713 3235; baseline -0.006 -18"><span class='ocrx_word' id='word_1_484' title='bbox 146 3163 339 3235; x_wconf 80' lang='grc' dir='ltr'>ψύχειν</span> <span class='ocrx_word' id='word_1_485' title='bbox 381 3157 641 3226; x_wconf 76' lang='grc' dir='ltr'>ὡσαύτως</span> <span class='ocrx_word' id='word_1_486' title='bbox 662 3178 677 3193; x_wconf 93' lang='grc'><strong>·</strong></span> <span class='ocrx_word' id='word_1_487' title='bbox 706 3163 808 3216; x_wconf 87' lang='grc' dir='ltr'><strong>ούκ</strong></span> <span class='ocrx_word' id='word_1_488' title='bbox 834 3161 926 3215; x_wconf 78' lang='grc' dir='ltr'>έπὶ</span> <span class='ocrx_word' id='word_1_489' title='bbox 961 3164 1094 3214; x_wconf 78' lang='grc' dir='ltr'>πᾶσι</span> <span class='ocrx_word' id='word_1_490' title='bbox 1121 3161 1181 3215; x_wconf 70' lang='grc' dir='ltr'><strong>δι</strong></span> <span class='ocrx_word' id='word_1_491' title='bbox 1206 3159 1364 3213; x_wconf 81' lang='grc' dir='ltr'>τοῦτο</span> <span class='ocrx_word' id='word_1_492' title='bbox 1389 3157 1672 3228; x_wconf 76' lang='grc' dir='ltr'>συμϐαίνει</span> <span class='ocrx_word' id='word_1_493' title='bbox 1701 3174 1713 3186; x_wconf 92' lang='grc'><strong>·</strong></span> 
     </span>
    </p>
   </div>
   <div class='ocr_carea' id='block_1_61' title="bbox 1815 3156 3389 3235">
    <p class='ocr_par' dir='ltr' id='par_1_61' title="bbox 1824 3156 3389 3229">
     <span class='ocr_line' id='line_1_61' title="bbox 1824 3156 3389 3229; baseline 0.008 -21"><span class='ocrx_word' id='word_1_494' title='bbox 1824 3156 2024 3211; x_wconf 84' lang='lat' dir='ltr'><strong>militer</strong></span> <span class='ocrx_word' id='word_1_495' title='bbox 2054 3157 2393 3229; x_wconf 79' lang='lat' dir='ltr'><strong>refrigerare.</strong></span> <span class='ocrx_word' id='word_1_496' title='bbox 2425 3157 2541 3214; x_wconf 82' lang='lat' dir='ltr'><strong>Non</strong></span> <span class='ocrx_word' id='word_1_497' title='bbox 2574 3174 2708 3213; x_wconf 79' lang='lat' dir='ltr'><strong>vero</strong></span> <span class='ocrx_word' id='word_1_498' title='bbox 2744 3159 2796 3214; x_wconf 92' lang='lat' dir='ltr'><strong>in</strong></span> <span class='ocrx_word' id='word_1_499' title='bbox 2819 3162 3079 3219; x_wconf 82' lang='lat' dir='ltr'><strong>omnibus</strong></span> <span class='ocrx_word' id='word_1_500' title='bbox 3128 3166 3231 3220; x_wconf 88' lang='lat' dir='ltr'><strong>hoc</strong></span> <span class='ocrx_word' id='word_1_501' title='bbox 3260 3184 3389 3222; x_wconf 89' lang='lat' dir='ltr'><strong>eve-</strong></span> 
     </span>
    </p>
   </div>
   <div class='ocr_carea' id='block_1_62' title="bbox 146 3247 1714 3329">
    <p class='ocr_par' dir='ltr' id='par_1_62' title="bbox 146 3247 1714 3325">
     <span class='ocr_line' id='line_1_62' title="bbox 146 3247 1714 3325; baseline -0.004 -18"><span class='ocrx_word' id='word_1_502' title='bbox 146 3257 251 3307; x_wconf 86' lang='grc' dir='ltr'>οὐκ</span> <span class='ocrx_word' id='word_1_503' title='bbox 277 3254 391 3308; x_wconf 77' lang='grc' dir='ltr'>ιστι</span> <span class='ocrx_word' id='word_1_504' title='bbox 422 3256 530 3325; x_wconf 90' lang='lat'><strong>7&amp;9</strong></span> <span class='ocrx_word' id='word_1_505' title='bbox 560 3254 861 3325; x_wconf 85' lang='grc' dir='ltr'>οίκοδομεῖν</span> <span class='ocrx_word' id='word_1_506' title='bbox 904 3252 1104 3324; x_wconf 74' lang='grc' dir='ltr'>μᾶλλον</span> <span class='ocrx_word' id='word_1_507' title='bbox 1152 3252 1246 3305; x_wconf 81' lang='grc' dir='ltr'>καὶ</span> <span class='ocrx_word' id='word_1_508' title='bbox 1288 3247 1472 3324; x_wconf 87' lang='grc' dir='ltr'>ἦττον,</span> <span class='ocrx_word' id='word_1_509' title='bbox 1508 3250 1714 3319; x_wconf 77' lang='grc' dir='ltr'>βέλτιον</span> 
     </span>
    </p>
   </div>
   <div class='ocr_carea' id='block_1_63' title="bbox 1815 3247 3390 3329">
    <p class='ocr_par' dir='ltr' id='par_1_63' title="bbox 1826 3248 3390 3329">
     <span class='ocr_line' id='line_1_63' title="bbox 1826 3248 3390 3329; baseline 0.01 -30"><span class='ocrx_word' id='word_1_510' title='bbox 1826 3248 1941 3313; x_wconf 89' lang='lat' dir='ltr'><strong>nit;</strong></span> <span class='ocrx_word' id='word_1_511' title='bbox 1968 3265 2091 3303; x_wconf 83' lang='lat' dir='ltr'><strong>nam</strong></span> <span class='ocrx_word' id='word_1_512' title='bbox 2120 3250 2260 3304; x_wconf 86' lang='lat' dir='ltr'><strong>haud</strong></span> <span class='ocrx_word' id='word_1_513' title='bbox 2292 3258 2467 3318; x_wconf 87' lang='lat' dir='ltr'><strong>potest</strong></span> <span class='ocrx_word' id='word_1_514' title='bbox 2488 3251 2612 3318; x_wconf 87' lang='lat' dir='ltr'><strong>quis</strong></span> <span class='ocrx_word' id='word_1_515' title='bbox 2650 3250 2922 3306; x_wconf 75' lang='lat' dir='ltr'><strong>aediﬁcare</strong></span> <span class='ocrx_word' id='word_1_516' title='bbox 2958 3254 3181 3309; x_wconf 90' lang='lat' dir='ltr'><strong>domum</strong></span> <span class='ocrx_word' id='word_1_517' title='bbox 3217 3261 3390 3329; x_wconf 77' lang='lat' dir='ltr'><strong>magls</strong></span> 
     </span>
    </p>
   </div>
   <div class='ocr_carea' id='block_1_64' title="bbox 152 3314 1714 3420">
    <p class='ocr_par' dir='ltr' id='par_1_64' title="bbox 152 3314 1714 3420">
     <span class='ocr_line' id='line_1_64' title="bbox 152 3314 1714 3420; baseline -0.006 -17"><span class='ocrx_word' id='word_1_518' title='bbox 152 3352 337 3420; x_wconf 82' lang='grc' dir='ltr'>μέντοι</span> <span class='ocrx_word' id='word_1_519' title='bbox 368 3350 402 3419; x_wconf 74' lang='grc' dir='ltr'>ἢ</span> <span class='ocrx_word' id='word_1_520' title='bbox 433 3314 614 3419; x_wconf 75' lang='grc' dir='ltr'>χεῖρον</span> <span class='ocrx_word' id='word_1_521' title='bbox 646 3314 794 3402; x_wconf 67' lang='grc' dir='ltr'>εστιν</span> <span class='ocrx_word' id='word_1_522' title='bbox 838 3314 1171 3417; x_wconf 73' lang='grc' dir='ltr'>οἰκοδομεῖν.’</span> <span class='ocrx_word' id='word_1_523' title='bbox 1198 3314 1459 3414; x_wconf 72' lang='grc' dir='ltr'>Δεύτερον</span> <span class='ocrx_word' id='word_1_524' title='bbox 1498 3314 1554 3396; x_wconf 83' lang='grc' dir='ltr'>δὲ</span> <span class='ocrx_word' id='word_1_525' title='bbox 1588 3342 1714 3394; x_wconf 83' lang='grc' dir='ltr'>ῖδιον</span> 
     </span>
    </p>
   </div>
   <div class='ocr_carea' id='block_1_65' title="bbox 1815 3314 3383 3420">
    <p class='ocr_par' dir='ltr' id='par_1_65' title="bbox 1820 3340 3383 3417">
     <span class='ocr_line' id='line_1_65' title="bbox 1820 3340 3383 3417; baseline 0.01 -27"><span class='ocrx_word' id='word_1_526' title='bbox 1820 3346 1873 3391; x_wconf 87' lang='grc' dir='ltr'><strong>ει</strong></span> <span class='ocrx_word' id='word_1_527' title='bbox 1914 3340 2115 3403; x_wconf 88' lang='lat' dir='ltr'><strong>minus,</strong></span> <span class='ocrx_word' id='word_1_528' title='bbox 2154 3341 2349 3396; x_wconf 88' lang='lat' dir='ltr'><strong>melius</strong></span> <span class='ocrx_word' id='word_1_529' title='bbox 2382 3352 2560 3396; x_wconf 88' lang='lat' dir='ltr'><strong>tamen</strong></span> <span class='ocrx_word' id='word_1_530' title='bbox 2594 3351 2648 3395; x_wconf 91' lang='lat' dir='ltr'><strong>et</strong></span> <span class='ocrx_word' id='word_1_531' title='bbox 2698 3343 2852 3411; x_wconf 89' lang='lat' dir='ltr'><strong>pejus</strong></span> <span class='ocrx_word' id='word_1_532' title='bbox 2878 3345 3145 3401; x_wconf 64' lang='lat' dir='ltr'><strong>aediﬁcare</strong></span> <span class='ocrx_word' id='word_1_533' title='bbox 3183 3360 3383 3417; x_wconf 86' lang='lat' dir='ltr'><strong>potest.</strong></span> 
     </span>
    </p>
   </div>
   <div class='ocr_carea' id='block_1_66' title="bbox 146 3431 1714 3508">
    <p class='ocr_par' dir='ltr' id='par_1_66' title="bbox 146 3431 1714 3508">
     <span class='ocr_line' id='line_1_66' title="bbox 146 3431 1714 3508; baseline -0.008 -15"><span class='ocrx_word' id='word_1_534' title='bbox 146 3441 244 3493; x_wconf 81' lang='grc' dir='ltr'>τοῦ</span> <span class='ocrx_word' id='word_1_535' title='bbox 276 3442 446 3493; x_wconf 81' lang='grc' dir='ltr'>ποιεῖν</span> <span class='ocrx_word' id='word_1_536' title='bbox 468 3440 531 3491; x_wconf 75' lang='grc' dir='ltr'>τὸ</span> <span class='ocrx_word' id='word_1_537' title='bbox 558 3438 702 3508; x_wconf 77' lang='grc' dir='ltr'>ιχειν</span> <span class='ocrx_word' id='word_1_538' title='bbox 725 3438 1076 3505; x_wconf 66' lang='grc' dir='ltr'>ἐναντιότητα</span> <span class='ocrx_word' id='word_1_539' title='bbox 1096 3452 1108 3466; x_wconf 88' lang='grc'><strong>·</strong></span> <span class='ocrx_word' id='word_1_540' title='bbox 1152 3435 1249 3489; x_wconf 75' lang='grc' dir='ltr'>καὶ</span> <span class='ocrx_word' id='word_1_541' title='bbox 1272 3434 1379 3505; x_wconf 84' lang='grc' dir='ltr'>γὰρ</span> <span class='ocrx_word' id='word_1_542' title='bbox 1404 3434 1463 3487; x_wconf 75' lang='grc' dir='ltr'><strong>τὸ</strong></span> <span class='ocrx_word' id='word_1_543' title='bbox 1490 3431 1714 3502; x_wconf 88' lang='grc' dir='ltr'>θερμαί-</span> 
     </span>
    </p>
   </div>
   <div class='ocr_carea' id='block_1_67' title="bbox 1815 3431 3385 3508">
    <p class='ocr_par' dir='ltr' id='par_1_67' title="bbox 1815 3431 3385 3507">
     <span class='ocr_line' id='line_1_67' title="bbox 1815 3431 3385 3507; baseline 0.008 -25"><span class='ocrx_word' id='word_1_544' title='bbox 1815 3431 1997 3484; x_wconf 79' lang='lat' dir='ltr'><strong>Altera</strong></span> <span class='ocrx_word' id='word_1_545' title='bbox 2021 3435 2324 3502; x_wconf 89' lang='lat' dir='ltr'><strong>proprietas</strong></span> <span class='ocrx_word' id='word_1_546' title='bbox 2350 3433 2581 3487; x_wconf 88' lang='lat' dir='ltr'><strong>actionis</strong></span> <span class='ocrx_word' id='word_1_547' title='bbox 2599 3442 2706 3493; x_wconf 88' lang='lat' dir='ltr'><strong>est,</strong></span> <span class='ocrx_word' id='word_1_548' title='bbox 2730 3435 2874 3503; x_wconf 65' lang='lat' dir='ltr'><strong>quod</strong></span> <span class='ocrx_word' id='word_1_549' title='bbox 2901 3435 3385 3507; x_wconf 82' lang='lat' dir='ltr'><strong>habetcoutraric-</strong></span> 
     </span>
    </p>
   </div>
   <div class='ocr_carea' id='block_1_68' title="bbox 150 3522 1714 3601">
    <p class='ocr_par' dir='ltr' id='par_1_68' title="bbox 150 3522 1714 3601">
     <span class='ocr_line' id='line_1_68' title="bbox 150 3522 1714 3601; baseline -0.007 -15"><span class='ocrx_word' id='word_1_550' title='bbox 150 3550 267 3587; x_wconf 88' lang='grc' dir='ltr'>νειν</span> <span class='ocrx_word' id='word_1_551' title='bbox 321 3532 562 3588; x_wconf 70' lang='grc' dir='ltr'>ἀναντίον</span> <span class='ocrx_word' id='word_1_552' title='bbox 610 3531 728 3584; x_wconf 74' lang='grc' dir='ltr'>ἐστὶ</span> <span class='ocrx_word' id='word_1_553' title='bbox 764 3531 854 3601; x_wconf 87' lang='grc' dir='ltr'><strong>’τῷ</strong></span> <span class='ocrx_word' id='word_1_554' title='bbox 900 3530 1114 3599; x_wconf 79' lang='grc' dir='ltr'>ψύχειν,</span> <span class='ocrx_word' id='word_1_555' title='bbox 1156 3529 1251 3581; x_wconf 72' lang='grc' dir='ltr'>καὶ</span> <span class='ocrx_word' id='word_1_556' title='bbox 1311 3528 1371 3579; x_wconf 86' lang='grc' dir='ltr'>τὸ</span> <span class='ocrx_word' id='word_1_557' title='bbox 1424 3525 1611 3578; x_wconf 88' lang='grc' dir='ltr'>λυπεῖν</span> <span class='ocrx_word' id='word_1_558' title='bbox 1638 3522 1714 3594; x_wconf 83' lang='grc' dir='ltr'>τῷ</span> 
     </span>
    </p>
   </div>
   <div class='ocr_carea' id='block_1_69' title="bbox 1815 3522 3386 3601">
    <p class='ocr_par' dir='ltr' id='par_1_69' title="bbox 1817 3523 3386 3594">
     <span class='ocr_line' id='line_1_69' title="bbox 1817 3523 3386 3594; baseline 0.005 -18"><span class='ocrx_word' id='word_1_559' title='bbox 1817 3532 1978 3576; x_wconf 83' lang='lat' dir='ltr'><strong>tatem</strong></span> <span class='ocrx_word' id='word_1_560' title='bbox 2004 3540 2020 3589; x_wconf 86' lang='lat'><strong>;</strong></span> <span class='ocrx_word' id='word_1_561' title='bbox 2052 3538 2176 3577; x_wconf 85' lang='lat' dir='ltr'><strong>nam</strong></span> <span class='ocrx_word' id='word_1_562' title='bbox 2202 3524 2493 3578; x_wconf 79' lang='lat' dir='ltr'><strong>calefacere</strong></span> <span class='ocrx_word' id='word_1_563' title='bbox 2519 3536 2567 3578; x_wconf 88' lang='lat' dir='ltr'><strong>et</strong></span> <span class='ocrx_word' id='word_1_564' title='bbox 2604 3523 2919 3593; x_wconf 77' lang='lat' dir='ltr'><strong>frigefacere</strong></span> <span class='ocrx_word' id='word_1_565' title='bbox 2936 3529 3211 3582; x_wconf 88' lang='lat' dir='ltr'><strong>contraria</strong></span> <span class='ocrx_word' id='word_1_566' title='bbox 3234 3541 3386 3594; x_wconf 86' lang='lat' dir='ltr'><strong>sunt,</strong></span> 
     </span>
    </p>
   </div>
   <div class='ocr_carea' id='block_1_70' title="bbox 151 3614 1714 3693">
    <p class='ocr_par' dir='ltr' id='par_1_70' title="bbox 151 3614 1714 3693">
     <span class='ocr_line' id='line_1_70' title="bbox 151 3614 1714 3693; baseline -0.008 -15"><span class='ocrx_word' id='word_1_567' title='bbox 151 3623 366 3693; x_wconf 72' lang='grc' dir='ltr'>ἡδύνειν</span> <span class='ocrx_word' id='word_1_568' title='bbox 386 3641 399 3655; x_wconf 93' lang='grc'><strong>·</strong></span> <span class='ocrx_word' id='word_1_569' title='bbox 418 3624 521 3677; x_wconf 83' lang='grc' dir='ltr'>οὐκ</span> <span class='ocrx_word' id='word_1_570' title='bbox 551 3625 644 3676; x_wconf 71' lang='grc' dir='ltr'>επὶ</span> <span class='ocrx_word' id='word_1_571' title='bbox 674 3620 888 3674; x_wconf 83' lang='grc' dir='ltr'>πολλῶν</span> <span class='ocrx_word' id='word_1_572' title='bbox 916 3620 974 3673; x_wconf 74' lang='grc' dir='ltr'><strong>δι</strong></span> <span class='ocrx_word' id='word_1_573' title='bbox 1004 3619 1163 3672; x_wconf 81' lang='grc' dir='ltr'>τοῦτο</span> <span class='ocrx_word' id='word_1_574' title='bbox 1185 3616 1482 3687; x_wconf 76' lang='grc' dir='ltr'>συμϐαῖνον</span> <span class='ocrx_word' id='word_1_575' title='bbox 1511 3614 1611 3666; x_wconf 87' lang='grc' dir='ltr'>ῖδοι</span> <span class='ocrx_word' id='word_1_576' title='bbox 1633 3630 1714 3675; x_wconf 88' lang='grc' dir='ltr'><strong>τις</strong></span> 
     </span>
    </p>
   </div>
   <div class='ocr_carea' id='block_1_71' title="bbox 1815 3614 3387 3693">
    <p class='ocr_par' dir='ltr' id='par_1_71' title="bbox 1818 3614 3387 3679">
     <span class='ocr_line' id='line_1_71' title="bbox 1818 3614 3387 3679; baseline 0.006 -13"><span class='ocrx_word' id='word_1_577' title='bbox 1818 3627 1881 3666; x_wconf 87' lang='lat' dir='ltr'><strong>ac</strong></span> <span class='ocrx_word' id='word_1_578' title='bbox 1916 3614 2116 3679; x_wconf 84' lang='lat' dir='ltr'><strong>pariter</strong></span> <span class='ocrx_word' id='word_1_579' title='bbox 2138 3614 2451 3669; x_wconf 85' lang='lat' dir='ltr'><strong>contristari</strong></span> <span class='ocrx_word' id='word_1_580' title='bbox 2480 3625 2533 3669; x_wconf 91' lang='lat' dir='ltr'><strong>et</strong></span> <span class='ocrx_word' id='word_1_581' title='bbox 2585 3614 2911 3671; x_wconf 83' lang='lat' dir='ltr'><strong>exhilarare.</strong></span> <span class='ocrx_word' id='word_1_582' title='bbox 2947 3616 3063 3672; x_wconf 81' lang='lat' dir='ltr'><strong>Non</strong></span> <span class='ocrx_word' id='word_1_583' title='bbox 3090 3619 3144 3672; x_wconf 92' lang='lat' dir='ltr'><strong>in</strong></span> <span class='ocrx_word' id='word_1_584' title='bbox 3203 3622 3387 3677; x_wconf 82' lang='lat' dir='ltr'><strong>multis</strong></span> 
     </span>
    </p>
   </div>
   <div class='ocr_carea' id='block_1_72' title="bbox 149 3703 1714 3787">
    <p class='ocr_par' dir='ltr' id='par_1_72' title="bbox 149 3703 1714 3787">
     <span class='ocr_line' id='line_1_72' title="bbox 149 3703 1714 3787; baseline -0.008 -18"><span class='ocrx_word' id='word_1_585' title='bbox 149 3716 251 3768; x_wconf 75' lang='grc' dir='ltr'>ἄν·</span> <span class='ocrx_word' id='word_1_586' title='bbox 287 3715 365 3787; x_wconf 82' lang='grc' dir='ltr'><strong>τῷ</strong></span> <span class='ocrx_word' id='word_1_587' title='bbox 391 3714 500 3786; x_wconf 84' lang='grc' dir='ltr'><strong>γὰρ</strong></span> <span class='ocrx_word' id='word_1_588' title='bbox 538 3714 759 3782; x_wconf 78' lang='grc' dir='ltr'>τέμνειν</span> <span class='ocrx_word' id='word_1_589' title='bbox 799 3711 830 3782; x_wconf 78' lang='grc' dir='ltr'>ἠ</span> <span class='ocrx_word' id='word_1_590' title='bbox 862 3710 1036 3764; x_wconf 86' lang='grc' dir='ltr'>καίειν</span> <span class='ocrx_word' id='word_1_591' title='bbox 1062 3710 1097 3780; x_wconf 78' lang='grc' dir='ltr'>ἢ</span> <span class='ocrx_word' id='word_1_592' title='bbox 1138 3710 1248 3771; x_wconf 86' lang='grc' dir='ltr'>τοῖς</span> <span class='ocrx_word' id='word_1_593' title='bbox 1281 3706 1541 3768; x_wconf 79' lang='grc' dir='ltr'>τοιούτοις</span> <span class='ocrx_word' id='word_1_594' title='bbox 1567 3703 1714 3757; x_wconf 79' lang='grc' dir='ltr'>οὐδέν</span> 
     </span>
    </p>
   </div>
   <div class='ocr_carea' id='block_1_73' title="bbox 1815 3703 3388 3787">
    <p class='ocr_par' dir='ltr' id='par_1_73' title="bbox 1822 3703 3388 3775">
     <span class='ocr_line' id='line_1_73' title="bbox 1822 3703 3388 3775; baseline 0.009 -20"><span class='ocrx_word' id='word_1_595' title='bbox 1822 3716 1955 3756; x_wconf 86' lang='lat' dir='ltr'><strong>vero</strong></span> <span class='ocrx_word' id='word_1_596' title='bbox 1986 3703 2035 3757; x_wconf 92' lang='lat' dir='ltr'><strong>id</strong></span> <span class='ocrx_word' id='word_1_597' title='bbox 2070 3706 2287 3758; x_wconf 86' lang='lat' dir='ltr'><strong>evenire</strong></span> <span class='ocrx_word' id='word_1_598' title='bbox 2308 3706 2429 3775; x_wconf 90' lang='lat' dir='ltr'><strong>quis</strong></span> <span class='ocrx_word' id='word_1_599' title='bbox 2458 3714 2647 3759; x_wconf 89' lang='lat' dir='ltr'><strong>cernet</strong></span> <span class='ocrx_word' id='word_1_600' title='bbox 2677 3703 2850 3770; x_wconf 47' lang='lat' dir='ltr'><strong>{nam</strong></span> <span class='ocrx_word' id='word_1_601' title='bbox 2869 3722 3071 3763; x_wconf 58' lang='lat' dir='ltr'><strong>&#39;secare</strong></span> <span class='ocrx_word' id='word_1_602' title='bbox 3114 3713 3194 3766; x_wconf 82' lang='lat' dir='ltr'><strong>vel</strong></span> <span class='ocrx_word' id='word_1_603' title='bbox 3227 3729 3388 3769; x_wconf 87' lang='lat' dir='ltr'><strong>urere</strong></span> 
     </span>
    </p>
   </div>
   <div class='ocr_carea' id='block_1_74' title="bbox 148 3793 1714 3877">
    <p class='ocr_par' dir='ltr' id='par_1_74' title="bbox 148 3796 1714 3877">
     <span class='ocr_line' id='line_1_74' title="bbox 148 3796 1714 3877; baseline -0.008 -18"><span class='ocrx_word' id='word_1_604' title='bbox 148 3808 300 3860; x_wconf 73' lang='grc' dir='ltr'>ἐστιν</span> <span class='ocrx_word' id='word_1_605' title='bbox 326 3807 586 3863; x_wconf 67' lang='grc' dir='ltr'>ἐναντίον.</span> <span class='ocrx_word' id='word_1_606' title='bbox 620 3804 813 3877; x_wconf 86' lang='grc' dir='ltr'>Τρίτον</span> <span class='ocrx_word' id='word_1_607' title='bbox 843 3804 972 3857; x_wconf 88' lang='grc' dir='ltr'>ῖδιον</span> <span class='ocrx_word' id='word_1_608' title='bbox 1001 3803 1059 3856; x_wconf 68' lang='grc' dir='ltr'>τὸ</span> <span class='ocrx_word' id='word_1_609' title='bbox 1086 3798 1288 3872; x_wconf 81' lang='grc' dir='ltr'>ὁμοίως</span> <span class='ocrx_word' id='word_1_610' title='bbox 1328 3797 1584 3866; x_wconf 82' lang='grc' dir='ltr'>λέγεσθαι</span> <span class='ocrx_word' id='word_1_611' title='bbox 1624 3796 1714 3849; x_wconf 75' lang='grc' dir='ltr'>καὶ</span> 
     </span>
    </p>
   </div>
   <div class='ocr_carea' id='block_1_75' title="bbox 1815 3793 3390 3877">
    <p class='ocr_par' dir='ltr' id='par_1_75' title="bbox 1822 3793 3390 3873">
     <span class='ocr_line' id='line_1_75' title="bbox 1822 3793 3390 3873; baseline 0.01 -30"><span class='ocrx_word' id='word_1_612' title='bbox 1822 3793 1907 3846; x_wconf 83' lang='lat' dir='ltr'><strong>vel</strong></span> <span class='ocrx_word' id='word_1_613' title='bbox 1945 3793 2142 3847; x_wconf 89' lang='lat' dir='ltr'><strong>similia</strong></span> <span class='ocrx_word' id='word_1_614' title='bbox 2169 3795 2301 3848; x_wconf 90' lang='lat' dir='ltr'><strong>nihil</strong></span> <span class='ocrx_word' id='word_1_615' title='bbox 2332 3796 2530 3849; x_wconf 85' lang='lat' dir='ltr'><strong>habent</strong></span> <span class='ocrx_word' id='word_1_616' title='bbox 2551 3798 2909 3851; x_wconf 85' lang='lat' dir='ltr'><strong>contrarium.</strong></span> <span class='ocrx_word' id='word_1_617' title='bbox 2944 3794 3124 3855; x_wconf 82' lang='lat' dir='ltr'><strong>Tertia</strong></span> <span class='ocrx_word' id='word_1_618' title='bbox 3147 3806 3390 3873; x_wconf 86' lang='lat' dir='ltr'><strong>proprie-</strong></span> 
     </span>
    </p>
   </div>
   <div class='ocr_carea' id='block_1_76' title="bbox 148 3884 1714 3966">
    <p class='ocr_par' dir='ltr' id='par_1_76' title="bbox 148 3886 1714 3966">
     <span class='ocr_line' id='line_1_76' title="bbox 148 3886 1714 3966; baseline -0.008 -16"><span class='ocrx_word' id='word_1_619' title='bbox 148 3896 420 3966; x_wconf 79' lang='grc' dir='ltr'>ἀνομοίως</span> <span class='ocrx_word' id='word_1_620' title='bbox 440 3913 454 3927; x_wconf 98' lang='grc'><strong>·</strong></span> <span class='ocrx_word' id='word_1_621' title='bbox 488 3896 687 3966; x_wconf 81' lang='grc' dir='ltr'>ὁμοίως</span> <span class='ocrx_word' id='word_1_622' title='bbox 722 3896 831 3965; x_wconf 91' lang='lat'><strong>7&amp;9</strong></span> <span class='ocrx_word' id='word_1_623' title='bbox 860 3892 1176 3964; x_wconf 85' lang='grc' dir='ltr'>θερμαίνειν</span> <span class='ocrx_word' id='word_1_624' title='bbox 1208 3888 1440 3959; x_wconf 82' lang='grc' dir='ltr'>λέγομεν</span> <span class='ocrx_word' id='word_1_625' title='bbox 1493 3886 1589 3940; x_wconf 70' lang='grc' dir='ltr'>καὶ</span> <span class='ocrx_word' id='word_1_626' title='bbox 1620 3886 1714 3938; x_wconf 88' lang='grc' dir='ltr'>ἀν-</span> 
     </span>
    </p>
   </div>
   <div class='ocr_carea' id='block_1_77' title="bbox 1815 3884 3389 3966">
    <p class='ocr_par' dir='ltr' id='par_1_77' title="bbox 1826 3884 3389 3956">
     <span class='ocr_line' id='line_1_77' title="bbox 1826 3884 3389 3956; baseline 0.008 -20"><span class='ocrx_word' id='word_1_627' title='bbox 1826 3891 1911 3936; x_wconf 82' lang='lat' dir='ltr'><strong>tas</strong></span> <span class='ocrx_word' id='word_1_628' title='bbox 1942 3884 2173 3938; x_wconf 86' lang='lat' dir='ltr'><strong>actionis</strong></span> <span class='ocrx_word' id='word_1_629' title='bbox 2216 3893 2320 3952; x_wconf 86' lang='lat' dir='ltr'><strong>est,</strong></span> <span class='ocrx_word' id='word_1_630' title='bbox 2355 3886 2499 3956; x_wconf 92' lang='lat' dir='ltr'><strong>quod</strong></span> <span class='ocrx_word' id='word_1_631' title='bbox 2536 3887 2702 3941; x_wconf 88' lang='lat' dir='ltr'><strong>simili</strong></span> <span class='ocrx_word' id='word_1_632' title='bbox 2752 3895 2807 3941; x_wconf 88' lang='lat' dir='ltr'><strong>et</strong></span> <span class='ocrx_word' id='word_1_633' title='bbox 2837 3887 3090 3944; x_wconf 86' lang='lat' dir='ltr'><strong>dissimili</strong></span> <span class='ocrx_word' id='word_1_634' title='bbox 3120 3894 3281 3947; x_wconf 91' lang='lat' dir='ltr'><strong>modo</strong></span> <span class='ocrx_word' id='word_1_635' title='bbox 3306 3896 3389 3948; x_wconf 89' lang='lat' dir='ltr'><strong>Ili-</strong></span> 
     </span>
    </p>
   </div>
   <div class='ocr_carea' id='block_1_78' title="bbox 150 3972 1714 4054">
    <p class='ocr_par' dir='ltr' id='par_1_78' title="bbox 150 3972 1714 4054">
     <span class='ocr_line' id='line_1_78' title="bbox 150 3972 1714 4054; baseline -0.009 -17"><span class='ocrx_word' id='word_1_636' title='bbox 150 3985 385 4054; x_wconf 86' lang='grc' dir='ltr'>ομοίως,</span> <span class='ocrx_word' id='word_1_637' title='bbox 417 3986 510 4039; x_wconf 73' lang='grc' dir='ltr'>καὶ</span> <span class='ocrx_word' id='word_1_638' title='bbox 541 3984 785 4053; x_wconf 79' lang='grc' dir='ltr'>ὑγιάζειν</span> <span class='ocrx_word' id='word_1_639' title='bbox 835 3981 1035 4052; x_wconf 83' lang='grc' dir='ltr'>ὁμοίως</span> <span class='ocrx_word' id='word_1_640' title='bbox 1066 3979 1160 4032; x_wconf 76' lang='grc' dir='ltr'>καὶ</span> <span class='ocrx_word' id='word_1_641' title='bbox 1182 3975 1470 4046; x_wconf 86' lang='grc' dir='ltr'>ἀνομοίως,</span> <span class='ocrx_word' id='word_1_642' title='bbox 1529 3972 1620 4025; x_wconf 81' lang='grc' dir='ltr'>καὶ</span> <span class='ocrx_word' id='word_1_643' title='bbox 1643 3972 1714 4024; x_wconf 86' lang='grc' dir='ltr'>οῖ-</span> 
     </span>
    </p>
   </div>
   <div class='ocr_carea' id='block_1_79' title="bbox 1815 3972 3390 4054">
    <p class='ocr_par' dir='ltr' id='par_1_79' title="bbox 1828 3974 3390 4041">
     <span class='ocr_line' id='line_1_79' title="bbox 1828 3974 3390 4041; baseline 0.006 -11"><span class='ocrx_word' id='word_1_644' title='bbox 1828 3975 2012 4041; x_wconf 86' lang='lat' dir='ltr'><strong>citur;</strong></span> <span class='ocrx_word' id='word_1_645' title='bbox 2066 3974 2319 4031; x_wconf 88' lang='lat' dir='ltr'><strong>similiter</strong></span> <span class='ocrx_word' id='word_1_646' title='bbox 2364 3977 2511 4032; x_wconf 87' lang='lat' dir='ltr'><strong>enim</strong></span> <span class='ocrx_word' id='word_1_647' title='bbox 2544 3977 2844 4034; x_wconf 87' lang='lat' dir='ltr'><strong>calefacere</strong></span> <span class='ocrx_word' id='word_1_648' title='bbox 2878 3980 3201 4038; x_wconf 89' lang='lat' dir='ltr'><strong>dicimus-et</strong></span> <span class='ocrx_word' id='word_1_649' title='bbox 3229 3986 3390 4040; x_wconf 85' lang='lat' dir='ltr'><strong>dissi-</strong></span> 
     </span>
    </p>
   </div>
   <div class='ocr_carea' id='block_1_80' title="bbox 151 4060 1714 4147">
    <p class='ocr_par' dir='ltr' id='par_1_80' title="bbox 151 4060 1714 4147">
     <span class='ocr_line' id='line_1_80' title="bbox 151 4060 1714 4147; baseline -0.01 -17"><span class='ocrx_word' id='word_1_650' title='bbox 151 4076 403 4146; x_wconf 80' lang='grc' dir='ltr'>κοδομεῖν</span> <span class='ocrx_word' id='word_1_651' title='bbox 430 4077 632 4147; x_wconf 84' lang='grc' dir='ltr'>ὁμοίως</span> <span class='ocrx_word' id='word_1_652' title='bbox 660 4076 754 4128; x_wconf 82' lang='grc' dir='ltr'>καὶ</span> <span class='ocrx_word' id='word_1_653' title='bbox 781 4072 1052 4143; x_wconf 81' lang='grc' dir='ltr'>ἀνομοίως</span> <span class='ocrx_word' id='word_1_654' title='bbox 1111 4068 1207 4122; x_wconf 83' lang='grc' dir='ltr'>καὶ</span> <span class='ocrx_word' id='word_1_655' title='bbox 1229 4066 1415 4138; x_wconf 86' lang='grc' dir='ltr'>σχεδὸν</span> <span class='ocrx_word' id='word_1_656' title='bbox 1446 4063 1611 4117; x_wconf 75' lang='grc' dir='ltr'>παντὶ</span> <span class='ocrx_word' id='word_1_657' title='bbox 1647 4060 1714 4131; x_wconf 69' lang='grc' dir='ltr'><strong>τῷ</strong></span> 
     </span>
    </p>
   </div>
   <div class='ocr_carea' id='block_1_81' title="bbox 1815 4060 3390 4147">
    <p class='ocr_par' dir='ltr' id='par_1_81' title="bbox 1826 4066 3390 4141">
     <span class='ocr_line' id='line_1_81' title="bbox 1826 4066 3390 4141; baseline 0.008 -22"><span class='ocrx_word' id='word_1_658' title='bbox 1826 4066 2053 4131; x_wconf 88' lang='lat' dir='ltr'><strong>militer,</strong></span> <span class='ocrx_word' id='word_1_659' title='bbox 2084 4076 2138 4121; x_wconf 90' lang='lat' dir='ltr'><strong>et</strong></span> <span class='ocrx_word' id='word_1_660' title='bbox 2178 4083 2373 4123; x_wconf 85' lang='lat' dir='ltr'><strong>sanum</strong></span> <span class='ocrx_word' id='word_1_661' title='bbox 2412 4071 2639 4124; x_wconf 86' lang='lat' dir='ltr'><strong>reddere</strong></span> <span class='ocrx_word' id='word_1_662' title='bbox 2671 4071 2921 4127; x_wconf 86' lang='lat' dir='ltr'><strong>similiter</strong></span> <span class='ocrx_word' id='word_1_663' title='bbox 2944 4082 2996 4128; x_wconf 76' lang='lat' dir='ltr'><strong>et</strong></span> <span class='ocrx_word' id='word_1_664' title='bbox 3029 4071 3390 4141; x_wconf 68' lang='lat' dir='ltr'><strong>dissimiliter.</strong></span> 
     </span>
    </p>
   </div>
   <div class='ocr_carea' id='block_1_82' title="bbox 150 4155 1714 4238">
    <p class='ocr_par' dir='ltr' id='par_1_82' title="bbox 150 4155 1714 4238">
     <span class='ocr_line' id='line_1_82' title="bbox 150 4155 1714 4238; baseline -0.01 -18"><span class='ocrx_word' id='word_1_665' title='bbox 150 4170 330 4225; x_wconf 80' lang='grc' dir='ltr'>ποιεῖν</span> <span class='ocrx_word' id='word_1_666' title='bbox 361 4167 660 4238; x_wconf 71' lang='grc' dir='ltr'>ἐφαρμόζει</span> <span class='ocrx_word' id='word_1_667' title='bbox 706 4166 865 4219; x_wconf 82' lang='grc' dir='ltr'>τοῦτο</span> <span class='ocrx_word' id='word_1_668' title='bbox 898 4165 956 4217; x_wconf 82' lang='grc' dir='ltr'>τὸ</span> <span class='ocrx_word' id='word_1_669' title='bbox 994 4163 1123 4216; x_wconf 79' lang='grc' dir='ltr'>ῖδιον</span> <span class='ocrx_word' id='word_1_670' title='bbox 1143 4177 1159 4192; x_wconf 96' lang='grc'><strong>·</strong></span> <span class='ocrx_word' id='word_1_671' title='bbox 1194 4161 1244 4212; x_wconf 88' lang='grc' dir='ltr'><strong>εί</strong></span> <span class='ocrx_word' id='word_1_672' title='bbox 1301 4161 1397 4210; x_wconf 75' lang='grc' dir='ltr'>καὶ</span> <span class='ocrx_word' id='word_1_673' title='bbox 1429 4155 1505 4227; x_wconf 84' lang='grc' dir='ltr'>μὴ</span> <span class='ocrx_word' id='word_1_674' title='bbox 1537 4155 1714 4225; x_wconf 78' lang='grc' dir='ltr'><strong>μόνῳ⁴</strong></span> 
     </span>
    </p>
   </div>
   <div class='ocr_carea' id='block_1_83' title="bbox 1815 4155 3396 4238">
    <p class='ocr_par' dir='ltr' id='par_1_83' title="bbox 1825 4158 3396 4228">
     <span class='ocr_line' id='line_1_83' title="bbox 1825 4158 3396 4228; baseline 0.008 -17"><span class='ocrx_word' id='word_1_675' title='bbox 1825 4168 1881 4212; x_wconf 91' lang='grc' dir='ltr'><strong>ει</strong></span> <span class='ocrx_word' id='word_1_676' title='bbox 1907 4158 2127 4212; x_wconf 90' lang='lat' dir='ltr'><strong>domum</strong></span> <span class='ocrx_word' id='word_1_677' title='bbox 2154 4160 2422 4216; x_wconf 67' lang='lat' dir='ltr'><strong>aediﬁcare</strong></span> <span class='ocrx_word' id='word_1_678' title='bbox 2451 4162 2703 4217; x_wconf 89' lang='lat' dir='ltr'><strong>similiter</strong></span> <span class='ocrx_word' id='word_1_679' title='bbox 2718 4173 2771 4217; x_wconf 90' lang='lat' dir='ltr'><strong>et</strong></span> <span class='ocrx_word' id='word_1_680' title='bbox 2801 4165 3170 4228; x_wconf 83' lang='lat' dir='ltr'><strong>dissimiliter;</strong></span> <span class='ocrx_word' id='word_1_681' title='bbox 3205 4177 3258 4222; x_wconf 91' lang='lat' dir='ltr'><strong>et</strong></span> <span class='ocrx_word' id='word_1_682' title='bbox 3282 4169 3396 4224; x_wconf 85' lang='lat' dir='ltr'><strong>fere</strong></span> 
     </span>
    </p>
   </div>
   <div class='ocr_carea' id='block_1_84' title="bbox 153 4243 1714 4330">
    <p class='ocr_par' dir='ltr' id='par_1_84' title="bbox 153 4243 1714 4330">
     <span class='ocr_line' id='line_1_84' title="bbox 153 4243 1714 4330; baseline -0.01 -18"><span class='ocrx_word' id='word_1_683' title='bbox 153 4258 392 4330; x_wconf 75' lang='grc' dir='ltr'>ἁρμόζει</span> <span class='ocrx_word' id='word_1_684' title='bbox 437 4260 547 4329; x_wconf 85' lang='grc' dir='ltr'>γὰρ</span> <span class='ocrx_word' id='word_1_685' title='bbox 582 4261 676 4312; x_wconf 71' lang='grc' dir='ltr'>καὶ</span> <span class='ocrx_word' id='word_1_686' title='bbox 707 4258 785 4327; x_wconf 82' lang='grc' dir='ltr'>τῷ</span> <span class='ocrx_word' id='word_1_687' title='bbox 816 4260 1065 4324; x_wconf 77' lang='grc' dir='ltr'>πάσχειν.</span> <span class='ocrx_word' id='word_1_688' title='bbox 1103 4252 1372 4321; x_wconf 87' lang='grc' dir='ltr'>Τέταρτον</span> <span class='ocrx_word' id='word_1_689' title='bbox 1402 4247 1531 4301; x_wconf 83' lang='grc' dir='ltr'>ίδιον</span> <span class='ocrx_word' id='word_1_690' title='bbox 1558 4245 1619 4299; x_wconf 79' lang='grc' dir='ltr'>τὸ</span> <span class='ocrx_word' id='word_1_691' title='bbox 1650 4243 1714 4315; x_wconf 60' lang='grc' dir='ltr'><strong>μί</strong></span> 
     </span>
    </p>
   </div>
   <div class='ocr_carea' id='block_1_85' title="bbox 1815 4243 3392 4330">
    <p class='ocr_par' dir='ltr' id='par_1_85' title="bbox 1829 4250 3392 4323">
     <span class='ocr_line' id='line_1_85' title="bbox 1829 4250 3392 4323; baseline 0.003 -18"><span class='ocrx_word' id='word_1_692' title='bbox 1829 4252 1977 4305; x_wconf 85' lang='lat' dir='ltr'><strong>omni</strong></span> <span class='ocrx_word' id='word_1_693' title='bbox 2005 4252 2205 4306; x_wconf 88' lang='lat' dir='ltr'><strong>actioni</strong></span> <span class='ocrx_word' id='word_1_694' title='bbox 2240 4252 2355 4308; x_wconf 71' lang='lat' dir='ltr'><strong>haec</strong></span> <span class='ocrx_word' id='word_1_695' title='bbox 2377 4254 2681 4323; x_wconf 84' lang='lat' dir='ltr'><strong>proprietas</strong></span> <span class='ocrx_word' id='word_1_696' title='bbox 2698 4250 2974 4316; x_wconf 84' lang='lat' dir='ltr'><strong>convenit.</strong></span> <span class='ocrx_word' id='word_1_697' title='bbox 3001 4256 3103 4310; x_wconf 87' lang='lat' dir='ltr'><strong>etsi</strong></span> <span class='ocrx_word' id='word_1_698' title='bbox 3136 4273 3245 4312; x_wconf 88' lang='lat' dir='ltr'><strong>non</strong></span> <span class='ocrx_word' id='word_1_699' title='bbox 3269 4261 3392 4323; x_wconf 89' lang='lat' dir='ltr'><strong>soli;</strong></span> 
     </span>
    </p>
   </div>
   <div class='ocr_carea' id='block_1_86' title="bbox 153 4338 1714 4420">
    <p class='ocr_par' dir='ltr' id='par_1_86' title="bbox 153 4338 1714 4420">
     <span class='ocr_line' id='line_1_86' title="bbox 153 4338 1714 4420; baseline -0.008 -18"><span class='ocrx_word' id='word_1_700' title='bbox 153 4349 285 4402; x_wconf 82' lang='grc' dir='ltr'>καθ’</span> <span class='ocrx_word' id='word_1_701' title='bbox 315 4350 408 4402; x_wconf 73' lang='grc' dir='ltr'>ἕνα</span> <span class='ocrx_word' id='word_1_702' title='bbox 429 4350 627 4420; x_wconf 86' lang='grc' dir='ltr'>τρόπον</span> <span class='ocrx_word' id='word_1_703' title='bbox 658 4347 957 4415; x_wconf 77' lang='grc' dir='ltr'>ἀνᾲγεσθαι</span> <span class='ocrx_word' id='word_1_704' title='bbox 981 4344 1172 4397; x_wconf 81' lang='grc' dir='ltr'><strong>τὰ⁴ὐπ’</strong></span> <span class='ocrx_word' id='word_1_705' title='bbox 1197 4340 1366 4412; x_wconf 78' lang='grc' dir='ltr'>αὐτὴν</span> <span class='ocrx_word' id='word_1_706' title='bbox 1395 4338 1714 4406; x_wconf 82' lang='grc' dir='ltr'>ἀναγόμενα·</span> 
     </span>
    </p>
   </div>
   <div class='ocr_carea' id='block_1_87' title="bbox 1815 4338 3392 4420">
    <p class='ocr_par' dir='ltr' id='par_1_87' title="bbox 1830 4344 3392 4417">
     <span class='ocr_line' id='line_1_87' title="bbox 1830 4344 3392 4417; baseline 0.006 -22"><span class='ocrx_word' id='word_1_707' title='bbox 1830 4358 1958 4396; x_wconf 87' lang='lat' dir='ltr'><strong>nam</strong></span> <span class='ocrx_word' id='word_1_708' title='bbox 1998 4344 2252 4398; x_wconf 89' lang='lat' dir='ltr'><strong>convenit</strong></span> <span class='ocrx_word' id='word_1_709' title='bbox 2289 4360 2511 4416; x_wconf 85' lang='lat' dir='ltr'><strong>quoque</strong></span> <span class='ocrx_word' id='word_1_710' title='bbox 2548 4347 2811 4415; x_wconf 78' lang='lat' dir='ltr'><strong>passioni.</strong></span> <span class='ocrx_word' id='word_1_711' title='bbox 2846 4345 3051 4412; x_wconf 87' lang='lat' dir='ltr'><strong>Quarta</strong></span> <span class='ocrx_word' id='word_1_712' title='bbox 3083 4350 3392 4417; x_wconf 59' lang='lat' dir='ltr'><strong>proprietas</strong></span> 
     </span>
    </p>
   </div>
   <div class='ocr_carea' id='block_1_88' title="bbox 151 4426 1714 4510">
    <p class='ocr_par' dir='ltr' id='par_1_88' title="bbox 151 4426 1714 4510">
     <span class='ocr_line' id='line_1_88' title="bbox 151 4426 1714 4510; baseline -0.01 -15"><span class='ocrx_word' id='word_1_713' title='bbox 151 4444 213 4494; x_wconf 78' lang='grc' dir='ltr'>τὸ</span> <span class='ocrx_word' id='word_1_714' title='bbox 271 4441 369 4509; x_wconf 66' lang='grc' dir='ltr'><strong>μιν</strong></span> <span class='ocrx_word' id='word_1_715' title='bbox 407 4442 515 4510; x_wconf 87' lang='lat'><strong>7&amp;9</strong></span> <span class='ocrx_word' id='word_1_716' title='bbox 566 4436 1160 4508; x_wconf 76' lang='grc' dir='ltr'>θερμαίνειν,πρώτως</span> <span class='ocrx_word' id='word_1_717' title='bbox 1210 4432 1473 4500; x_wconf 81' lang='grc' dir='ltr'>ἀνάγεται</span> <span class='ocrx_word' id='word_1_718' title='bbox 1519 4428 1625 4481; x_wconf 78' lang='grc' dir='ltr'><strong>ὑπὸ</strong></span> <span class='ocrx_word' id='word_1_719' title='bbox 1668 4426 1714 4479; x_wconf 76' lang='grc' dir='ltr'><strong>τί</strong></span> 
     </span>
    </p>
   </div>
   <div class='ocr_carea' id='block_1_89' title="bbox 1815 4426 3393 4510">
    <p class='ocr_par' dir='ltr' id='par_1_89' title="bbox 1829 4436 3393 4505">
     <span class='ocr_line' id='line_1_89' title="bbox 1829 4436 3393 4505; baseline 0.004 -16"><span class='ocrx_word' id='word_1_720' title='bbox 1829 4445 1934 4499; x_wconf 84' lang='grc' dir='ltr'>εει,</span> <span class='ocrx_word' id='word_1_721' title='bbox 1973 4436 2117 4505; x_wconf 91' lang='lat' dir='ltr'><strong>quod</strong></span> <span class='ocrx_word' id='word_1_722' title='bbox 2148 4450 2254 4489; x_wconf 91' lang='lat' dir='ltr'><strong>non</strong></span> <span class='ocrx_word' id='word_1_723' title='bbox 2277 4437 2573 4492; x_wconf 87' lang='lat' dir='ltr'><strong>secundum</strong></span> <span class='ocrx_word' id='word_1_724' title='bbox 2605 4452 2771 4490; x_wconf 91' lang='lat' dir='ltr'><strong>unum</strong></span> <span class='ocrx_word' id='word_1_725' title='bbox 2791 4437 3009 4492; x_wconf 92' lang='lat' dir='ltr'><strong>modum</strong></span> <span class='ocrx_word' id='word_1_726' title='bbox 3037 4440 3102 4491; x_wconf 90' lang='lat' dir='ltr'><strong>ad</strong></span> <span class='ocrx_word' id='word_1_727' title='bbox 3127 4443 3393 4496; x_wconf 88' lang='lat' dir='ltr'><strong>actionem</strong></span> 
     </span>
    </p>
   </div>
   <div class='ocr_carea' id='block_1_90' title="bbox 151 4520 1714 4601">
    <p class='ocr_par' dir='ltr' id='par_1_90' title="bbox 151 4520 1714 4601">
     <span class='ocr_line' id='line_1_90' title="bbox 151 4520 1714 4601; baseline -0.008 -17"><span class='ocrx_word' id='word_1_728' title='bbox 151 4534 335 4585; x_wconf 81' lang='grc' dir='ltr'>ποιεῖν</span> <span class='ocrx_word' id='word_1_729' title='bbox 365 4533 458 4586; x_wconf 78' lang='grc' dir='ltr'>καὶ</span> <span class='ocrx_word' id='word_1_730' title='bbox 486 4533 601 4585; x_wconf 69' lang='grc' dir='ltr'>ἐστι</span> <span class='ocrx_word' id='word_1_731' title='bbox 630 4530 694 4601; x_wconf 80' lang='grc' dir='ltr'>δὴ</span> <span class='ocrx_word' id='word_1_732' title='bbox 742 4530 949 4599; x_wconf 87' lang='grc' dir='ltr'>κυρίως</span> <span class='ocrx_word' id='word_1_733' title='bbox 1002 4527 1207 4577; x_wconf 82' lang='grc' dir='ltr'>ποιεῖν·</span> <span class='ocrx_word' id='word_1_734' title='bbox 1260 4522 1321 4575; x_wconf 79' lang='grc' dir='ltr'>τὸ</span> <span class='ocrx_word' id='word_1_735' title='bbox 1348 4521 1407 4575; x_wconf 70' lang='grc' dir='ltr'>δὲ</span> <span class='ocrx_word' id='word_1_736' title='bbox 1438 4520 1714 4591; x_wconf 67' lang='grc' dir='ltr'>θερμαῖνοι</span> 
     </span>
    </p>
   </div>
   <div class='ocr_carea' id='block_1_91' title="bbox 1815 4520 3397 4601">
    <p class='ocr_par' dir='ltr' id='par_1_91' title="bbox 1832 4524 3397 4596">
     <span class='ocr_line' id='line_1_91' title="bbox 1832 4524 3397 4596; baseline 0.004 -16"><span class='ocrx_word' id='word_1_737' title='bbox 1832 4524 2147 4581; x_wconf 87' lang='lat' dir='ltr'><strong>referuntur</strong></span> <span class='ocrx_word' id='word_1_738' title='bbox 2175 4542 2235 4581; x_wconf 88' lang='lat' dir='ltr'><strong>ea</strong></span> <span class='ocrx_word' id='word_1_739' title='bbox 2264 4543 2385 4596; x_wconf 73' lang='lat' dir='ltr'><strong>qua:</strong></span> <span class='ocrx_word' id='word_1_740' title='bbox 2426 4528 2493 4582; x_wconf 89' lang='lat' dir='ltr'><strong>ad</strong></span> <span class='ocrx_word' id='word_1_741' title='bbox 2528 4528 2672 4581; x_wconf 89' lang='lat' dir='ltr'><strong>illam</strong></span> <span class='ocrx_word' id='word_1_742' title='bbox 2698 4528 3054 4583; x_wconf 90' lang='lat' dir='ltr'><strong>reducuntur.</strong></span> <span class='ocrx_word' id='word_1_743' title='bbox 3087 4530 3397 4587; x_wconf 83' lang='lat' dir='ltr'><strong>Calefacere</strong></span> 
     </span>
    </p>
   </div>
   <div class='ocr_carea' id='block_1_92' title="bbox 147 4609 1714 4691">
    <p class='ocr_par' dir='ltr' id='par_1_92' title="bbox 147 4609 1714 4691">
     <span class='ocr_line' id='line_1_92' title="bbox 147 4609 1714 4691; baseline -0.01 -13"><span class='ocrx_word' id='word_1_744' title='bbox 147 4624 453 4691; x_wconf 83' lang='grc' dir='ltr'>ἀνάγεσθαι</span> <span class='ocrx_word' id='word_1_745' title='bbox 480 4623 695 4691; x_wconf 84' lang='grc' dir='ltr'>λέγεται</span> <span class='ocrx_word' id='word_1_746' title='bbox 724 4620 830 4674; x_wconf 81' lang='grc' dir='ltr'><strong>ὑπὸ</strong></span> <span class='ocrx_word' id='word_1_747' title='bbox 857 4619 919 4671; x_wconf 82' lang='grc' dir='ltr'>τὸ</span> <span class='ocrx_word' id='word_1_748' title='bbox 947 4619 1144 4679; x_wconf 85' lang='grc' dir='ltr'>ποιεῖν,</span> <span class='ocrx_word' id='word_1_749' title='bbox 1167 4615 1249 4668; x_wconf 85' lang='grc' dir='ltr'>ὅτι</span> <span class='ocrx_word' id='word_1_750' title='bbox 1278 4612 1509 4682; x_wconf 85' lang='grc' dir='ltr'>πρώτως</span> <span class='ocrx_word' id='word_1_751' title='bbox 1534 4609 1640 4665; x_wconf 78' lang='grc' dir='ltr'><strong>ὑπὸ</strong></span> <span class='ocrx_word' id='word_1_752' title='bbox 1666 4610 1714 4663; x_wconf 64' lang='lat' dir='ltr'><strong>si</strong></span> 
     </span>
    </p>
   </div>
   <div class='ocr_carea' id='block_1_93' title="bbox 1815 4609 3398 4691">
    <p class='ocr_par' dir='ltr' id='par_1_93' title="bbox 1836 4618 3398 4691">
     <span class='ocr_line' id='line_1_93' title="bbox 1836 4618 3398 4691; baseline 0.005 -22"><span class='ocrx_word' id='word_1_753' title='bbox 1836 4618 1982 4671; x_wconf 83' lang='lat' dir='ltr'><strong>enim</strong></span> <span class='ocrx_word' id='word_1_754' title='bbox 2008 4618 2267 4688; x_wconf 88' lang='lat' dir='ltr'><strong>primario</strong></span> <span class='ocrx_word' id='word_1_755' title='bbox 2287 4619 2389 4674; x_wconf 81' lang='lat' dir='ltr'><strong>sub</strong></span> <span class='ocrx_word' id='word_1_756' title='bbox 2403 4619 2668 4673; x_wconf 89' lang='lat' dir='ltr'><strong>actionem</strong></span> <span class='ocrx_word' id='word_1_757' title='bbox 2694 4620 2970 4673; x_wconf 87' lang='lat' dir='ltr'><strong>reducitur</strong></span> <span class='ocrx_word' id='word_1_758' title='bbox 2995 4630 3048 4673; x_wconf 92' lang='lat' dir='ltr'><strong>et</strong></span> <span class='ocrx_word' id='word_1_759' title='bbox 3072 4630 3155 4675; x_wconf 90' lang='lat' dir='ltr'><strong>est</strong></span> <span class='ocrx_word' id='word_1_760' title='bbox 3184 4624 3398 4691; x_wconf 89' lang='lat' dir='ltr'><strong>proprie</strong></span> 
     </span>
    </p>
   </div>
   <div class='ocr_carea' id='block_1_94' title="bbox 147 4702 1714 4782">
    <p class='ocr_par' dir='ltr' id='par_1_94' title="bbox 147 4702 1714 4782">
     <span class='ocr_line' id='line_1_94' title="bbox 147 4702 1714 4782; baseline -0.007 -14"><span class='ocrx_word' id='word_1_761' title='bbox 147 4714 347 4768; x_wconf 81' lang='grc' dir='ltr'>ποιοῦν</span> <span class='ocrx_word' id='word_1_762' title='bbox 392 4714 652 4782; x_wconf 84' lang='grc' dir='ltr'>ἀνάγεται</span> <span class='ocrx_word' id='word_1_763' title='bbox 680 4752 697 4779; x_wconf 95' lang='grc'><strong>,</strong></span> <span class='ocrx_word' id='word_1_764' title='bbox 730 4711 868 4779; x_wconf 81' lang='grc' dir='ltr'>ὅπερ</span> <span class='ocrx_word' id='word_1_765' title='bbox 900 4709 1017 4763; x_wconf 63' lang='grc' dir='ltr'>ἐστὶ</span> <span class='ocrx_word' id='word_1_766' title='bbox 1058 4706 1341 4774; x_wconf 83' lang='grc' dir='ltr'>σύστοιχον</span> <span class='ocrx_word' id='word_1_767' title='bbox 1372 4702 1468 4756; x_wconf 81' lang='grc' dir='ltr'>τοῦ</span> <span class='ocrx_word' id='word_1_768' title='bbox 1508 4705 1682 4757; x_wconf 87' lang='grc' dir='ltr'>ποιεῖν</span> <span class='ocrx_word' id='word_1_769' title='bbox 1710 4718 1714 4731; x_wconf 85' lang='lat'><em>‘</em></span> 
     </span>
    </p>
   </div>
   <div class='ocr_carea' id='block_1_95' title="bbox 1815 4702 3395 4782">
    <p class='ocr_par' dir='ltr' id='par_1_95' title="bbox 1836 4710 3395 4781">
     <span class='ocr_line' id='line_1_95' title="bbox 1836 4710 3395 4781; baseline 0.004 -19"><span class='ocrx_word' id='word_1_770' title='bbox 1836 4724 2029 4781; x_wconf 74' lang='lat' dir='ltr'><strong>agere;</strong></span> <span class='ocrx_word' id='word_1_771' title='bbox 2062 4711 2386 4766; x_wconf 86' lang='lat' dir='ltr'><strong>calcfaciens</strong></span> <span class='ocrx_word' id='word_1_772' title='bbox 2404 4726 2536 4765; x_wconf 86' lang='lat' dir='ltr'><strong>vero</strong></span> <span class='ocrx_word' id='word_1_773' title='bbox 2565 4710 2630 4765; x_wconf 87' lang='lat' dir='ltr'><strong>ad</strong></span> <span class='ocrx_word' id='word_1_774' title='bbox 2652 4711 2923 4766; x_wconf 88' lang='lat' dir='ltr'><strong>actionem</strong></span> <span class='ocrx_word' id='word_1_775' title='bbox 2958 4713 3143 4766; x_wconf 88' lang='lat' dir='ltr'><strong>reduci</strong></span> <span class='ocrx_word' id='word_1_776' title='bbox 3173 4714 3395 4779; x_wconf 88' lang='lat' dir='ltr'><strong>dicitur,-</strong></span> 
     </span>
    </p>
   </div>
   <div class='ocr_carea' id='block_1_96' title="bbox 150 4795 1714 4873">
    <p class='ocr_par' dir='ltr' id='par_1_96' title="bbox 150 4795 1714 4873">
     <span class='ocr_line' id='line_1_96' title="bbox 150 4795 1714 4873; baseline -0.005 -16"><span class='ocrx_word' id='word_1_777' title='bbox 150 4804 423 4869; x_wconf 80' lang='grc' dir='ltr'>ὡσαύτως</span> <span class='ocrx_word' id='word_1_778' title='bbox 449 4806 505 4859; x_wconf 68' lang='grc' dir='ltr'>δὲ</span> <span class='ocrx_word' id='word_1_779' title='bbox 529 4804 625 4858; x_wconf 74' lang='grc' dir='ltr'>καὶ</span> <span class='ocrx_word' id='word_1_780' title='bbox 653 4804 713 4857; x_wconf 86' lang='grc' dir='ltr'>τὸ</span> <span class='ocrx_word' id='word_1_781' title='bbox 742 4802 1021 4873; x_wconf 83' lang='grc' dir='ltr'>θερμῆναν</span> <span class='ocrx_word' id='word_1_782' title='bbox 1041 4797 1154 4869; x_wconf 68' lang='lat'><strong>(92)</strong></span> <span class='ocrx_word' id='word_1_783' title='bbox 1180 4795 1473 4864; x_wconf 77' lang='grc' dir='ltr'>ἀνάγεσθαι</span> <span class='ocrx_word' id='word_1_784' title='bbox 1514 4795 1714 4863; x_wconf 46' lang='grc' dir='ltr'>λέγεται</span> 
     </span>
    </p>
   </div>
   <div class='ocr_carea' id='block_1_97' title="bbox 1815 4795 3399 4873">
    <p class='ocr_par' dir='ltr' id='par_1_97' title="bbox 1833 4799 3399 4871">
     <span class='ocr_line' id='line_1_97' title="bbox 1833 4799 3399 4871; baseline 0.003 -18"><span class='ocrx_word' id='word_1_785' title='bbox 1833 4801 1963 4869; x_wconf 90' lang='lat' dir='ltr'><strong>quia</strong></span> <span class='ocrx_word' id='word_1_786' title='bbox 2011 4802 2194 4870; x_wconf 91' lang='lat' dir='ltr'><strong>primo</strong></span> <span class='ocrx_word' id='word_1_787' title='bbox 2244 4800 2311 4855; x_wconf 89' lang='lat' dir='ltr'><strong>ad</strong></span> <span class='ocrx_word' id='word_1_788' title='bbox 2341 4816 2507 4871; x_wconf 75' lang='lat' dir='ltr'><strong>agens</strong></span> <span class='ocrx_word' id='word_1_789' title='bbox 2543 4799 2795 4866; x_wconf 89' lang='lat' dir='ltr'><strong>refertur,</strong></span> <span class='ocrx_word' id='word_1_790' title='bbox 2856 4800 3003 4869; x_wconf 88' lang='lat' dir='ltr'><strong>quod</strong></span> <span class='ocrx_word' id='word_1_791' title='bbox 3056 4803 3259 4857; x_wconf 86' lang='lat' dir='ltr'><strong>actioni</strong></span> <span class='ocrx_word' id='word_1_792' title='bbox 3312 4813 3399 4858; x_wconf 90' lang='lat' dir='ltr'><strong>est</strong></span> 
     </span>
    </p>
   </div>
   <div class='ocr_carea' id='block_1_98' title="bbox 145 4888 1727 4961">
    <p class='ocr_par' dir='ltr' id='par_1_98' title="bbox 145 4888 1727 4961">
     <span class='ocr_line' id='line_1_98' title="bbox 145 4888 1727 4961; baseline -0.006 -11"><span class='ocrx_word' id='word_1_793' title='bbox 145 4899 261 4951; x_wconf 81' lang='grc' dir='ltr'><strong>ὑπὸ</strong></span> <span class='ocrx_word' id='word_1_794' title='bbox 291 4899 353 4951; x_wconf 78' lang='grc' dir='ltr'>τὸ</span> <span class='ocrx_word' id='word_1_795' title='bbox 382 4901 588 4961; x_wconf 85' lang='grc' dir='ltr'>ποιεῖν,</span> <span class='ocrx_word' id='word_1_796' title='bbox 623 4898 704 4951; x_wconf 79' lang='grc' dir='ltr'>ὅτι</span> <span class='ocrx_word' id='word_1_797' title='bbox 739 4896 844 4949; x_wconf 74' lang='grc' dir='ltr'><strong>ὑπὸ</strong></span> <span class='ocrx_word' id='word_1_798' title='bbox 890 4894 953 4947; x_wconf 75' lang='grc' dir='ltr'>τὸ</span> <span class='ocrx_word' id='word_1_799' title='bbox 1003 4892 1235 4961; x_wconf 83' lang='grc' dir='ltr'>ποιῆσαν</span> <span class='ocrx_word' id='word_1_800' title='bbox 1266 4888 1495 4960; x_wconf 85' lang='grc' dir='ltr'>πρώτως</span> <span class='ocrx_word' id='word_1_801' title='bbox 1522 4889 1727 4957; x_wconf 83' lang='grc' dir='ltr'>ἀνάγε-</span> 
     </span>
    </p>
   </div>
   <div class='ocr_carea' id='block_1_99' title="bbox 144 4980 1727 5055">
    <p class='ocr_par' dir='ltr' id='par_1_99' title="bbox 144 4980 1727 5055">
     <span class='ocr_line' id='line_1_99' title="bbox 144 4980 1727 5055; baseline -0.008 -11"><span class='ocrx_word' id='word_1_802' title='bbox 144 5006 266 5053; x_wconf 87' lang='grc' dir='ltr'>ται,</span> <span class='ocrx_word' id='word_1_803' title='bbox 300 4989 329 5043; x_wconf 85' lang='grc' dir='ltr'><strong>δ</strong></span> <span class='ocrx_word' id='word_1_804' title='bbox 360 4991 455 5043; x_wconf 82' lang='grc' dir='ltr'>καὶ</span> <span class='ocrx_word' id='word_1_805' title='bbox 486 4989 618 5043; x_wconf 77' lang='grc' dir='ltr'>αὐτὸ</span> <span class='ocrx_word' id='word_1_806' title='bbox 667 4984 949 5055; x_wconf 84' lang='grc' dir='ltr'>σύστοιχόν</span> <span class='ocrx_word' id='word_1_807' title='bbox 976 4985 1094 5036; x_wconf 66' lang='grc' dir='ltr'>ἔστι</span> <span class='ocrx_word' id='word_1_808' title='bbox 1127 4981 1222 5034; x_wconf 83' lang='grc' dir='ltr'>τοῦ</span> <span class='ocrx_word' id='word_1_809' title='bbox 1272 4980 1477 5033; x_wconf 85' lang='grc' dir='ltr'>ποιεῖν·</span> <span class='ocrx_word' id='word_1_810' title='bbox 1506 4980 1600 5033; x_wconf 71' lang='grc' dir='ltr'>καὶ</span> <span class='ocrx_word' id='word_1_811' title='bbox 1634 4980 1727 5032; x_wconf 72' lang='grc' dir='ltr'>επὶ</span> 
     </span>
    </p>
   </div>
   <div class='ocr_carea' id='block_1_100' title="bbox 141 5068 1727 5145">
    <p class='ocr_par' dir='ltr' id='par_1_100' title="bbox 141 5068 1727 5145">
     <span class='ocr_line' id='line_1_100' title="bbox 141 5068 1727 5145; baseline -0.008 -13"><span class='ocrx_word' id='word_1_812' title='bbox 141 5080 258 5133; x_wconf 82' lang='grc' dir='ltr'><strong>τῶν</strong></span> <span class='ocrx_word' id='word_1_813' title='bbox 310 5080 488 5135; x_wconf 79' lang='grc' dir='ltr'>ἄλλων</span> <span class='ocrx_word' id='word_1_814' title='bbox 539 5077 835 5142; x_wconf 83' lang='grc' dir='ltr'>ὡσαύτως·</span> <span class='ocrx_word' id='word_1_815' title='bbox 877 5076 971 5129; x_wconf 73' lang='grc' dir='ltr'>καὶ</span> <span class='ocrx_word' id='word_1_816' title='bbox 1015 5074 1161 5145; x_wconf 70' lang='grc' dir='ltr'>ἔχεις</span> <span class='ocrx_word' id='word_1_817' title='bbox 1190 5069 1438 5125; x_wconf 63' lang='grc' dir='ltr'>ἐντεῦθεν</span> <span class='ocrx_word' id='word_1_818' title='bbox 1478 5070 1537 5122; x_wconf 74' lang='grc' dir='ltr'>ὲν</span> <span class='ocrx_word' id='word_1_819' title='bbox 1566 5068 1727 5138; x_wconf 70' lang='lat' dir='ltr'><strong>nopi-</strong></span> 
     </span>
    </p>
   </div>
   <div class='ocr_carea' id='block_1_101' title="bbox 146 5161 1725 5243">
    <p class='ocr_par' dir='ltr' id='par_1_101' title="bbox 146 5161 1725 5243">
     <span class='ocr_line' id='line_1_101' title="bbox 146 5161 1725 5243; baseline -0.008 -19"><span class='ocrx_word' id='word_1_820' title='bbox 146 5188 366 5242; x_wconf 79' lang='grc' dir='ltr'>σματος</span> <span class='ocrx_word' id='word_1_821' title='bbox 426 5173 612 5243; x_wconf 74' lang='grc' dir='ltr'>μοίρᾳ,</span> <span class='ocrx_word' id='word_1_822' title='bbox 666 5172 749 5225; x_wconf 83' lang='grc' dir='ltr'>ὅτι</span> <span class='ocrx_word' id='word_1_823' title='bbox 808 5168 869 5222; x_wconf 88' lang='grc' dir='ltr'><strong>ού</strong></span> <span class='ocrx_word' id='word_1_824' title='bbox 912 5162 1345 5237; x_wconf 80' lang='grc' dir='ltr'>κατηγοροῦνται</span> <span class='ocrx_word' id='word_1_825' title='bbox 1395 5161 1613 5223; x_wconf 85' lang='grc' dir='ltr'>πάντως</span> <span class='ocrx_word' id='word_1_826' title='bbox 1670 5161 1725 5213; x_wconf 89' lang='grc' dir='ltr'><strong>αί</strong></span> 
     </span>
    </p>
   </div>
   <div class='ocr_carea' id='block_1_102' title="bbox 145 5250 1724 5333">
    <p class='ocr_par' dir='ltr' id='par_1_102' title="bbox 145 5250 1724 5333">
     <span class='ocr_line' id='line_1_102' title="bbox 145 5250 1724 5333; baseline -0.008 -17"><span class='ocrx_word' id='word_1_827' title='bbox 145 5263 483 5333; x_wconf 87' lang='grc' dir='ltr'>κατηγορίαι</span> <span class='ocrx_word' id='word_1_828' title='bbox 528 5261 606 5325; x_wconf 88' lang='lat' dir='ltr'><strong>Ib;</strong></span> <span class='ocrx_word' id='word_1_829' title='bbox 649 5260 720 5314; x_wconf 83' lang='grc' dir='ltr'>τὰ</span> <span class='ocrx_word' id='word_1_830' title='bbox 754 5260 887 5328; x_wconf 78' lang='grc' dir='ltr'>γένη</span> <span class='ocrx_word' id='word_1_831' title='bbox 919 5258 1012 5310; x_wconf 76' lang='grc' dir='ltr'>καὶ</span> <span class='ocrx_word' id='word_1_832' title='bbox 1043 5256 1113 5309; x_wconf 81' lang='grc' dir='ltr'>τὰ</span> <span class='ocrx_word' id='word_1_833' title='bbox 1156 5254 1302 5323; x_wconf 88' lang='grc' dir='ltr'>εῖδη·</span> <span class='ocrx_word' id='word_1_834' title='bbox 1338 5252 1460 5304; x_wconf 67' lang='grc' dir='ltr'>ἐπεὶ</span> <span class='ocrx_word' id='word_1_835' title='bbox 1504 5250 1621 5313; x_wconf 85' lang='grc' dir='ltr'><strong>πῶς</strong></span> <span class='ocrx_word' id='word_1_836' title='bbox 1657 5250 1724 5305; x_wconf 73' lang='grc' dir='ltr'>ἂν</span> 
     </span>
    </p>
   </div>
   <div class='ocr_carea' id='block_1_103' title="bbox 143 5341 1723 5427">
    <p class='ocr_par' dir='ltr' id='par_1_103' title="bbox 143 5341 1723 5427">
     <span class='ocr_line' id='line_1_103' title="bbox 143 5341 1723 5427; baseline -0.009 -20"><span class='ocrx_word' id='word_1_837' title='bbox 143 5350 266 5408; x_wconf 77' lang='grc' dir='ltr'>οἷόν</span> <span class='ocrx_word' id='word_1_838' title='bbox 296 5371 357 5407; x_wconf 92' lang='grc' dir='ltr'><strong>τε</strong></span> <span class='ocrx_word' id='word_1_839' title='bbox 375 5350 417 5427; x_wconf 71' lang='grc' dir='ltr'><strong>ᾖ</strong></span> <span class='ocrx_word' id='word_1_840' title='bbox 443 5354 622 5422; x_wconf 81' lang='grc' dir='ltr'>λέγειν</span> <span class='ocrx_word' id='word_1_841' title='bbox 652 5353 712 5406; x_wconf 76' lang='grc' dir='ltr'>τὸ</span> <span class='ocrx_word' id='word_1_842' title='bbox 760 5351 1051 5420; x_wconf 85' lang='grc' dir='ltr'>θερμαῖνον</span> <span class='ocrx_word' id='word_1_843' title='bbox 1083 5346 1179 5400; x_wconf 73' lang='grc' dir='ltr'><strong>καὶ</strong></span> <span class='ocrx_word' id='word_1_844' title='bbox 1205 5345 1265 5398; x_wconf 78' lang='grc' dir='ltr'>τὸ</span> <span class='ocrx_word' id='word_1_845' title='bbox 1308 5341 1591 5413; x_wconf 82' lang='grc' dir='ltr'>θερμῆναν</span> <span class='ocrx_word' id='word_1_846' title='bbox 1618 5341 1723 5393; x_wconf 83' lang='grc' dir='ltr'><strong>ὑπὸ</strong></span> 
     </span>
    </p>
   </div>
   <div class='ocr_carea' id='block_1_104' title="bbox 143 5431 1721 5511">
    <p class='ocr_par' dir='ltr' id='par_1_104' title="bbox 143 5431 1721 5511">
     <span class='ocr_line' id='line_1_104' title="bbox 143 5431 1721 5511; baseline -0.009 -14"><span class='ocrx_word' id='word_1_847' title='bbox 143 5445 210 5497; x_wconf 82' lang='grc' dir='ltr'><strong>τδ</strong></span> <span class='ocrx_word' id='word_1_848' title='bbox 242 5447 420 5497; x_wconf 75' lang='grc' dir='ltr'>ποιεῖν</span> <span class='ocrx_word' id='word_1_849' title='bbox 449 5443 783 5511; x_wconf 84' lang='grc' dir='ltr'>ἀνάγεσθαι;</span> <span class='ocrx_word' id='word_1_850' title='bbox 827 5440 911 5492; x_wconf 83' lang='grc' dir='ltr'>ὅτι</span> <span class='ocrx_word' id='word_1_851' title='bbox 939 5438 995 5492; x_wconf 74' lang='grc' dir='ltr'><strong>δδ</strong></span> <span class='ocrx_word' id='word_1_852' title='bbox 1026 5436 1130 5490; x_wconf 85' lang='grc' dir='ltr'><strong>ὑπὸ</strong></span> <span class='ocrx_word' id='word_1_853' title='bbox 1170 5433 1379 5503; x_wconf 83' lang='grc' dir='ltr'>ταύτην</span> <span class='ocrx_word' id='word_1_854' title='bbox 1426 5431 1721 5500; x_wconf 81' lang='grc' dir='ltr'>ἀνάγονται</span> 
     </span>
    </p>
   </div>
   <div class='ocr_carea' id='block_1_105' title="bbox 141 5523 1724 5607">
    <p class='ocr_par' dir='ltr' id='par_1_105' title="bbox 141 5523 1724 5607">
     <span class='ocr_line' id='line_1_105' title="bbox 141 5523 1724 5607; baseline -0.007 -21"><span class='ocrx_word' id='word_1_855' title='bbox 141 5536 248 5605; x_wconf 81' lang='grc' dir='ltr'>τὴν</span> <span class='ocrx_word' id='word_1_856' title='bbox 296 5535 658 5607; x_wconf 58' lang='grc' dir='ltr'>κατηγορίαν</span> <span class='ocrx_word' id='word_1_857' title='bbox 696 5534 765 5586; x_wconf 77' lang='grc' dir='ltr'><strong>τά</strong></span> <span class='ocrx_word' id='word_1_858' title='bbox 816 5530 1081 5601; x_wconf 89' lang='grc' dir='ltr'>είρημένα</span> <span class='ocrx_word' id='word_1_859' title='bbox 1108 5569 1123 5593; x_wconf 94' lang='grc'><strong>,</strong></span> <span class='ocrx_word' id='word_1_860' title='bbox 1170 5526 1329 5599; x_wconf 85' lang='grc' dir='ltr'>δῆλον</span> <span class='ocrx_word' id='word_1_861' title='bbox 1374 5523 1724 5596; x_wconf 81' lang='grc' dir='ltr'>προχειριζο-</span> 
     </span>
    </p>
   </div>
   <div class='ocr_carea' id='block_1_106' title="bbox 145 5614 1720 5697">
    <p class='ocr_par' dir='ltr' id='par_1_106' title="bbox 145 5614 1720 5697">
     <span class='ocr_line' id='line_1_106' title="bbox 145 5614 1720 5697; baseline -0.008 -16"><span class='ocrx_word' id='word_1_862' title='bbox 145 5631 302 5697; x_wconf 66' lang='grc' dir='ltr'>ικένῳ</span> <span class='ocrx_word' id='word_1_863' title='bbox 334 5628 432 5691; x_wconf 70' lang='grc' dir='ltr'>τὰς</span> <span class='ocrx_word' id='word_1_864' title='bbox 462 5627 627 5690; x_wconf 68' lang='grc' dir='ltr'>ἄλλας</span> <span class='ocrx_word' id='word_1_865' title='bbox 652 5623 986 5695; x_wconf 80' lang='grc' dir='ltr'>κατηγορίας</span> <span class='ocrx_word' id='word_1_866' title='bbox 1010 5638 1023 5651; x_wconf 90' lang='grc'><strong>·</strong></span> <span class='ocrx_word' id='word_1_867' title='bbox 1060 5622 1121 5674; x_wconf 82' lang='grc' dir='ltr'>τὸ</span> <span class='ocrx_word' id='word_1_868' title='bbox 1145 5618 1253 5692; x_wconf 84' lang='lat'><strong>7&amp;9</strong></span> <span class='ocrx_word' id='word_1_869' title='bbox 1284 5619 1574 5690; x_wconf 89' lang='grc' dir='ltr'>θερμαῖνον</span> <span class='ocrx_word' id='word_1_870' title='bbox 1594 5614 1720 5669; x_wconf 75' lang='grc' dir='ltr'>οὔτε</span> 
     </span>
    </p>
   </div>
   <div class='ocr_carea' id='block_1_107' title="bbox 1830 4892 3396 4964">
    <p class='ocr_par' dir='ltr' id='par_1_107' title="bbox 1830 4892 3396 4964">
     <span class='ocr_line' id='line_1_107' title="bbox 1830 4892 3396 4964; baseline 0.005 -21"><span class='ocrx_word' id='word_1_871' title='bbox 1830 4893 2165 4961; x_wconf 82' lang='lat' dir='ltr'><strong>respondens</strong></span> <span class='ocrx_word' id='word_1_872' title='bbox 2220 4892 2388 4963; x_wconf 89' lang='lat' dir='ltr'><strong>(quod</strong></span> <span class='ocrx_word' id='word_1_873' title='bbox 2442 4892 2648 4961; x_wconf 85' lang='lat' dir='ltr'><strong>pariter</strong></span> <span class='ocrx_word' id='word_1_874' title='bbox 2716 4894 2768 4945; x_wconf 93' lang='lat' dir='ltr'><strong>in</strong></span> <span class='ocrx_word' id='word_1_875' title='bbox 2818 4894 3008 4947; x_wconf 89' lang='lat' dir='ltr'><strong>eodem</strong></span> <span class='ocrx_word' id='word_1_876' title='bbox 3060 4903 3145 4949; x_wconf 89' lang='lat' dir='ltr'><strong>est</strong></span> <span class='ocrx_word' id='word_1_877' title='bbox 3195 4910 3396 4964; x_wconf 73' lang='lat' dir='ltr'><strong>genere</strong></span> 
     </span>
    </p>
   </div>
   <div class='ocr_carea' id='block_1_108' title="bbox 1832 4983 3391 5055">
    <p class='ocr_par' dir='ltr' id='par_1_108' title="bbox 1832 4983 3391 5055">
     <span class='ocr_line' id='line_1_108' title="bbox 1832 4983 3391 5055; baseline 0.002 -19"><span class='ocrx_word' id='word_1_878' title='bbox 1832 4992 1995 5053; x_wconf 88' lang='lat' dir='ltr'><strong>atque</strong></span> <span class='ocrx_word' id='word_1_879' title='bbox 2024 4983 2191 5052; x_wconf 90' lang='lat' dir='ltr'><strong>actio)</strong></span> <span class='ocrx_word' id='word_1_880' title='bbox 2224 5001 2238 5037; x_wconf 89' lang='lat'><strong>:</strong></span> <span class='ocrx_word' id='word_1_881' title='bbox 2267 4985 2346 5038; x_wconf 92' lang='lat' dir='ltr'><strong>sic</strong></span> <span class='ocrx_word' id='word_1_882' title='bbox 2384 4984 2587 5052; x_wconf 84' lang='lat' dir='ltr'><strong>pariter</strong></span> <span class='ocrx_word' id='word_1_883' title='bbox 2626 4984 2679 5039; x_wconf 90' lang='lat' dir='ltr'><strong>id</strong></span> <span class='ocrx_word' id='word_1_884' title='bbox 2717 4984 2862 5055; x_wconf 72' lang='lat' dir='ltr'><strong>quod</strong></span> <span class='ocrx_word' id='word_1_885' title='bbox 2906 4983 3156 5039; x_wconf 83' lang='lat' dir='ltr'><strong>calefecit</strong></span> <span class='ocrx_word' id='word_1_886' title='bbox 3198 4986 3391 5040; x_wconf 89' lang='lat' dir='ltr'><strong>referri</strong></span> 
     </span>
    </p>
   </div>
   <div class='ocr_carea' id='block_1_109' title="bbox 1829 5072 3398 5146">
    <p class='ocr_par' dir='ltr' id='par_1_109' title="bbox 1829 5072 3398 5146">
     <span class='ocr_line' id='line_1_109' title="bbox 1829 5072 3398 5146; baseline 0.004 -20"><span class='ocrx_word' id='word_1_887' title='bbox 1829 5073 2031 5127; x_wconf 90' lang='lat' dir='ltr'><strong>dicitur</strong></span> <span class='ocrx_word' id='word_1_888' title='bbox 2059 5072 2124 5126; x_wconf 86' lang='lat' dir='ltr'><strong>ad</strong></span> <span class='ocrx_word' id='word_1_889' title='bbox 2160 5088 2340 5142; x_wconf 82' lang='lat' dir='ltr'><strong>agere,</strong></span> <span class='ocrx_word' id='word_1_890' title='bbox 2372 5073 2503 5143; x_wconf 88' lang='lat' dir='ltr'><strong>quia</strong></span> <span class='ocrx_word' id='word_1_891' title='bbox 2538 5074 2807 5144; x_wconf 90' lang='lat' dir='ltr'><strong>primario</strong></span> <span class='ocrx_word' id='word_1_892' title='bbox 2837 5076 2903 5129; x_wconf 89' lang='lat' dir='ltr'><strong>ad</strong></span> <span class='ocrx_word' id='word_1_893' title='bbox 2935 5075 2989 5130; x_wconf 91' lang='lat' dir='ltr'><strong>id</strong></span> <span class='ocrx_word' id='word_1_894' title='bbox 3014 5076 3153 5144; x_wconf 85' lang='lat' dir='ltr'><strong>quod</strong></span> <span class='ocrx_word' id='word_1_895' title='bbox 3187 5078 3291 5146; x_wconf 80' lang='lat' dir='ltr'><strong>egit</strong></span> <span class='ocrx_word' id='word_1_896' title='bbox 3315 5093 3398 5132; x_wconf 88' lang='lat' dir='ltr'><strong>re-</strong></span> 
     </span>
    </p>
   </div>
   <div class='ocr_carea' id='block_1_110' title="bbox 1832 5161 3399 5237">
    <p class='ocr_par' dir='ltr' id='par_1_110' title="bbox 1832 5161 3399 5237">
     <span class='ocr_line' id='line_1_110' title="bbox 1832 5161 3399 5237; baseline 0.003 -21"><span class='ocrx_word' id='word_1_897' title='bbox 1832 5161 2020 5228; x_wconf 88' lang='lat' dir='ltr'><strong>fertur,</strong></span> <span class='ocrx_word' id='word_1_898' title='bbox 2060 5164 2205 5232; x_wconf 91' lang='lat' dir='ltr'><strong>quod</strong></span> <span class='ocrx_word' id='word_1_899' title='bbox 2236 5173 2290 5219; x_wconf 90' lang='lat' dir='ltr'><strong>et</strong></span> <span class='ocrx_word' id='word_1_900' title='bbox 2345 5163 2523 5234; x_wconf 88' lang='lat' dir='ltr'><strong>ipsum</strong></span> <span class='ocrx_word' id='word_1_901' title='bbox 2556 5166 2894 5235; x_wconf 86' lang='lat' dir='ltr'><strong>respondens</strong></span> <span class='ocrx_word' id='word_1_902' title='bbox 2923 5176 3006 5223; x_wconf 91' lang='lat' dir='ltr'><strong>est</strong></span> <span class='ocrx_word' id='word_1_903' title='bbox 3028 5166 3097 5221; x_wconf 82' lang='lat' dir='ltr'><strong>ad</strong></span> <span class='ocrx_word' id='word_1_904' title='bbox 3114 5183 3309 5237; x_wconf 81' lang='lat' dir='ltr'><strong>agere;</strong></span> <span class='ocrx_word' id='word_1_905' title='bbox 3344 5177 3399 5221; x_wconf 89' lang='lat' dir='ltr'><strong>et</strong></span> 
     </span>
    </p>
   </div>
   <div class='ocr_carea' id='block_1_111' title="bbox 1788 5254 3386 5323">
    <p class='ocr_par' dir='ltr' id='par_1_111' title="bbox 1788 5254 3386 5323">
     <span class='ocr_line' id='line_1_111' title="bbox 1788 5254 3386 5323; baseline 0 -14"><span class='ocrx_word' id='word_1_906' title='bbox 1788 5284 1793 5289; x_wconf 91' lang='lat'><em>-</em></span> <span class='ocrx_word' id='word_1_907' title='bbox 1832 5254 1914 5309; x_wconf 86' lang='lat' dir='ltr'><strong>sic</strong></span> <span class='ocrx_word' id='word_1_908' title='bbox 1938 5254 2140 5323; x_wconf 79' lang='lat' dir='ltr'><strong>pariter</strong></span> <span class='ocrx_word' id='word_1_909' title='bbox 2177 5254 2230 5309; x_wconf 92' lang='lat' dir='ltr'><strong>in</strong></span> <span class='ocrx_word' id='word_1_910' title='bbox 2253 5256 2489 5312; x_wconf 61' lang='lat' dir='ltr'><strong>ceteris.</strong></span> <span class='ocrx_word' id='word_1_911' title='bbox 2544 5254 2758 5314; x_wconf 83' lang='lat' dir='ltr'><strong>Exinde</strong></span> <span class='ocrx_word' id='word_1_912' title='bbox 2796 5260 2965 5314; x_wconf 73' lang='lat' dir='ltr'><strong>habes</strong></span> <span class='ocrx_word' id='word_1_913' title='bbox 3002 5259 3177 5313; x_wconf 83' lang='lat' dir='ltr'><strong>instar</strong></span> <span class='ocrx_word' id='word_1_914' title='bbox 3203 5257 3386 5311; x_wconf 90' lang='lat' dir='ltr'><strong>corol-</strong></span> 
     </span>
    </p>
   </div>
   <div class='ocr_carea' id='block_1_112' title="bbox 1831 5342 3397 5417">
    <p class='ocr_par' dir='ltr' id='par_1_112' title="bbox 1831 5342 3397 5417">
     <span class='ocr_line' id='line_1_112' title="bbox 1831 5342 3397 5417; baseline 0.002 -20"><span class='ocrx_word' id='word_1_915' title='bbox 1831 5342 1974 5408; x_wconf 85' lang='lat' dir='ltr'><strong>larii,</strong></span> <span class='ocrx_word' id='word_1_916' title='bbox 2007 5344 2150 5415; x_wconf 90' lang='lat' dir='ltr'><strong>quod</strong></span> <span class='ocrx_word' id='word_1_917' title='bbox 2181 5345 2323 5400; x_wconf 88' lang='lat' dir='ltr'><strong>haud</strong></span> <span class='ocrx_word' id='word_1_918' title='bbox 2355 5346 2725 5416; x_wconf 68' lang='lat' dir='ltr'><strong>pmdicantur</strong></span> <span class='ocrx_word' id='word_1_919' title='bbox 2762 5350 2991 5403; x_wconf 91' lang='lat' dir='ltr'><strong>omnino</strong></span> <span class='ocrx_word' id='word_1_920' title='bbox 3016 5347 3308 5417; x_wconf 58' lang='lat' dir='ltr'><strong>categorias</strong></span> <span class='ocrx_word' id='word_1_921' title='bbox 3336 5357 3397 5400; x_wconf 94' lang='lat' dir='ltr'><strong>ut</strong></span> 
     </span>
    </p>
   </div>
   <div class='ocr_carea' id='block_1_113' title="bbox 1830 5438 3398 5509">
    <p class='ocr_par' dir='ltr' id='par_1_113' title="bbox 1830 5438 3398 5509">
     <span class='ocr_line' id='line_1_113' title="bbox 1830 5438 3398 5509; baseline 0 -17"><span class='ocrx_word' id='word_1_922' title='bbox 1830 5450 2026 5506; x_wconf 70' lang='lat' dir='ltr'><strong>genera</strong></span> <span class='ocrx_word' id='word_1_923' title='bbox 2053 5445 2105 5491; x_wconf 90' lang='grc' dir='ltr'><strong>ει</strong></span> <span class='ocrx_word' id='word_1_924' title='bbox 2131 5438 2362 5507; x_wconf 73' lang='lat' dir='ltr'><strong>species;</strong></span> <span class='ocrx_word' id='word_1_925' title='bbox 2381 5438 2819 5509; x_wconf 87' lang='lat' dir='ltr'><strong>quandoquidem</strong></span> <span class='ocrx_word' id='word_1_926' title='bbox 2848 5439 3123 5509; x_wconf 84' lang='lat' dir='ltr'><strong>quomodo</strong></span> <span class='ocrx_word' id='word_1_927' title='bbox 3142 5438 3398 5493; x_wconf 83' lang='lat' dir='ltr'><strong>tuncdici</strong></span> 
     </span>
    </p>
   </div>
   <div class='ocr_carea' id='block_1_114' title="bbox 1829 5527 3399 5601">
    <p class='ocr_par' dir='ltr' id='par_1_114' title="bbox 1829 5527 3399 5601">
     <span class='ocr_line' id='line_1_114' title="bbox 1829 5527 3399 5601; baseline 0.003 -21"><span class='ocrx_word' id='word_1_928' title='bbox 1829 5536 2031 5597; x_wconf 82' lang='lat' dir='ltr'><strong>posset,</strong></span> <span class='ocrx_word' id='word_1_929' title='bbox 2092 5527 2143 5582; x_wconf 89' lang='lat' dir='ltr'><strong>id</strong></span> <span class='ocrx_word' id='word_1_930' title='bbox 2178 5532 2319 5600; x_wconf 91' lang='lat' dir='ltr'><strong>quod</strong></span> <span class='ocrx_word' id='word_1_931' title='bbox 2360 5530 2606 5587; x_wconf 86' lang='lat' dir='ltr'><strong>calefacit</strong></span> <span class='ocrx_word' id='word_1_932' title='bbox 2629 5533 2711 5586; x_wconf 89' lang='lat' dir='ltr'><strong>vel</strong></span> <span class='ocrx_word' id='word_1_933' title='bbox 2729 5532 2973 5589; x_wconf 87' lang='lat' dir='ltr'><strong>calefecit</strong></span> <span class='ocrx_word' id='word_1_934' title='bbox 3005 5533 3072 5586; x_wconf 88' lang='lat' dir='ltr'><strong>ad</strong></span> <span class='ocrx_word' id='word_1_935' title='bbox 3118 5545 3277 5601; x_wconf 79' lang='lat' dir='ltr'><strong>agere</strong></span> <span class='ocrx_word' id='word_1_936' title='bbox 3310 5546 3399 5585; x_wconf 88' lang='lat' dir='ltr'><strong>re-</strong></span> 
     </span>
    </p>
   </div>
   <div class='ocr_carea' id='block_1_115' title="bbox 1829 5616 3395 5696">
    <p class='ocr_par' dir='ltr' id='par_1_115' title="bbox 1829 5616 3395 5696">
     <span class='ocr_line' id='line_1_115' title="bbox 1829 5616 3395 5696; baseline 0.002 -23"><span class='ocrx_word' id='word_1_937' title='bbox 1829 5616 1986 5674; x_wconf 84' lang='lat' dir='ltr'><strong>ferri?</strong></span> <span class='ocrx_word' id='word_1_938' title='bbox 2010 5621 2152 5690; x_wconf 89' lang='lat' dir='ltr'><strong>quod</strong></span> <span class='ocrx_word' id='word_1_939' title='bbox 2172 5637 2297 5677; x_wconf 89' lang='lat' dir='ltr'><strong>vero</strong></span> <span class='ocrx_word' id='word_1_940' title='bbox 2321 5623 2385 5679; x_wconf 87' lang='lat' dir='ltr'><strong>ad</strong></span> <span class='ocrx_word' id='word_1_941' title='bbox 2410 5623 2549 5681; x_wconf 86' lang='lat' dir='ltr'><strong>hanc</strong></span> <span class='ocrx_word' id='word_1_942' title='bbox 2563 5625 2889 5696; x_wconf 75' lang='lat' dir='ltr'><strong>categoriam</strong></span> <span class='ocrx_word' id='word_1_943' title='bbox 2921 5622 3232 5678; x_wconf 86' lang='lat' dir='ltr'><strong>referuntur</strong></span> <span class='ocrx_word' id='word_1_944' title='bbox 3260 5639 3395 5692; x_wconf 66' lang='lat' dir='ltr'><strong>preco</strong></span> 
     </span>
    </p>
   </div>
   <div class='ocr_carea' id='block_1_116' title="bbox 1666 5730 1899 5790">
    <p class='ocr_par' dir='ltr' id='par_1_116' title="bbox 1666 5730 1899 5790">
     <span class='ocr_line' id='line_1_116' title="bbox 1666 5730 1899 5790; baseline 0.013 -3"><span class='ocrx_word' id='word_1_945' title='bbox 1666 5730 1899 5790; x_wconf 69' lang='lat' dir='ltr'><strong>NOTAE.</strong></span> 
     </span>
    </p>
   </div>
   <div class='ocr_carea' id='block_1_117' title="bbox 223 5808 1298 5885">
    <p class='ocr_par' dir='ltr' id='par_1_117' title="bbox 223 5808 1298 5885">
     <span class='ocr_line' id='line_1_117' title="bbox 223 5808 1298 5885; baseline -0.004 -20"><span class='ocrx_word' id='word_1_946' title='bbox 223 5813 342 5885; x_wconf 61' lang='grc' dir='ltr'><strong>(ἥ)</strong></span> <span class='ocrx_word' id='word_1_947' title='bbox 380 5811 498 5868; x_wconf 80' lang='lat' dir='ltr'><strong>Val.</strong></span> <span class='ocrx_word' id='word_1_948' title='bbox 536 5813 830 5883; x_wconf 81' lang='grc' dir='ltr'>θερμᾶναν.</span> <span class='ocrx_word' id='word_1_949' title='bbox 881 5810 975 5878; x_wconf 84' lang='lat' dir='ltr'><strong>Ap.</strong></span> <span class='ocrx_word' id='word_1_950' title='bbox 1004 5808 1298 5879; x_wconf 82' lang='grc' dir='ltr'>θερμῆναν.</span> 
     </span>
    </p>
   </div>
   <div class='ocr_carea' id='block_1_118' title="bbox 498 5907 1068 5972">
    <p class='ocr_par' dir='ltr' id='par_1_118' title="bbox 498 5907 1068 5972">
     <span class='ocr_line' id='line_1_118' title="bbox 498 5907 1068 5972; baseline -0.011 0"><span class='ocrx_word' id='word_1_951' title='bbox 498 5911 764 5972; x_wconf 70' lang='lat' dir='ltr'><strong>Parnm.</strong></span> <span class='ocrx_word' id='word_1_952' title='bbox 804 5908 921 5969; x_wconf 83' lang='lat' dir='ltr'><strong>Gn.</strong></span> <span class='ocrx_word' id='word_1_953' title='bbox 974 5907 1068 5966; x_wconf 83' lang='lat' dir='ltr'><strong>Cl.</strong></span> 
     </span>
    </p>
   </div>
   <div class='ocr_carea' id='block_1_119' title="bbox 2974 5894 3048 5953">
    <p class='ocr_par' dir='ltr' id='par_1_119' title="bbox 2974 5894 3048 5953">
     <span class='ocr_line' id='line_1_119' title="bbox 2974 5894 3048 5953; baseline -0.027 0"><span class='ocrx_word' id='word_1_954' title='bbox 2974 5894 3048 5953; x_wconf 68' lang='lat'><strong>96</strong></span> 
     </span>
    </p>
   </div>
  </div>
