4174 6450
108 422 217 487 805

1000 419 1094 480 ΑΒ
1129 420 1716 513 AMPH‘ILOCHIUM
1752 422 2097 496 QUESTTO
2130 425 2372 497 CXLIV,
2408 424 2624 485 CXLV.

3245 418 3350 493 806

109 533 167 584 δὲ
194 528 427 600 πρώτως
448 529 528 591 είς
553 528 670 601 εἴδη
703 527 787 596 ἓξ,
806 528 883 592 είς
913 545 971 581 τε
1002 529 1063 581 τὸ
1087 530 1198 583 ἄνω
1220 525 1361 583 εἶναι
1395 532 1487 585 καὶ
1511 533 1682 599 κάτω,
1715 580 1722 595 ⁴

1800 534 1844 589 in
1874 535 2085 603 species
2115 550 2232 599 ser,
2251 533 2503 591 videlicet
2526 535 2578 587 in
2604 547 2766 602 supra
2805 549 2928 590 esse
2956 545 3011 591 et
3035 537 3175 592 infra
3207 552 3351 603 esse.

107 619 259 691 δεξιᾷ
303 634 363 671 τε
412 619 508 671 καὶ
558 620 862 689 ἀριστερᾷ,
919 617 1224 690 ἔμπροσθεν
1279 622 1369 674 καὶ
1413 621 1674 674 δπισθεν·

1787 623 1854 677 ad
1876 622 2154 678 dexteram
2172 627 2234 677 ἐι
2254 623 2321 677 ad
2346 622 2558 687 lanam,
2594 631 2786 677 anteet
2810 632 2956 677 retro
2982 623 3128 694 (ante
3151 626 3355 694 aliquid

106 710 341 762 ἕκαστον
368 708 426 761 δὲ
458 707 663 762 τούτων
694 711 727 780 ἢ
760 711 948 779 πόρρω
988 711 1135 762 ἐστιν
1169 711 1201 781 ἢ
1234 710 1430 779 ἐγγύς·
1463 712 1541 765 έτι
1567 705 1622 767 δὲ
1647 714 1680 782 ἢ

1800 721 1899 773 ιιιι
1932 724 2082 785 tergo
2129 715 2425 786 alicujus);
2484 714 2912 786 unumquodque
2981 730 3112 770 vero
3168 729 3360 771 eorum

109 805 169 855 ὲν
195 800 397 870 πρώτῳ
432 800 464 870 ἢ
496 804 554 853 ἐν
585 800 820 870 δευτέρῳ
840 816 853 830 °
888 800 1032 867 λέγω
1070 801 1128 853 δὲ
1152 802 1210 853 ὲν
1243 802 1442 873 πρώτῳ
1480 804 1579 872 μὲν
1607 802 1685 858 εἰ·

109 908 198 942 ναι
226 890 292 942 :0
324 889 509 958 σῶμα,
545 890 676 943 ὃταν
713 890 773 942 ιν
805 891 904 961 ίσῳ
929 894 1081 961 τόπῳ
1114 891 1281 945 αὐτοῦ
1311 889 1368 963 ᾖ,
1404 895 1495 947 καὶ
1527 896 1601 965 μὴ
1627 898 1685 950 έν

113 979 323 1052 μείζονι
356 980 781 1051 περιεχόμενον·
831 982 891 1034 ιν
923 981 1163 1053 δευτέρῳ
1202 982 1279 1049 δὲ,
1312 985 1532 1041 ὄταν”ὲν
1564 988 1685 1059 μεί-

110 1074 225 1137 ζονι
246 1086 261 1100 ·
300 1070 435 1123 καθό
480 1088 661 1139 φαμεν
695 1070 743 1123 εί
774 1071 927 1142 τύχοι
956 1072 1047 1125 τὸν
1081 1074 1379 1144 Σωκράτην
1410 1077 1468 1130 ὲν
1500 1080 1566 1149 τῇ
1604 1079 1686 1131 οι·-

114 1162 210 1232 κίᾳ
241 1156 381 1214 εἷναι
410 1161 443 1232 ἢ
487 1164 546 1215 ιν
585 1164 651 1233 τῇ
696 1161 870 1216 πόλει.
904 1163 1024 1215 Ἔτι
1057 1164 1152 1217 τοῦ
1184 1166 1288 1219 ποῦ
1334 1167 1519 1232 ίδικῶς
1545 1169 1687 1239 λαμ-

114 1252 421 1323 ϐανομένου
473 1252 535 1305 :0
586 1253 689 1322 μὲν
745 1254 911 1307 αὑτοῦ
962 1255 1123 1324 φύσει
1166 1256 1409 1325 λέγεται,
1449 1260 1586 1331 ὅπερ
1626 1263 1690 1315 τὸ

116 1346 251 1398 αὐτὸ
285 1344 374 1397 ἀεὶ
405 1345 628 1408 νοεῖται,
673 1338 785 1398 οἷον
827 1345 888 1398 :0
919 1346 1010 1398 τὸν
1049 1347 1277 1417 οὐρανὸν
1310 1350 1423 1404 ἄνω
1463 1349 1602 1404 εἶναι
1641 1352 1691 1423 (δ

116 1438 227 1507 γὰρ
254 1441 416 1501 τόπος
442 1437 608 1490 αὐτοῦ
628 1438 761 1508 πρὸς
787 1438 847 1491 έν
877 1440 942 1508 γέ
968 1457 1021 1494 τι
1050 1442 1382 1511 τεταγμένος
1410 1443 1524 1514 (26)
1541 1446 1693 1500 κάτω

113 1529 338 1597 λέγεται
376 1529 556 1599 μόνον,
590 1531 737 1598 λέγω
764 1530 829 1600 δὴ
858 1530 994 1600 πρὸς
1017 1529 1112 1584 τὸν
1144 1530 1244 1599 τῆς
1276 1533 1380 1602 γῆς
1412 1533 1573 1603 μόνον
1597 1536 1689 1589 τό.

116 1621 276 1690 trav)“
311 1620 346 1691 ἢ
388 1620 451 1675 οὐ
498 1620 662 1690 φύσει
687 1660 703 1685 ,
734 1620 871 1674 ἀλλὰ
900 1621 1045 1675 κατὰ
1090 1621 1461 1693 συμϐεϐηκὸς,
1510 1624 1588 1688 ὡς
1631 1626 1693 1679 :0

117 1712 259 1775 ζῶον
304 1713 419 1767 ἄνω
447 1712 701 1780 λέγεσθαι
730 1712 871 1767 κατὰ
904 1713 1007 1784 τὴν
1038 1712 1132 1767 τοῦ
1159 1713 1310 1767 οίκου
1337 1716 1571 1787 ὀροφήνο
1602 1714 1695 1769 δύ-

116 1817 277 1852 ναται
316 1800 426 1871 γὰρ
456 1799 632 1854 ταῦτα
660 1801 774 1871 (27)
805 1802 899 1855 καὶ
922 1804 1036 1857 ἄνω
1062 1802 1321 1872 λέγεσθαι
1370 1807 1468 1858 καὶ
1521 1806 1689 1869 κάτω,

113 1890 254 1961 πρὸς
279 1890 409 1945 ἄλλο
434 1890 623 1962 μέντοι
654 1894 752 1945 καὶ
788 1893 916 1947 ἄλλο
943 1893 1353 1965 λαμϐανόμενα.

1790 816 1887 861 aut
1908 807 2097 877 procul
2128 807 2385 877 (eminus)
2413 815 2509 861 aut
2542 820 2710 876 prope
2738 804 3033 877 (cominus)
3064 816 3169 861 est.
3216 803 3359 861 Prai-

1792 906 1939 954 terea
1967 909 2052 954 est
2080 898 2166 953 vel
2203 900 2257 953 in
2288 899 2465 969 primo
2490 898 2575 954 vel
2619 900 2673 952 in
2704 898 2945 953 secundo
2980 915 2995 963 ;
3030 897 3156 951 dico
3177 907 3358 951 autem

1793 990 1848 1044 iu
1882 991 2061 1059 primo
2110 1006 2233 1046 esse
2282 1006 2502 1060 corpus,
2561 992 2784 1059 quando
2838 991 3067 1059 inloco
3115 998 3200 1044 est
3258 990 3361 1057 ipsi

1794 1082 2011 1150 aequali,
2040 1097 2139 1135 nec
2171 1084 2223 1135 in
2278 1082 2470 1149 majori
2524 1094 2577 1135 et
2624 1081 2875 1148 ampliori
2916 1090 3234 1136 contentum
3262 1097 3278 1143 ;
3307 1083 3362 1135 in

1794 1173 2035 1227 secundo
2072 1187 2221 1235 vero,
2250 1173 2469 1241 quando
2510 1173 2563 1226 in
2581 1173 2849 1242 ampliori,
2880 1173 3182 1228 secundum
3217 1170 3364 1243 quod

1795 1264 2055 1327 dicimus,
2078 1265 2308 1333 exempli
2331 1264 2526 1333 gratia,
2556 1263 2836 1319 Socratem
2862 1265 2916 1319 in
2948 1265 3115 1319 domo
3135 1279 3257 1320 esse
3279 1265 3362 1318 vel

1798 1354 1854 1408 in
1911 1356 2065 1409 urbe.
2110 1356 2303 1410 Adhuc
2349 1354 2440 1408 ubi
2489 1356 2710 1424 proprie
2766 1366 2819 1410 et
2866 1358 3095 1411 seorsim
3154 1372 3249 1426 per
3306 1370 3366 1409 se

1797 1455 2073 1514 sumptum
2092 1447 2174 1499 vel
2196 1446 2493 1502 secundum
2513 1456 2760 1500 naturam
2775 1446 2994 1513 dicitur,
3014 1448 3158 1517 quod
3173 1449 3365 1503 eodem

1798 1548 2015 1602 semper
2050 1535 2212 1589 modo
2284 1534 2623 1601 intelligitur,
2671 1535 2821 1588 velut
2861 1536 2907 1590 si
2938 1519 3112 1600 dicas.
3166 1541 3367 1592 cmlum

1798 1637 1921 1679 esse
1960 1639 2159 1693 supra;
2207 1624 2359 1679 locus
2400 1626 2547 1679 enim
2571 1625 2689 1692 ejus
2715 1624 2781 1679 ad
2825 1640 2994 1679 unum
3028 1626 3248 1693 quidem
3277 1626 3370 1678 ali-

1800 1716 1931 1784 quid
1975 1718 2276 1772 ordinatus
2331 1716 2479 1772 infra
2509 1718 2772 1772 duntaxat
2811 1717 3015 1773 dicitur
3045 1732 3209 1782 esse;
3244 1718 3370 1771 dico

1805 1817 1985 1863 autem
2030 1808 2096 1863 ad
2134 1818 2290 1862 terrae
2315 1808 2489 1863 solum
2539 1808 2756 1873 locum;
2785 1807 2870 1863 vel
2906 1822 3014 1862 non
3064 1805 3371 1861 secundum

1724 1893 1767 1948 Β
1796 1910 2073 1966 naturam,
2109 1916 2297 1956 verum
2327 1900 2628 1957 secundum
2668 1900 2961 1967 accidens;
2996 1916 3049 1954 v.
3088 1914 3139 1969 g.
3166 1897 3373 1952 animal

113 1995 284 2054 supra
314 2000 438 2040 esse
470 1986 672 2041 dicitur
689 1988 817 2057 quia
834 1996 916 2043 est
949 1989 1001 2042 in
1044 1999 1189 2044 tecto
1220 1990 1689 2048 domus.Possuut
1725 1994 1872 2051 enim
1906 1996 2021 2051 hac
2054 2004 2109 2051 et
2134 2010 2300 2065 supra
2344 2003 2397 2049 et
2437 1992 2578 2048 infra
2622 2008 2748 2047 esse
2782 1990 2911 2056 dici,
2977 1994 3043 2047 ad
3077 1992 3223 2047 aliud
3290 2003 3372 2046 ta-

112 2092 241 2131 men
258 2086 312 2131 et
340 2077 484 2132 aliud
513 2089 751 2149 sumpta.

190 2173 258 2243 β’.
297 2174 455 2226 Ἐστι
508 2174 566 2226 δὲ
617 2176 725 2228 ῐδια
757 2176 854 2229 τοῦ
890 2166 994 2230 ποῦ
1042 2178 1135 2230 τὸν
1177 2178 1409 2249 ἀριθμὸν
1446 2180 1607 2251 τρία*
1642 2180 1702 2235 ἓν

128 2263 230 2335 μὲν
265 2264 329 2317 :0
358 2264 794 2335 προσσημαίνειν
825 2267 938 2337 (28)
965 2267 1158 2321 τόπον·
1187 2269 1248 2321 :0
1274 2268 1381 2340 γὰρ
1415 2270 1526 2324 ἄνω
1556 2266 1699 2325 εἶναι

122 2355 245 2408 ἐστὶ
275 2355 373 2425 μὲν
399 2354 607 2425 κυρίως
649 2355 744 2409 τοῦ
781 2357 893 2426 (29)
942 2357 1047 2410 ποῦ
1082 2353 1247 2424 εἷναι,
1298 2362 1700 2432 προσσημαίνει

122 2449 184 2502 δὲ
206 2449 370 2502 τόπον
392 2448 534 2513 τινὰ,
560 2448 705 2517 λέγω
738 2448 804 2517 δὴ
830 2449 924 2503 τὸν
959 2450 1075 2503 ἂνω
1104 2450 1269 2503 τόπον
1290 2466 1305 2481 ο
1346 2452 1508 2504 ἰτανῆ⁵
1531 2451 1589 2505 δὲ
1622 2452 1703 2523 τῷ

125 2540 258 2594 ιῐδιι
309 2541 544 2609 ὑπάρχει
579 2540 738 2594 τοῦτο
785 2541 1012 2594 τδ-ῐδιον
1031 2558 1045 2573 ·
1076 2541 1328 2612 δεύτερον
1356 2540 1412 2595 δὲ
1438 2543 1501 2595 :0
1530 2560 1702 2613 προσ-

129 2634 421 2703 σημαίνειν
451 2634 639 2703 σχέσιν
672 2634 907 2703 τοπικήν
926 2648 939 2661 ·
994 2632 1148 2703 διττὴ
1178 2633 1235 2685 δὲ
1261 2638 1293 2703 ἡ
1326 2635 1525 2705 τοπικὴ
1574 2635 1699 2704 σχέο

128 2740 250 2787 σις’
275 2726 309 2795 ἡ
343 2742 401 2777 τε
434 2724 543 2795 γὰρ
568 2710 873 2795 εμπεριοχὴ
902 2724 1017 2793 (50)
1049 2723 1143 2777 τοῦ
1172 2707 1444 2793 σώματος,
1480 2725 1604 2778 καθ’
1634 2725 1702 2796 ἢν

126 2817 558 2887 ἑμπεριέχεσθαι
582 2817 822 2885 λέγεται,
852 2817 1035 2887 σχέσις
1064 2816 1131 2870 ἂν
1155 2817 1241 2887 εἴη
1276 2810 1508 2889 τοπικὴ,
1542 2817 1638 2871 καὶ
1668 2819 1701 2888 ὴ

128 2909 358 2980 περιοχὴ
394 2908 490 2961 :06
538 2909 727 2973 τόπου,
779 2909 901 2963 καθ’
946 2909 1016 2981 ἢν
1065 2909 1342 2980 περιέχειν
1382 2909 1601 2975 λέγεται
1640 2909 1703 2963 :0

127 2998 310 3068 σῶμα,
335 2999 571 3069 ὁμοίωςο
600 2999 783 3070 διττῆς
808 2994 920 3064 οὗν,
951 2999 1028 3061 ὡς
1062 2999 1302 3069 εἴρηται,
1348 2998 1450 3068 τῆς
1472 2998 1702 3069 τοπικῆς
1740 3042 1743 3047 ,

129 3090 551 3160 λαμϐανομένης
596 3091 835 3160 σχέσεως
877 3090 1168 3160 ἀμφότερα
1200 3089 1299 3159 μὲν
1326 3088 1500 3143 ταῦτα
1528 3104 1702 3159 προσ-

132 3181 495 3250 σημαίνονται
526 3181 631 3234 ὑπὸ
652 3182 753 3250 τῆς
784 3179 927 3253 [τοῦ]
956 3180 1061 3234 ποῦ
1096 3179 1464 3250 κατηγορίας·
1504 3178 1703 3249 μᾶλλον

130 3274 192 3326 δὲ
236 3272 332 3343 τὴν
386 3272 724 3345 ἐμπεριοχὴν
784 3272 1221 3343 προσσημαίνειν
1286 3272 1461 3325 ἔοικεν
1516 3270 1550 3342 ἢ
1604 3270 1704 3341 τὴν

131 3368 428 3438 περιοχήνο
462 3365 697 3438 πρώτως
726 3365 837 3436 γὰρ
864 3365 964 3433 τὴν
988 3361 1326 3434 έμπεριοχὴν
1352 3360 1705 3431 προσσημαί-

1871 2180 1927 2236 2.
1959 2169 2134 2233 Habet
2178 2186 2355 2232 autem
2402 2176 2491 2229 ubi
2543 2172 2901 2243 proprietates
2954 2177 3187 2227 numero
3234 2181 3368 2229 tres.

1802 2272 2046 2338 Quarum
2076 2270 2246 2339 prima
2291 2276 2394 2331 est,
2428 2265 2569 2334 quod
2591 2265 2768 2319 locum
2799 2263 3143 2334 adsigniﬁcat
3173 2280 3188 2329 ;
3243 2280 3369 2320 nam

1801 2378 1967 2434 supra
1997 2375 2121 2415 esse
2142 2359 2361 2430 proprie
2392 2366 2477 2412 est
2498 2354 2699 2411 alicubi
2725 2370 2866 2420 esse,
2902 2355 2968 2409 ad
3000 2356 3100 2410 Ubi
3120 2367 3368 2425 spectat;

1801 2454 2143 2525 adsigniﬁcat
2165 2466 2351 2507 verum
2392 2450 2568 2503 locum
2630 2445 2949 2517 quemdam,
3000 2446 3255 2501 videlicet
3291 2447 3373 2500 lo-

1802 2562 1926 2601 cum
1965 2558 2283 2613 supernum.
2316 2539 2475 2593 Omni
2509 2554 2636 2593 vero
2684 2537 2804 2608 ejus
2846 2537 3043 2607 speciei
3078 2538 3191 2591 haec
3243 2551 3372 2606 pro-

1802 2636 2008 2707 prietas
2050 2633 2324 2689 convenit.
2365 2632 2548 2685 Altera
2582 2631 2883 2700 proprietas
2919 2638 3024 2691 est,
3055 2628 3203 2699 quod
3235 2644 3373 2683 con-

1803 2724 2075 2797 signiiicat
2131 2721 2503 2777 habitudinem
2544 2718 2795 2773 localem.
2855 2719 3065 2787 Duplex
3108 2732 3238 2772 vero
3288 2722 3375 2771 est

1805 2808 2067 2872 habitudo
2107 2813 2338 2871 localis:
2376 2827 2500 2867 nam
2552 2821 2606 2866 et
2658 2810 2935 2866 exstensio
2990 2810 3241 2879 corporis
3288 2823 3374 2863 se-

1803 2907 2043 2963 cundum
2074 2920 2239 2975 quam
2272 2918 2471 2972 corpus
2509 2896 2779 2955 contineri
2809 2908 2863 2954 et
2912 2895 3116 2955 includi
3171 2916 3200 2953 a
3249 2899 3371 2955 loco

1802 2999 2025 3063 dicitur,
2082 2996 2343 3051 habitudo
2378 2994 2568 3049 localis
2624 2988 2805 3057 fuerit,
2852 3000 2908 3045 et
2960 2991 3217 3046 similiter
3266 2989 3373 3045 loci

1803 3090 2041 3145 ambitus
2078 3087 2377 3144 secundum
2408 3099 2571 3155 quem
2606 3081 2803 3139 dicitur
2831 3095 3032 3151 corpus
3066 3082 3371 3136 continere.

1802 3181 1942 3237 Cum
1998 3180 2187 3251 igitur,
2250 3187 2309 3231 ut
2366 3177 2570 3231 dictum
2618 3184 2721 3239 est,
2773 3172 3063 3243 dupliciter
3111 3170 3375 3225 habitudo

1806 3271 1994 3328 localis
2020 3277 2290 3335 sumatur,
2329 3277 2623 3337 utrumque
2661 3264 2764 3319 hoc
2793 3279 2892 3334 per
2918 3263 3252 3333 categoriam
3276 3264 3373 3315 τοῦ

1805 3362 1896 3417 ubi
1928 3361 2296 3431 signiﬁcatur;
2334 3358 2504 3427 magis
2536 3370 2665 3412 vero
2685 3353 2992 3425 signiﬁcare
3040 3353 3254 3408 videtur
3272 3369 3376 3407 cx-

133 3476 247 3511 vst°
291 3458 717 3529 συσσημαίνεται
766 3457 824 3510 δὲ
868 3456 1044 3530 ταύτῃ
1088 3454 1184 3509 καὶ
1231 3457 1264 3524 η
1302 3455 1564 3525 περιοχή·
1610 3453 1703 3505 καὶ

1813 3451 2115 3505 tensionem
2159 3454 2472 3502 contentam
2512 3460 2674 3515 quam
2698 3444 2960 3498 ambitum
2979 3444 3371 3497 continentem.

132 3549 298 3603 :06:0
320 3550 375 3603 δὲ
408 3551 468 3602 τὸ
500 3550 633 3603 ἴδιον
661 3550 825 3602 παντ)⁸
848 3548 1085 3617 ὑπάρχει
1117 3547 1195 3617 τῷ
1221 3544 1326 3599 ποῦ
1355 3546 1448 3597 καὶ
1476 3544 1705 3613 οὐδεμιᾷ

134 3648 272 3720 ἄλλῃ
304 3648 409 3701 τῶν
449 3644 657 3699 λοιπῶν
704 3644 862 3696 ὲννέα
894 3639 1242 3712 κατηγοριῶν
1290 3637 1441 3707 παρὰ
1477 3636 1703 3703 ταύτην.

135 3742 333 3812 Τρίτον
365 3740 495 3795 ῐδιον
512 3738 575 3792 :0
603 3738 753 3791 θέσιν
779 3734 900 3788 τινὰ
926 3732 1251 3804 ἁχωρίστως
1280 3726 1707 3800 παρακολουθεῖν

132 3832 321 3903 αὐτῷ’
351 3831 429 3903 τῷ
463 3832 569 3900 γὰρ
612 3829 726 3882 δντι
774 3825 878 3879 ποῦ
909 3825 1127 3887 πάντως
1165 3822 1360 3875 ἕπεται
1397 3818 1547 3881 θέσις
1586 3830 1702 3881 τις;

133 3922 253 3979 οἷον
275 3925 350 3996 τῷ
376 3925 489 3977 δντι
520 3924 633 3977 ἀνω
657 3920 691 3989 ἦ
722 3918 836 3990 (3i)
865 3918 963 3971 ὡδὶ
998 3915 1143 3987 ἔχειν
1168 3912 1268 3985 τὴν
1295 3912 1442 3966 θέσιν
1468 3909 1577 3963 τῶν
1609 3923 1707 3979 μο-

138 4018 274 4089 ρίων
319 4018 353 4086 ἢ
401 4016 497 4070 καὶ
546 4013 640 4067 :06
689 4014 813 4067 ὅλου
869 4010 902 4080 ἢ
950 4007 1082 4063 ὡδί·
1133 4005 1231 4059 καὶ
1278 4002 1356 4072 τῷ
1398 4001 1513 4055 δντι
1559 3999 1710 4053 κάτω

135 4110 342 4177 ὁμοίως
360 4125 375 4140 ⁸
441 4106 837 4177 παραπλησίως
862 4104 920 4156 δὲ
944 4102 1039 4155 καὶ
1067 4098 1162 4151 ἐπὶ
1188 4098 1295 4150 τῶν
1321 4095 1495 4149 ἄλλων
1513 4107 1527 4121 ⁸
1567 4091 1708 4144 ὥστε

137 4203 228 4272 εἴη
251 4201 318 4254 ἂν
347 4196 794 4271 παρακολουθοῦν
831 4194 995 4249 παντὶ
1030 4191 1110 4263 τῷ
1145 4189 1247 4243 ποῦ
1286 4186 1445 4241 τοῦτο
1469 4186 1530 4239 :0
1555 4184 1707 4238 ῐδιον.

137 4468 479 4538 ἀπετελέσθη
510 4470 619 4522 ἀπό
644 4483 703 4518 τε
735 4464 831 4518 τοῦ
876 4464 987 4516 ἄνω
1014 4452 1187 4513 τόπου
1216 4457 1311 4509 καὶ
1341 4453 1436 4508 τοῦ
1471 4456 1529 4508 εν
1563 4450 1712 4522 αὐτῷ

141 4559 427 4629 σώματος·
464 4560 556 4612 καὶ
589 4558 649 4610 :0
695 4555 848 4608 κάτω
886 4550 1147 4612 ὡσαύτως
1165 4551 1199 4581 ·’
1218 4544 1616 4617 παραπλησίως
1653 4541 1712 4595 δὲ

138 4653 241 4703 καὶ
270 4652 361 4703 ἐπὶ
386 4650 494 4703 τῶν
524 4649 721 4704 ἄλλων.
750 4646 841 4716 Μὴ
869 4642 1177 4697 λανθανέτω
1205 4640 1261 4693 δὲ
1291 4639 1439 4710 ἡμᾶς
1467 4636 1602 4706 (52),
1628 4636 1712 4688 ὅτι

137 4742 244 4795 :06
276 4745 386 4797 ἄνω
414 4742 474 4795 :0
510 4743 605 4811 μὲν
632 4740 722 4791 ἐπὶ
747 4735 841 4791 τοῦ
872 4738 1037 4788 τόπου
1067 4735 1229 4804 μόνου
1256 4729 1593 4801 λαμϐάνεται
1619 4731 1713 4781 καὶ

142 4838 262 4888 ἔστι
292 4836 397 4888 τῶν
433 4834 568 4903 πρός
599 4848 683 4884 τι*
716 4830 776 4883 :0
824 4829 879 4881 δὲ
912 4830 969 4880 τ’»
999 4830 1058 4879 tv
1090 4826 1262 4893 τόπῳ,
1296 4824 1391 4876 καὶ
1426 4820 1572 4874 ἐστιν
1612 4820 1717 4873 ὑπὸ

140 4928 246 4996 τὴν
274 4925 415 4997 [:06]
445 4905 548 4978 ποῦ
582 4922 917 4993 κατηγορίαν
936 4936 949 4949 ·
981 4918 1139 4970 τοῦτο
1171 4916 1227 4969 δὲ
1250 4916 1343 4967 καὶ
1373 4912 1711 4982 πλατύτερον

140 5018 502 5086 διηκούσατε’
541 5016 634 5069 καὶ
667 5014 727 5067 :0
762 5012 852 5065 v6v
878 5011 934 5064 δὲ
965 5011 1095 5063 ῐδιον
1121 5008 1284 5062 παντὶ
1318 5006 1395 5075 τῷ
1438 5003 1571 5058 εῖδει
1608 5005 1713 5057 ὑπ-

143 5110 306 5178 άρχει
337 5110 427 5161 καὶ
464 5108 609 5176 μόνῳ
643 5107 737 5159 καὶ
766 5105 873 5166 ἀεὶ,
908 5102 987 5155 διὸ
1014 5100 1109 5154 καὶ
1132 5097 1503 5168 ἀντιστρέφειο
1534 5094 1715 5147 πλειό-

143 5217 257 5253 νων
283 5199 339 5251 δὲ
370 5199 539 5251 ὄντων
563 5196 672 5249 τῶν
703 5195 843 5249 κατὰ
864 5193 1141 5261 ἀπόφασιν
1166 5187 1335 5252 ῑδίων,
1357 5186 1503 5255 λέγω
1529 5185 1593 5255 δὴ
1618 5178 1712 5237 :06

146 5290 229 5359 μὴ
263 5288 608 5359 ἐπιδέχεσθαι
640 5286 989 5355 ἐναντιότητα
1022 5285 1115 5337 καὶ
1150 5280 1243 5335 τοῦ
1275 5281 1349 5351 μὴ
1383 5280 1527 5349 ἔχειν
1558 5281 1714 5332 ὲναν-

142 5382 286 5443 τίον,
322 5383 417 5433 καὶ
449 5379 543 5432 τοῦ
576 5378 652 5449 μὴ
695 5375 1041 5445 ἐπιδέχεσθαι
1068 5373 1130 5426 :0
1175 5371 1373 5442 μᾶλλον
1402 5372 1496 5424 καὶ
1528 5367 1588 5423 :0
1614 5365 1714 5440 ἦτα

1810 3540 2081 3594 Primario
2110 3539 2253 3592 enim
2301 3536 2676 3591 extensionem
2701 3542 3008 3590 contentam
3061 3535 3372 3605 significat;

1806 3627 2253 3698 consignilicatur
2282 3636 2462 3680 autem
2497 3639 2607 3679 una
2630 3639 2753 3679 cum
2792 3625 2885 3679 illa
2933 3624 3098 3679 etiam
3130 3622 3373 3679 ambitus

1807 3722 2112 3776 continens.
2180 3716 2304 3772 Haec
2325 3731 2455 3772 vero
2484 3718 2789 3787 proprietas
2820 3717 2969 3771 omni
3005 3717 3262 3771 convenit
3292 3717 3375 3786 τῷ

1809 3812 1900 3867 ubi
1940 3821 1994 3865 et
2030 3818 2225 3880 praeter
2274 3809 2417 3863 hanc
2443 3807 2578 3862 nulli
2633 3806 2788 3862 alteri
2818 3818 2884 3862 ex
2916 3808 3143 3877 reliquis
3178 3816 3374 3863 novent

1809 3903 2119 3974 categoriis.
2160 3899 2341 3955 Tertia
2371 3900 2672 3970 proprietas
2702 3908 2805 3965 est,
2870 3899 3018 3968 quod
3068 3899 3245 3969 ipsum
3277 3915 3375 3968 po-

1812 3996 1939 4051 sitio
1988 3995 2235 4064 qutedam
2268 4008 2362 4047 seu
2396 3993 2535 4047 situs
2582 3989 3020 4060 inseparabiliter
3076 3994 3373 4063 sequitur;

1811 4090 2038 4145 omnino
2064 4088 2208 4142 enim
2244 4084 2294 4141 id
2344 4084 2489 4155 quod
2520 4098 2647 4138 vere
2678 4092 2761 4137 est
2799 4080 2998 4137 alicubi
3052 4082 3163 4147 ubi,
3195 4083 3379 4151 sequi-

1811 4191 1901 4237 tur
1928 4180 2172 4251 quadam
2214 4178 2411 4247 positio
2440 4193 2455 4243 ;
2484 4175 2649 4229 veluti
2704 4175 2757 4229 id
2818 4174 2962 4244 quod
2992 4176 3265 4243 superius
3297 4187 3381 4230 est

1811 4274 1896 4330 vel
1929 4275 2034 4330 hoc
2063 4274 2146 4329 vel
2172 4272 2280 4327 alio
2316 4272 2475 4327 modo
2506 4270 2709 4324 habere
2756 4268 3084 4339 positionem
3137 4268 3375 4338 partium

1815 4367 1901 4420 vel
1964 4365 2128 4419 etiam
2194 4364 2360 4418 totius
2391 4380 2407 4429 ;
2440 4362 2627 4431 sicque
2686 4360 2887 4429 pariter
2914 4370 2968 4414 et
3003 4360 3055 4413 id
3098 4361 3244 4429 quod
3296 4373 3381 4414 εει

1814 4457 2090 4522 inferius;
2128 4450 2377 4510 similiter
2430 4462 2608 4507 autem
2648 4450 2702 4505 in
2754 4451 2987 4505 ceteris.
3020 4449 3174 4505 Unde
3217 4464 3381 4506 omne

1815 4550 1906 4605 ubi
1941 4548 2209 4618 ejusmodi
2244 4540 2552 4616 proprietas
2596 4543 2972 4613 consequitur.
3010 4541 3213 4608 Quarta
3246 4558 3380 4609 pro-

1816 4640 2019 4707 prietas
2079 4645 2181 4701 est,
2238 4634 2381 4705 quod
2423 4642 2501 4688 est
2546 4632 2724 4701 ipsum
2758 4631 2985 4685 eii‘ectus
3021 4630 3272 4699 corporis
3324 4639 3381 4683 et

1819 4727 1925 4785 loci
1953 4744 2150 4798 corpus
2184 4722 2552 4789 continentis;
2577 4736 2701 4776 nam
2728 4720 2980 4790 superius
2999 4735 3120 4775 esse
3148 4720 3381 4776 elIicitur

1820 4836 1885 4877 ac
1908 4821 2131 4876 resultat
2160 4834 2222 4874 ex
2269 4818 2387 4872 loco
2414 4814 2681 4884 superiori
2732 4822 2786 4867 et
2836 4829 2900 4868 ex
2953 4828 3183 4883 corpore
3233 4817 3379 4883 quod

1820 4915 1873 4968 in
1904 4927 1971 4968 eo
2001 4922 2122 4977 est;
2155 4910 2409 4965 similiter
2450 4920 2670 4976 quoque
2724 4918 2845 4959 esse
2904 4902 3170 4970 inferius;
3234 4906 3378 4960 idem

1818 5004 2030 5059 dicatur
2057 5002 2125 5056 de
2148 4998 2390 5067 reliquis.
2449 4994 2527 5050 Ne
2548 5010 2679 5050 vero
2727 5010 2827 5051 nos
2866 4994 3052 5060 lateat,
3090 5012 3247 5064 supra
3284 5012 3380 5051 su-

1820 5092 2003 5161 perius
2033 5089 2249 5159 quidem
2277 5085 2422 5139 aliud
2466 5085 2608 5140 sumi
2655 5084 2722 5138 de
2776 5084 2895 5139 loco
2932 5080 3049 5139 solo
3080 5094 3134 5139 et
3184 5102 3249 5139 ex
3294 5102 3378 5141 re-

1817 5184 1948 5237 latis
1974 5182 2040 5236 ad
2076 5178 2279 5249 aliquid
2313 5185 2455 5243 esse,
2485 5176 2631 5230 aliud
2663 5184 2842 5230 autem
2887 5178 2940 5229 iu
2963 5176 3083 5230 loco
3107 5184 3159 5230 et
3181 5176 3379 5230 cadere

1820 5277 1927 5331 sub
1956 5260 2285 5340 categoriam
2315 5268 2409 5323 :06
2440 5271 2554 5325 ubi.
2590 5269 2705 5324 Hoc
2730 5269 2986 5338 vcrojam
3012 5267 3188 5323 iusius
3222 5268 3379 5320 audi-

1820 5368 1999 5421 vistis.
2040 5364 2162 5419 Haac
2217 5378 2366 5425 vero,
2404 5363 2471 5417 de
2493 5378 2599 5431 qua
2642 5376 2786 5417 nunc
2815 5360 3048 5430 agimus,
3072 5359 3377 5429 proprietas

1651 5481 1877 5536 ΝΟΤΑΞ.

232 5610 335 5678 (26)
365 5609 498 5663 Cod.
530 5624 693 5675 τεταγ
702 5607 877 5675 μένον.

227 5681 335 5745 ('27)
368 5680 511 5732 Fort.
551 5680 617 5731 τὰ
637 5679 771 5729 αὐτὰ
810 5693 855 5730 s.
884 5677 1071 5729 ταύτά.

227 5692 305 5745 ('22
369 5692 511 5732 I'ot‘l.
551 5692 617 5731 τα
637 5692 771 5729 aut:
810 5693 855 5730 s.
884 5693 1071 5729 ταυτα.

226 5692 336 5818 (28)
362 5749 506 5802 Fort.
543 5749 954 5818 προσημαίνειν,
984 5745 1415 5815 consignillcato,
1468 5743 1706 5815 adsigni—

149 5817 340 5884 ﬁcare,
371 5834 476 5873 non
506 5817 941 5888 prmsignilicare.

1888 5602 1998 5666 (ΞΗ)
2033 5598 2149 5651 Vat.
2183 5600 2259 5650 τό.

1893 5670 2003 5737 (50)
2038 5667 2194 5721 Catil.
2239 5668 2294 5719 ἐν
2329 5670 2573 5737 περιοχῇ.

1891 5741 2000 5807 (51)
2031 5737 2187 5807 ροιίιζ
2216 5738 2312 5803 Ap.

1895 5801 2005 5877 (52)
2038 5801 2183 5860 Fort.
2223 5801 2384 5875 ὑμᾶς,
2420 5815 2477 5859 ιιι
2509 5806 2633 5858 alibi
2666 5812 2718 5858 cl
2745 5804 2793 5855 in
2823 5804 3199 5866 sequentibus.
