4174 6450
787 377 888 440 8οτ

1928 377 2185 439 ΡΗΟΤΙΙ
2224 376 2724 438 PATRIARCHE
2756 379 2863 442 CP.

3928 387 4036 451 eos

784 496 940 552 omni
964 497 1163 566 speciei
1214 497 1471 552 convenit
1509 506 1564 552 et
1610 496 1712 551 suli
1741 506 1794 552 et
1842 511 2058 565 semper
2087 512 2102 559 ;
2132 495 2274 549 unde
2291 503 2332 552 οι

2442 509 2556 557 τον,
2601 493 2816 547 καὶτοῦ
2850 494 2925 565 μὴ
2956 495 3142 564 ὅμοιον
3167 495 3261 550 καὶ
3289 495 3544 568 ἀνόμοιον
3583 497 3844 567 λέγεσθαι
3873 542 3892 567 ,
3940 505 4036 556 καὶ

781 589 1137 643 convertitur.
1173 589 1308 643 Cum
1367 603 1496 642 vero
1543 589 1727 658 plures
1770 588 1880 641 sint
1909 587 2150 656 ejusdem
2183 600 2347 655 nega-

783 683 906 735 tivae
947 681 1326 750 preprietates,
1379 681 1631 735 videlicet
1658 679 1802 747 quod
1837 695 1944 733 non
1989 678 2185 747 recipit
2209 693 2349 733 con-

782 772 1112 825 trarietatem
1155 778 1212 824 et
1256 784 1362 824 non
1417 769 1580 824 habet
1620 767 1987 834 contrarium,
2033 767 2178 838 quod
2234 781 2340 820 non

2448 583 2627 634 ἄλλων
2657 583 2931 653 ἀπείρων·
2983 589 3097 650 τοῖς
3143 591 3534 656 καταφατικως
3571 590 3785 660 ῥηθεῖσι
3823 609 3894 646 τε
3941 599 4035 649 καὶ

2448 673 2812 744 ἑξευρεθείσιν
2844 677 3132 746 ἀρκεῖσθαι
3158 678 3342 750 δεήσει
3370 680 3431 732 τὸ
3459 680 3785 752 deusan
3824 700 3897 737 τι
3939 689 4032 739 Jul

2449 767 2704 834 περιττὸν
2733 768 3170 824 ύπικκλίνουσιν.

780 861 1017 913 admittit
1049 862 1223 930 magis
1259 868 1315 914 et
1342 860 1550 925 minus,
1615 859 1761 928 quod
1805 875 1913 915 non
1961 859 2160 914 dicitur
2233 857 2412 914 simile
2447 867 2502 913 et
2555 857 2846 924 dissimile,
2897 861 3129 933 aliaeque
3172 863 3420 931 inﬁnitas,
3473 866 3625 923 hisce
3655 868 4030 935 aﬂirmativis,

781 966 900 1018 quas
932 950 1088 1004 dicta:
1145 959 1200 1004 et
1261 959 1488 1018 reperta:
1538 958 1690 1016 sunt,
1731 948 2084 1020 acquiescere
2137 945 2410 1019 oportebit
2448 962 2545 1003 eos
2575 948 2666 1018 qui
2724 951 2908 1006 minus
2961 952 3342 1024 philosophica
3373 969 3439 1011 ac
3495 958 3772 1027 superﬂua
3803 963 4034 1018 evitare

778 1045 1315 1203 δωωηξξυιεετιο
1354 1133 1562 1190 CXLVI
1591 1133 1783 1206 [CoisL
1817 1132 2125 1204 CLXXXI].

1156 1229 1234 1283 De
1257 1244 1316 1284 eo
1347 1229 1488 1298 quod
1519 1241 1598 1283 ut
1631 1230 1794 1282 situm
1821 1244 1950 1281 esse.

2938 1136 3273 1192 sparum:
3324 1141 3520 1209 mq'.

2923 1228 3064 1296 Περὶ
3111 1229 3220 1284 τοῦ
3264 1229 3520 1286 κεῖσθαι.

1856 1368 1994 1419 Nunc
2023 1365 2232 1432 primum
2254 1365 2389 1416 edita
2413 1377 2441 1414 a
2473 1365 2530 1415 D.
2553 1364 2982 1430 Hergenroether.

847 1501 902 1556 ί.
945 1498 1120 1551 Situm
1150 1513 1273 1552 esse
1310 1506 1391 1550 est
1416 1498 1466 1551 in
1499 1511 1586 1562 eo,
1622 1497 1768 1566 quod
1798 1506 1978 1564 partes
2009 1497 2076 1550 ad
2105 1495 2336 1550 invicem

777 1589 942 1644 situm
1007 1589 1245 1656 aliquem
1325 1585 1678 1656 (positionem
1735 1587 2056 1657 quamdam)
2111 1586 2335 1641 habent.

2521 1491 2587 1547 α’.
2614 1493 2842 1547 Κεῖσθαι
2872 1494 2929 1548 δέ
2957 1496 3072 1550 ἐστι
3099 1498 3160 1551 τὸ
3182 1496 3334 1552 θέσιν
3353 1499 3475 1556 τινὰ
3491 1502 3627 1574 πρὸς
3643 1503 3852 1576 ἄλληλα
3876 1507 4017 1578 ἔχε..

2442 1583 2513 1637 τὰ
2537 1585 2704 1676 μίόρια
2723 1601 2737 1615 °
2767 1586 2866 1656 τῆς
2880 1586 2938 1640 δι
2968 1587 3172 1649 θέσεως
3194 1592 3227 1660 ή
3260 1593 3362 1662 μέν
3388 1594 3537 1647 ἔστιν
3558 1595 3880 1676 ἀσύνθετος,
3896 1601 4023 1671 ἥτις

779 1679 929 1733 Situs
971 1654 1267 1732 vero'alius
1313 1654 1419 1729 non
1451 1683 1538 1730 est
1581 1654 1939 1745 compositus,
1997 1654 2090 1746 qui
2119 1674 2332 1745 proprie

2442 1654 2645 1747 κυρίως
2681 1654 2905 1746 λέγεται
2929 1680 3025 1734 καὶ
3055 1654 3274 1750 στάσις,
3298 1685 3332 1755 ή
3355 1684 3412 1740 δὲ
3441 1687 3505 1740 ὲκ
3538 1654 4020 1765 διαφέρειῆ-η

776 1770 939 1823 etiam
978 1778 1153 1824 status
1209 1767 1419 1837 (statio)
1476 1765 1796 1836 appellatur,
1831 1765 1969 1822 alius
2002 1779 2132 1820 vero
2161 1781 2226 1820 ex
2250 1765 2335 1819 di-

777 1861 951 1915 versis
971 1868 1074 1924 est,
1106 1860 1272 1914 veltiti
1327 1858 1608 1912 reclinatio
1639 1867 1692 1911 et
1721 1857 1934 1924 sessio;
1973 1859 2019 1912 si
2056 1872 2183 1912 vero
2211 1857 2336 1921 hoc,

774 1951 937 2004 etiam
962 1952 1121 2004 situm
1146 1966 1257 2003 esse
1285 1950 1366 2004 vel
1393 1965 1460 2004 ex
1488 1951 1595 2005 situ
1621 1950 1762 2004 haud
1795 1948 2106 2017 composito
2131 1947 2211 2002 vel
2267 1962 2335 2002 ex

774 2039 1081 2106 composito
1119 2039 1373 2092 ell‘ectum
1417 2048 1522 2093 est.
1581 2037 1852 2093 Praaterea
1883 2039 2022 2094 situs
2070 2038 2212 2092 alius
2241 2052 2336 2093 so-

773 2129 948 2183 larum
982 2129 1215 2197 partium
1251 2124 1335 2182 est
1370 2137 1420 2182 et
1456 2144 1561 2182 non
1614 2131 1804 2195 totius,
1843 2129 1991 2184 velut
2027 2129 2224 2184 raritas
2281 2136 2338 2185 et

772 2218 1144 2280 eondensatio,
1174 2219 1438 2286 asperitas
1462 2226 1516 2270 et
1547 2217 1751 2272 laevitas
1776 2235 1793 2282 ;
1823 2218 1964 2272 alius
2003 2231 2132 2273 vero
2170 2217 2336 2272 totius

772 2310 1054 2374 duntaxat,
1103 2317 1161 2362 ut
1199 2307 1484 2362 reclinatio
1502 2317 1556 2362 et
1597 2309 1771 2362 sessio
1795 2307 2165 2379 (nequeenim
2205 2322 2335 2378 pars

770 2400 970 2454 dicitur
997 2399 1186 2455 sedere
1210 2399 1294 2454 vel
1315 2400 1570 2454 reclinata
1602 2414 1748 2463 esse,
1793 2401 1888 2455 sed
1929 2404 2161 2469 totum);
2193 2401 2335 2456 alius

769 2504 989 2545 rursum
1016 2498 1071 2544 et
1101 2489 1269 2542 totius
1285 2495 1340 2542 et
1367 2488 1602 2558 partium
1625 2496 1730 2554 est,
1744 2488 1908 2542 veluti
1932 2487 2094 2542 statio
2117 2489 2335 2558 proprie

768 2582 935 2646 dicta,
964 2596 1084 2650 qua:
1114 2589 1193 2635 est
1231 2581 1506 2635 rectitudo
1542 2595 1605 2634 ac
1633 2591 1781 2635 recta
1814 2580 2013 2650 positio
2047 2591 2162 2635 tum
2211 2595 2336 2650 par-

769 2673 905 2726 tium
937 2677 1048 2725 tum
1104 2670 1286 2724 totius.
1326 2669 1577 2727 Attamen
1618 2671 1670 2724 id
1705 2669 1854 2741 quod
1886 2671 2054 2727 situm
2109 2681 2196 2727 est
2249 2671 2333 2725 vel

767 2763 993 2816 omnino
1046 2770 1289 2817 erectum
1343 2772 1426 2816 est
1481 2772 1535 2816 et
1585 2761 1786 2816 dicitur
1842 2771 2008 2829 stare,
2087 2763 2173 2816 vel
2230 2763 2331 2817 hac

767 2863 1033 2911 erectum,
1077 2851 1166 2904 illa
1209 2866 1337 2905 vero
1366 2860 1519 2924 parte
1548 2852 1893 2916 reclinatum,
1920 2864 1974 2908 et
2018 2854 2219 2909 dicitur
2248 2870 2331 2909 se-

2437 1769 2725 1833 ἁνάκλισις
2760 1771 2856 1823 καὶ
2882 1771 2914 1842 ἠ
2943 1771 3212 1844 καθέδρα·
3258 1777 3307 1828 εἰ
3341 1775 3398 1830 δὲ
3447 1778 3608 1833 τοῦτο
3630 1821 3644 1844 ,
3678 1783 3774 1834 καὶ
3799 1781 3867 1836 τδ
3903 1787 4024 1838 κεί-

2437 1860 2558 1912 σθαι
2593 1860 2702 1931 ἄρα
2731 1860 2765 1932 ἢ
2794 1862 3093 1917 ἀσυνθέτου
3130 1863 3334 1930 θέσεως
3365 1867 3703 1942 ἀπετελέσθη
3740 1873 3867 1944 ﬁt:
3901 1893 4024 1928 συν-

2433 1949 2774 2020 τεθειμένης.
2809 1951 2931 2006 Ἔτι
2963 1953 3021 2006 δὲ
3053 1954 3154 2024 τῆς
3180 1955 3385 2022 θέσεως
3423 1961 3456 2030 η
3490 1962 3594 2029 μέν
3616 1963 3730 2016 ἐστι
3760 1963 3876 2017 τῶν
3919 1985 4018 2037 μευ

2437 2039 2548 2111 ρῶν
2577 2042 2758 2111 μόνων
2786 2044 2882 2097 καὶ
2928 2044 2989 2097 ού
3034 2044 3130 2098 τοῦ
3174 2046 3332 2114 ὅλου,
3365 2050 3439 2114 ὼς
3481 2052 3516 2122 ἠ
3566 2052 3807 2122 μάνωσις
3841 2058 3947 2110 καὶ
3985 2060 4017 2126 ἡ

2436 2129 2875 2204 πύκνωσις,ἥτε
2918 2137 3198 2208 τραχύτης
3232 2140 3329 2193 καὶ
3359 2143 3394 2211 ἡ
3438 2141 3681 2216 λειότης·
3731 2149 3765 2219 η
3812 2148 3873 2203 δὲ
3921 2151 4015 2206 τοῦ

2434 2222 2556 2275 ὅλου
2591 2224 2777 2294 μόνου,
2801 2226 2879 2291 ὥς
2906 2229 2940 2298 ἠ
2969 2230 3252 2296 ἀνάκλισις
3279 2234 3375 2286 καὶ
3397 2236 3429 2304 ὴ
3453 2237 3692 2306 καθέδρα
3708 2238 3790 2309 (ού
3817 2242 3936 2313 γὰρ
3957 2246 4018 2298 τὸ

2437 2316 2604 2387 μέρος
2633 2317 2850 2388 λέγεται
2879 2321 3208 2388 καθέζεσθαι
3253 2326 3288 2398 ἢ
3324 2328 3736 2396 ἀνακεκλίσθαι,
3778 2335 3924 2390 ἀλλὰ
3955 2339 4020 2390 τὸ

2433 2406 2557 2498 δλον
2574 2411 2664 2480 ἡὴ
2697 2409 2755 2464 δὲ
2783 2410 2879 2466 τοῦ
2907 2430 2967 2466 τε
2991 2414 3112 2468 ὅλου
3139 2417 3236 2470 καὶ
3259 2417 3370 2472 τῶν
3394 2421 3597 2493 μερῶν,
3627 2424 3702 2489 ὡς
3735 2427 3773 2497 ἡ
3801 2429 4014 2498 κυρίως

2433 2497 2699 2573 λεγομένη
2726 2502 2937 2567 στάσις,
2976 2506 3100 2576 ἥτις
3129 2508 3281 2562 ἐστὶν
3303 2511 3532 2583 ὀρθότης
3554 2517 3648 2569 καὶ
3675 2515 3788 2571 τῶν
3819 2497 4013 2592 μερῶν

2432 2592 2528 2646 καὶ
2573 2592 2668 2647 τοῦ
2693 2593 2851 2649 ὄλουο
2884 2599 2980 2652 καὶ
3013 2600 3200 2669 μέντοι
3229 2601 3295 2656 τὸ
3332 2605 3644 2679 κειμενονῆ
3678 2611 3856 2681 πάντη
3900 2612 4011 2684 ὥρ-

2433 2683 2604 2738 θωται
2630 2685 2726 2740 καὶ
2753 2686 2971 2756 λέγεται
2996 2690 3268 2760 ἵστασθαι,
3300 2695 3334 2766 ἢ
3376 2696 3454 2766 πῆ
3487 2696 3588 2768 μὲν
3609 2698 3889 2771 ὤρθωται,
3936 2708 4010 2775 πῆ

2431 2775 2488 2828 δὲ
2522 2776 2808 2844 κέκλιται,
2845 2781 2940 2833 καὶ
2968 2781 3185 2850 λέγεται
3212 2785 3522 2856 καθῆσθαι·
3556 2792 3651 2844 καὶ
3678 2794 3764 2862 εἴη
3798 2794 3865 2848 ἂν
3890 2797 4012 2866 εἴδη

2430 2867 2606 2923 ταῦτα
2628 2869 2722 2923 τοῦ
2746 2873 2964 2926 κεῖσθαι
2985 2891 3000 2906 θ
3027 2875 3088 2930 cs
3115 2877 3538 2946 ἀνακεκλισθαι,
3568 2885 3630 2937 τὸ
3661 2887 3886 2942 ἑστάναι
3916 2893 4011 2942 καὶ

768 2941 938 3007 dere;
970 2941 1086 2996 haec
1118 2955 1248 3011 ergo
1269 2943 1478 3011 species
1502 2941 1704 2995 fuerint
1731 2941 1850 3009 ejus
1884 2946 2025 3012 quod
2058 2956 2144 2999 est
2165 2949 2326 3000 situm

2433 2961 2494 3012 τὸ
2533 2960 2840 3031 καθῆσθαιο
2881 2966 2944 3018 οὐ
2995 2967 3159 3037 μόνον
3207 2969 3467 3025 δὲταῦτα
3510 2941 3577 3028 ἀν
3620 2978 3706 3048 εῐη
3745 2979 3860 3050 εἴδη

767 3050 933 3088 esse:
969 3034 1290 3088 reclinatum
1349 3049 1492 3097 esse,
1533 3043 1679 3089 stare
1732 3047 1894 3104 atque
1947 3037 2156 3100 sedere,
2187 3046 2329 3092 atta-

769 3140 892 3177 men
917 3138 1022 3176 non
1075 3125 1188 3177 haec
1217 3131 1451 3186 tantum,
1505 3138 1688 3176 verum
1726 3123 1887 3178 etiam
1927 3126 2033 3179 alia
2083 3127 2328 3193 inﬁnita;

766 3215 1036 3284 protinus,
1068 3230 1118 3267 v.
1153 3229 1259 3284 gn,
1297 3228 1484 3266 rarum
1508 3225 1562 3269 et
1599 3216 1830 3268 densum
1878 3225 1930 3269 et
1955 3218 2174 3283 similia,
2208 3234 2330 3289 qua:

766 3306 869 3359 sita
893 3319 1012 3358 esse
1031 3302 1310 3369 dicuntur,
1349 3318 1524 3373 neque
1553 3312 1699 3359 stare
1721 3320 1896 3374 neque
1926 3308 2188 3364 reclinata
2210 3325 2332 3366 esse

765 3396 849 3450 vel
891 3396 1080 3450 sedere
1109 3395 1400 3462 dicuntur,
1450 3404 1689 3450 attamen
1742 3408 1797 3452 et
1855 3397 1970 3453 bzec
2017 3399 2123 3454 sub
2177 3400 2328 3456 illam

765 3487 1002 3555 speciem
1032 3484 1198 3555 hujus
1245 3485 1532 3556 categorias
1555 3487 1750 3541 cadere
1789 3488 2064 3556 videntur,
2108 3504 2230 3558 qua:
2255 3491 2331 3548 si-

765 3585 878 3630 tum
897 3576 1130 3646 partium
1159 3579 1225 3632 ad
1245 3578 1500 3644 invicem,
1521 3594 1628 3633 non
1656 3595 1785 3634 vero
1816 3582 1979 3637 totius
2004 3584 2328 3652 positionem

764 3669 1020 3724 ostendit.
1070 3669 1437 3736 Quodautem
1459 3672 1660 3727 raritas
1685 3681 1738 3727 et
1767 3674 2124 3732 condensatio
2149 3691 2215 3732 ac
2246 3679 2327 3741 si,-

763 3757 914 3812 milia
936 3758 1081 3814 haud
1102 3760 1212 3814 sint
1249 3761 1416 3815 totius
1456 3762 1777 3831 positiones,
1792 3776 1859 3817 ex
1885 3779 1950 3818 eo
1969 3764 2155 3835 liquet,
2182 3769 2328 3838 quod

763 3849 928 3904 unius
952 3849 1307 3920 ejusdemque
1335 3852 1502 3906 totius
1528 3853 1640 3906 duo
1667 3852 1804 3906 situs
1836 3855 2000 3908 statui
2026 3856 2169 3911 haud
2205 3873 2328 3928 pos-

763 3948 931 4005 sunt;
959 3939 1016 3993 in
1049 3956 1158 3995 uno
1183 3956 1312 3995 vero
1335 3943 1635 4011 eodemque
1664 3950 1776 3996 tum
1802 3944 1998 4001 raritas
2018 3955 2132 4000 tum
2165 3949 2328 4006 statio

761 4032 1130 4098 reperiuntur.
1145 4030 1615 4096 Quemadmodum
1630 4047 1758 4087 vero
1782 4048 1973 4088 omnes
1985 4045 2167 4104 partes
2194 4053 2324 4106 pro-

760 4120 937 4189 priam
965 4132 1195 4190 possunt
1236 4121 1436 4176 habere
1481 4123 1714 4193 ﬁguram
1737 4133 1933 4193 prater
1973 4139 2115 4192 eant,
2157 4143 2324 4197 quam

2433 3050 2670 3115 κεῖσθαι,
2701 3053 2837 3107 ἀλλὰ
2865 3056 2960 3108 καὶ
2990 3058 3127 3112 ἄλλα
3156 3060 3389 3131 ἄπειραο
3417 3065 3617 3119 αὐτίκα
3649 3069 3783 3136 γοῦν
3811 3072 3873 3124 τὸ
3907 3089 4010 3143 μα-

2432 3141 2524 3194 νὸν
2558 3143 2652 3195 καὶ
2681 3144 2887 3200 πυκνὸν
2924 3149 3016 3201 καὶ
3041 3147 3110 3202 τὰ
3138 3151 3303 3221 ὅμοια
3335 3156 3550 3208 κεῖσθαι
3580 3157 3850 3228 λεγόμενα
3881 3141 4008 3216 οὒτε

2434 3231 2686 3287 ἵστασθαι
2713 3233 2983 3304 λέγονται,
3013 3238 3141 3292 οὔτε
3169 3244 3561 3300 ἁνακεκλίσθαι
3587 3249 3620 3319 ἢ
3648 3250 4007 3316 καθέζεσθαιο

2431 3323 2516 3388 εἴη
2559 3324 2607 3377 δ’
2647 3325 2714 3380 ἂν
2760 3327 2936 3384 ταῦτα
2965 3331 3059 3384 ὑπ’
3085 3335 3264 3387 ἐκεῖνο
3299 3336 3394 3389 τοῦ
3427 3340 3664 3406 κεῖσθαι,
3698 3342 3728 3396 δ
3756 3345 3859 3415 τὴν
3898 3347 4008 3400 τῶν

2433 3414 2616 3504 μερῶν
2659 3416 2823 3484 μόνον
2869 3420 3003 3490 πρὸς
3044 3422 3286 3496 ἄλληλα,
3317 3427 3435 3481 ἀλλ’
3461 3431 3580 3502 οὐχὶ
3613 3432 3714 3504 τὴν
3745 3414 3843 3489 eos
3885 3439 4010 3491 δλω

2431 3503 2580 3557 θέσιν
2609 3507 2933 3577 ὑποφαίνειο
2979 3514 3062 3567 ὄτι
3099 3515 3156 3569 δὲ
3185 3518 3217 3586 ἡ
3251 3519 3490 3587 μάνωσις
3517 3526 3608 3576 καὶ
3724 3526 4007 3594 πύκνωσις

2430 3596 2525 3649 καὶ
2556 3597 2624 3651 τὰ
2652 3599 2815 3669 ὃμοια
2839 3603 2940 3658 οὐκ
2981 3607 3088 3660 elo).
3112 3607 3209 3661 τοῦ
3239 3609 3362 3663 ὅλου
3398 3611 3599 3678 θέσεις,
3626 3616 3786 3687 δῆλον
3815 3622 3882 3673 ὲκ
3908 3621 4006 3674 τοῦ

2432 3688 2510 3757 μὴ
2537 3688 2846 3760 ἐνδέχεσθαι
2888 3693 2982 3749 δύο
3016 3697 3194 3762 θέσεις
3238 3697 3382 3756 εἶναι
3415 3706 3511 3757 τοῦ
3555 3707 3723 3760 αὐτοῦ
3762 3713 3859 3764 καὶ
3890 3714 4005 3776 ἑνὸς

2429 3780 2576 3846 ὅλου,
2629 3785 2981 3854 εὑρίσκεσθαι
3028 3791 3086 3844 δὲ
3129 3793 3189 3844 ὲν
3237 3794 3318 3846 ἑνὶ
3346 3799 3441 3850 καὶ
3480 3797 3558 3869 τῷ
3605 3802 3757 3872 αύτῷ
3807 3807 3912 3875 τήν
3947 3823 4006 3857 τε

2433 3872 2677 3940 μάνωσιν
2706 3876 2886 3930 καὶτὸ
2920 3879 3172 3939 ἑστάναι·
3207 3883 3399 3956 ὥσπερ
3421 3887 3479 3942 δὲ
3502 3891 3781 3962 ἐνδέχεται
3825 3872 4003 3950 ττάντα

2429 3962 2500 4013 τὰ
2529 3963 2668 4034 μέρη
2705 3965 2851 4034 ἔχειν
2880 3969 3012 4023 ἴδιον
3044 3973 3229 4044 σχῆμα
3261 3982 3412 4048 παρὰ
3442 3981 3505 4034 τὸ
3535 3983 3634 4036 τοῦ
3664 3985 3810 4047 ὅλου,
3829 3988 4000 4051 οὕτως

2428 4053 2708 4149 ἐνδέχεται
2739 4056 2884 4149 ἔχειν
2931 4062 3070 4116 αὐτὰ
3113 4066 3211 4118 καὶ
3243 4066 3380 4122 ἰδίαν
3412 4071 3561 4125 θέσιν
3589 4079 3739 4144 παρά
3772 4080 3873 4149 τὴν
3905 4081 3998 4134 τοῦ

2429 4140 2589 4235 ὅλου·
2618 4144 2726 4235 τῶν
2754 4147 2810 4198 δὲ
2847 4150 3120 4220 κειμένων
3146 4155 3215 4208 τὰ
3269 4157 3369 4226 μὲν
3412 4161 3573 4229 φύσει
3609 4140 3737 4235 ἔαξε
3889 4173 3997 4221 κεί-

762 4211 924 4265 habet
953 4219 1148 4278 totum,
1193 4211 1266 4266 ita
1299 4211 1501 4268 eadem
1536 4223 1590 4268 et
1617 4214 1897 4283 proprium
1936 4216 2101 4271 situm
2126 4217 2328 4275 habere

2432 4231 2577 4329 σθαι,
2606 4233 2682 4329 ὼς
2709 4236 2769 4289 τὸ
2796 4211 2964 4307 μανὸν
2994 4245 3090 4296 καὶ
3118 4244 3181 4298 τὸ
3221 4211 3998 4329 πῦκνάνίτᾶ-δξῖτροξῇρῖξξι

761 4315 1013 4373 possunt,
1045 4316 1242 4375 praeter
1295 4323 1419 4362 eum
1471 4323 1633 4378 quem
1661 4308 1823 4364 habet
1869 4320 2061 4368 totum.
2119 4314 2322 4371 Herum

2434 4322 2510 4419 ως
2537 4326 2600 4419 τδ
2625 4327 2716 4419 τὸν
2748 4329 3033 4402 ἄνθρωπον
3061 4338 3394 4404 καθέζεσθαι
3412 4359 3427 4374 ο
3451 4344 3594 4399 τάδι
3617 4308 3779 4419 τέχύη

759 4411 889 4450 vero
930 4409 1052 4466 qua:
1093 4399 1259 4453 situm
1285 4397 1504 4462 habent,
1541 4399 1647 4453 alia
1697 4409 1892 4456 natura
1920 4405 2170 4460 eumdem
2204 4422 2330 4462 sor-

2563 4397 2867 4488 dvbptdwa'
2896 4422 3154 4481 ζστασθαι
3177 4445 3190 4460 ’
3209 4397 3293 4484 *τὰ
3319 4432 3378 4487 δὲ
3415 4397 3557 4507 τύχη
3621 4397 3994 4502 ’τέζ

761 4487 857 4539 tita
887 4495 1036 4550 sunt,
1083 4487 1246 4542 veluti
1294 4501 1477 4541 rarum
1516 4495 1570 4542 et
1622 4491 1852 4543 densum
1887 4506 1904 4556 ;
1934 4493 2037 4546 alia
2072 4495 2328 4563 arbitrio,

2432 4504 2574 4560 λίθον
2600 4487 2834 4565 πεσόντα
2862 4513 2959 4568 ὡδὶ
2985 4519 3220 4576 κεῖσθαι.

758 4589 957 4694 2.13m
984 4575 1256 4694 hominem
1287 4577 1512 4679 sedere;
1547 4578 1654 4633 alia
1689 4587 1826 4646 arte,
1854 4595 1906 4636 e.
1950 4592 2332 4653 gr.;statuam
2359 4602 2517 4652 astare
2543 4615 2560 4666 ;
2584 4601 2690 4656 alia
2718 4603 2939 4662 fortuna
2966 4623 3064 4663 seu
3093 4624 3246 4680 easu,
3288 4629 3340 4670 e.
3409 4632 3516 4687 gn,
3554 4620 3721 4676 talem
3758 4622 3989 4694 lapidem

757 4666 1037 4734 delapsum
1067 4666 1170 4721 hac
1201 4667 1410 4722 ratione
1430 4669 1634 4737 jacere.

827 4755 883 4809 2.
915 4753 1201 4825 Proprium
1243 4773 1372 4813 vero
1406 4769 1488 4814 est
1523 4761 1662 4831 ejus,
1716 4763 1863 4830 quod
1889 4764 2055 4820 situm
2085 4776 2195 4835 est,
2225 4771 2322 4826 de-

2458 4867 2463 4868 ,
2493 4776 2568 4846 β’.
2615 4780 2770 4834 Ἔστι
2798 4781 2855 4836 δὲ
2888 4784 3018 4840 ῐδιον
3042 4787 3136 4841 τοῦ
3166 4791 3386 4845 κεῖσθαι
3409 4808 3474 4848 το
3503 4797 3858 4868 παρωνύμως
3886 4802 3992 4854 ἀπὸ

2418 4867 2518 4965 τῆς
2540 4870 2754 4965 ,θέσεως
2781 4874 3037 4965 λέγεσθαι
3058 4895 3072 4910 ο
3099 4880 3209 4934 ἀπό
3247 4899 3309 4937 τε
3349 4887 3464 4956 γὰρ
3499 4889 3602 4958 τῆς
3625 4892 3900 4965 καθέδρας
3936 4893 3992 4945 τὸ

2421 4957 2748 5023 καθέζεσθαι
2782 4963 3000 5034 λέγεται
3025 5008 3040 5034 ,
3071 4972 3164 5024 καὶ
3189 4974 3298 5026 ἀπὸ
3337 4975 3442 5046 τῆς
3478 4957 3723 5045 στάσεως
3749 4957 3815 5036 τδ
3839 4987 3989 5037 ιστα-

757 4845 1092 4901 nominative
1144 4864 1174 4901 a
1228 4849 1338 4904 situ
1394 4851 1520 4919 (seu
1573 4852 1869 4924 positione)
1930 4855 2057 4911 dici.
2107 4858 2155 4913 A
2204 4875 2322 4917 ses-

757 4940 910 4994 sione
937 4938 1084 4992 enim
1111 4940 1310 4995 dicitur
1340 4942 1547 5007 sedere,
1583 4955 1636 4998 et
1682 4961 1711 4999 a
1737 4947 1973 5002 statione
1997 4958 2165 5016 stare,
2201 4962 2253 5006 et
2291 4968 2322 5007 a

756 5030 1115 5086 reclinatioue
1151 5032 1470 5087 reclinatum
1497 5051 1638 5100 esse,
1689 5046 1854 5106 atque
1884 5039 1938 5093 in
1971 5041 2095 5096 aliis
2127 5043 2319 5098 simili-

756 5134 856 5180 ter.
881 5122 1061 5189 Quare
1074 5132 1126 5179 et
1151 5125 1202 5178 in
1222 5125 1420 5194 quibus
1443 5130 1773 5195 positionum
1797 5146 1903 5186 non
1930 5144 2056 5187 sunt
2078 5137 2320 5203 nomina,

754 5233 932 5285 neque
998 5217 1305 5286 specierum
1357 5219 1572 5287 jacendi
1631 5236 1827 5277 nomen
1885 5225 2055 5282 adest.
2101 5227 2315 5284 Etenim

755 5310 884 5363 huic
927 5308 1022 5365 tali
1071 5311 1514 5380 conﬁgurationi,
1544 5314 1692 5367 verbi
1745 5317 1914 5385 gratia
1963 5321 2201 5378 cornicis
2225 5333 2321 5378 aut

754 5395 979 5453 alterius
1007 5397 1330 5466 cujusquam
1356 5397 1471 5452 avis
1504 5400 1712 5453 nullum
1744 5413 1919 5459 exstat
1953 5411 2318 5479 nomen,quia

755 5503 854 5543 nec
885 5488 1011 5543 huic
1056 5490 1147 5544 tali
1180 5490 1439 5559 positioni
1485 5501 1660 5545 exstat
1705 5507 1947 5562 nomen;
1998 5514 2103 5568 qua
2162 5500 2216 5554 in
2260 5516 2319 5557 re

755 5593 857 5632 nec
889 5579 1135 5649 auspices
1158 5581 1314 5634 nobis
1342 5577 1781 5648 refragabuntur.
1822 5583 2022 5641 Dantes
2061 5590 2205 5642 enim
2236 5591 2317 5644 ni-

756 5666 866 5718 mio
923 5668 1102 5722 studio
1157 5669 1344 5739 ﬁguris
1396 5668 1712 5722 animalium
1766 5674 1988 5729 nomina
2042 5679 2126 5733 vel
2154 5681 2318 5736 etiam

754 5757 1082 5823 positionum
1140 5762 1360 5822 nomina
1410 5760 1560 5830 prius
1610 5760 1909 5832 assignant,
1966 5769 2048 5824 vel
2089 5785 2119 5826 a
2159 5773 2315 5830 nobis

2423 5049 2567 5114 σθαι,
2599 5055 2694 5106 καὶ
2714 5054 2827 5109 ἀπὸ
2843 5058 2946 5128 τῆς
2977 5059 3316 5129 ἁνακλίσεως
3346 5067 3408 5119 τὸ
3439 5070 3837 5128 ἀνακεκλισθαι
3858 5093 3874 5108 ν
3900 5075 3990 5129 καὶ

2426 5139 2518 5192 ἐπὶ
2547 5142 2656 5197 τῶν
2691 5145 2867 5201 ἄλλων
2889 5149 3149 5216 ὡσαύτως
3171 5170 3186 5184 ·
3213 5155 3295 5209 διὸ
3327 5158 3424 5212 καὶ
3456 5161 3517 5214 έν
3544 5157 3628 5225 οἷς
3659 5164 3769 5216 τῶν
3796 5165 3989 5220 θέσεων

2429 5234 2504 5303 μή
2541 5235 2688 5290 ἐστιν
2717 5238 2987 5309 ὀνόματα,
3005 5245 3127 5299 οὐδὲ
3153 5247 3262 5303 τῶν
3296 5251 3455 5306 εἱδῶν
3483 5253 3578 5307 τοῦ
3603 5259 3824 5312 κεῖσθαί
3849 5263 3989 5312 ἔστιν

2424 5323 2594 5422 ὄνομα
2613 5343 2628 5357 ο
2664 5329 2759 5382 καὶ
2790 5333 2898 5403 γὰρ
2921 5334 2999 5405 τῷ
3033 5338 3222 5408 τοιῷδε
3254 5346 3625 5418 σχηματισμῷ
3652 5351 3702 5403 sl
3734 5352 3873 5422 τύχη
3899 5352 3988 5415 τῆς

2425 5417 2670 5512 κορώνης
2693 5423 2735 5512 fl)
2765 5424 2931 5478 ἄλλου
2958 5428 3104 5493 τινὸς
3136 5432 3238 5484 οὐκ
3265 5421 3414 5488 ἔστιν
3444 5417 3614 5509 δνομα
3641 5441 3732 5496 διὰ
3765 5417 3986 5512 τδ-μηδὲ

2427 5507 2524 5578 τῆς
2555 5511 2811 5584 τοιαύτης
2843 5515 3045 5582 θέσεως
3071 5519 3243 5593 ὄνομα
3288 5520 3430 5581 εἶναι
3463 5507 3558 5583 καί
3609 5507 3983 5587 οἰωνοσκύπων

2426 5601 2662 5695 ﬁgis—et)
2710 5605 3138 5695 διενεχθήσονται
3196 5617 3419 5681 παῖδες
3470 5620 3706 5686 διδόντες
3761 5626 3873 5695 γὰρ
3924 5629 3980 5676 ἐι

2426 5687 2626 5786 ἶτολλῆς
2660 5692 2969 5786 φιλοτιμίας
2996 5703 3105 5764 τοῖς
3146 5705 3390 5776 σχήμασι
3423 5711 3530 5764 τῶν
3563 5713 3718 5778 ζώων
3749 5687 3978 5786 evoluta

2422 5781 2455 5846 ἢ
2494 5785 2585 5836 καὶ
2615 5785 2723 5839 τῶν
2756 5786 2958 5844 θέσεων
3007 5795 3410 5865 προδεδώκασιν
3439 5805 3473 5874 ἢ
3506 5805 3689 5860 λαϐεῖν
3718 5781 3974 5873 slal'mp'
