4174 6450
104 439 218 502 ωθ

860 443 961 501 ΑΙ)
999 438 1587 500 AMPIIILOCHIUM
1642 436 1985 509 ΟΙΙᾸΞΞΤῙΟ
2010 438 2254 500 CXLVI.
2304 440 2582 500 CXLVII-

3221 444 3327 511 810

106 548 273 619 ὴμῶν
296 545 469 616 ῑνοχοι
494 562 509 578 ο
531 547 668 602 ἀλλά
704 549 831 617 περὶ
866 548 964 617 μὲν
992 546 1199 600 τούτων
1226 548 1286 599 tv
1314 545 1516 608 ἀλλοις.
1535 543 1669 599 Δεύ-
1698 550 1739 603 Α

1698 550 1739 603 Α
1772 544 2011 599 mutuari
2037 554 2323 615 coguntur.
2383 544 2583 601 Verum
2642 546 2709 602 de
2764 547 2847 603 his
2882 547 3031 603 alibi.
3081 551 3328 608 Secunda

101 654 267 708 τερον
292 636 349 690 δι
376 637 508 691 (διον
530 637 623 692 τοῦ
653 638 869 691 κεῖσθαι
912 638 973 691 τὸ
1018 638 1220 708 ὁμοίως
1268 637 1520 706 λέγεσθαι
1549 638 1671 691 κατ’

102 728 272 784 αὐτὼ
300 728 500 798 ὁμοίως
532 728 641 801 γάρ
681 729 954 800 καθῆσθαι
978 728 1211 799 λέγομεν
1244 730 1335 782 καὶ
1378 729 1669 799 ἀνομοίως,

102 820 204 871 καὶ
237 819 623 872 άνακεκλίσθαι
653 820 854 889 ὁμοίως
883 821 977 871 καὶ
1008 819 1300 889 ἀνομοίως.
1325 820 1517 887 Τρίτον
1541 820 1671 873 [διον

100 907 169 961 τὸ
221 907 290 959 τά
340 907 653 975 ἀναγόμενα
711 906 803 959 ὑπ’
846 906 1015 978 αὐτὴν
1059 908 1134 979 μὴ
1184 908 1324 963 κατά
1368 908 1462 963 τὸν
1508 908 1673 963 αὑτὸν

99 995 403 1063 ἀνάγεσθαι
452 998 686 1066 τρόπον’
738 997 799 1050 τὸ
838 997 937 1066 μὶν
977 998 1090 1070 γάρ
1133 1000 1402 1070 καθῆσθαι
1436 992 1670 1073 πρώτως

100 1088 368 1155 ἀνάγεται
398 1087 503 1140 ὑπὸ
530 1087 591 1141 τὸ
618 1087 834 1143 κεῖσθαι
888 1089 982 1142 καὶ
1021 1089 1137 1145 ἔστι
1172 1091 1379 1163 κυρίως
1418 1094 1667 1147 κείσθαι’

99 1177 166 1229 τὸ
210 1177 268 1229 δὲ
313 1177 675 1246 καθεζόμενον
714 1180 819 1233 ὑπὸ
860 1181 920 1235 τὸ
967 1183 1180 1236 κεῖσθαι
1228 1182 1445 1251 λέγεται
1473 1185 1671 1253 ἀνάγε-

100 1266 255 1331 σθαι,
302 1267 384 1320 ὅτι
413 1268 515 1321 ὑπὸ
541 1269 603 1322 τὺ
633 1269 884 1339 κείμενον
927 1272 1189 1341 ἀνάγεται
1234 1271 1489 1344 πρώτως,
1535 1274 1669 1344 ὅπερ

98 1358 224 1410 ἐστὶ
276 1358 558 1427 σύστοιχον
603 1359 684 1430 τῷ
748 1362 995 1415 κεῖσθαι·
1036 1362 1299 1426 ὡσαύτως
1344 1364 1400 1417 δὲ
1455 1365 1555 1419 καὶ
1609 1364 1671 1418 τὸ

100 1447 396 1516 ἱστάμενον
423 1450 518 1501 καὶ
546 1449 607 1501 τὸ
634 1450 1064 1520 ἀνακεκλιμένον
1105 1452 1210 1504 ὑπὸ
1242 1452 1303 1505 τὸ
1334 1453 1547 1507 κεῖσθαι
1584 1453 1671 1508 λέ-

97 1556 295 1608 γονται
341 1539 681 1612 ἀνάγεσθαι,
727 1542 810 1596 ὅτι
864 1543 973 1596 ὑπὸ
1037 1542 1098 1596 τὸ
1160 1542 1444 1615 σύστοιχον
1504 1545 1667 1599 αὐτοῦ

100 1629 338 1703 πρώτως
394 1633 716 1700 ἀνάγονταιο
778 1636 874 1689 καὶ
926 1634 1087 1707 δῆλον
1139 1636 1457 1703 κάντεῦθεν,
1504 1639 1533 1692 ὃ
1577 1639 1670 1694 καὶ

99 1724 452 1795 προείρηται,
493 1727 574 1779 ὅτι
622 1726 680 1779 αἱ
708 1726 1030 1798 κατηγορίαι
1075 1728 1136 1782 οὐ
1164 1729 1381 1794 πάντως
1430 1747 1669 1801 κατηγο-

1774 635 2079 705 proprietas
2108 652 2122 689 :
2152 637 2405 693 similiter
2449 637 2554 691 dici
2588 651 2653 693 ac
2688 637 3055 695 dissimiliter.
3086 639 3331 699 Dicimus

1771 726 1917 782 enim
1949 727 2196 782 similiter
2216 728 2401 783 sedere
2421 744 2485 784 ac
2512 728 2875 792 dissimiliter,
2904 738 2959 785 et
2983 729 3330 790 discumbere

1773 818 2025 874 similiter
2095 830 2259 891 atque
2325 821 2684 877 dissimiliter.
2765 819 2945 876 Tertia
3002 823 3328 891 pr0prietas,

1772 911 1915 981 quod
1948 926 2071 981 quae
2120 911 2190 967 ad
2236 912 2380 967 istud
2435 913 2912 982 predicamentum
2971 916 3331 980 reducuntur,

1772 1016 1880 1056 non
1971 1000 2158 1055 eodem
2232 1002 2569 1058 reducuntur
2643 1003 2826 1060 modo.
2910 1002 3110 1061 Sedere
3183 1006 3328 1059 enim

1770 1094 1945 1165 primo
1983 1093 2261 1149 reducitur
2294 1092 2362 1148 ad
2393 1092 2561 1148 situm
2612 1108 2734 1150 esse
2763 1104 2952 1165 estque
2999 1096 3215 1166 proprie
3245 1096 3329 1166 ja-

1770 1200 1913 1249 cere,
1939 1200 2032 1241 seu
2058 1184 2221 1239 situm
2244 1199 2362 1239 esse
2388 1184 2615 1244 :sedens
2642 1200 2770 1240 vero
2820 1185 2886 1239 ad
2916 1184 3099 1255 jacere
3129 1185 3330 1240 dicitur

1770 1277 1978 1341 reduci,
2017 1276 2147 1345 quia
2201 1275 2454 1347 adjacens
2508 1275 2683 1345 primo
2727 1275 3029 1341 reducitur,
3074 1277 3219 1348 quod
3276 1278 3329 1331 in

1770 1368 1960 1424 eadem
1990 1378 2073 1423 est
2100 1368 2264 1433 serie,
2286 1382 2393 1437 qua
2422 1374 2475 1423 et
2498 1367 2721 1436 jacere;
2774 1368 2846 1421 ita
2874 1379 2926 1423 et
2954 1379 3104 1425 stans
3134 1378 3187 1423 et
3217 1370 3330 1425 dis-

1773 1460 2036 1515 cumhens
2067 1459 2133 1513 ad
2158 1460 2339 1528 jacere
2378 1459 2635 1513 dicuntur
2667 1457 2872 1521 reduci,
2910 1460 3038 1527 quia
3073 1461 3139 1513 ad
3175 1459 3330 1513 aﬁine

1770 1552 1892 1622 ejus
1922 1551 2100 1620 primo
2130 1550 2498 1615 reducuntur;
2559 1556 2723 1617 atque
2774 1546 2900 1601 hinc
2943 1549 3106 1601 etiam
3154 1547 3327 1601 mani-

1774 1640 1971 1696 festum
2025 1641 2103 1706 ﬁt,
2156 1642 2295 1711 quod
2353 1648 2408 1695 et
2468 1646 2628 1693 antea
2660 1638 2866 1693 dictum
2900 1636 3026 1702 fuit,
3060 1638 3324 1707 praedica-

1771 1743 1955 1788 menta
2004 1748 2111 1787 non
2158 1732 2382 1787 omnino
2428 1730 2709 1802 pradicari
2763 1740 2817 1785 ut
2873 1743 3093 1799 genera.
3125 1726 3329 1793 Quarta

100 1811 323 1883 ροῦνται
368 1813 443 1876 ὡς
471 1817 540 1920 τά
569 1814 725 1886 γένη.
758 1814 1029 1887 Τέταρτον
1083 1816 1214 1871 ῐδιον
1242 1816 1337 1892 τοῦ
1364 1820 1581 1872 κεῖσθαι
1607 1821 1669 1873 τὸ
1704 1866 1744 1920 Β

1704 1866 1744 1920 Β
1773 1825 2102 1895 praprietas,
2160 1826 2337 1895 ipsum
2368 1838 2488 1880 esse
2516 1823 2766 1880 eﬂcctum
2797 1823 2959 1911 situs,
2990 1829 3042 1876 et
3071 1820 3189 1890 ejus
3238 1835 3333 1873 cu-

102 1904 457 1975 ἀποτὲλεσμα
486 1901 626 1959 εἶναι
662 1907 795 1959 αὐτὸ
823 1907 921 1977 τῆς
962 1907 1162 1971 θέσεως
1214 1911 1310 1962 καὶ
1352 1904 1413 1964 οὗ
1455 1913 1601 1965 ἐστιν
1634 1914 1665 1982 ἡ
1706 1899 1744 1920 ’³

1706 1899 1744 1920 υ
1767 1919 1860 1989 jus
1893 1920 2033 1975 situs
2060 1927 2185 1984 est;
2214 1917 2357 1989 quod
2406 1917 2572 1972 etiam
2624 1930 2750 1970 vere
2808 1899 2975 1969 fuerit
3011 1911 3330 1984 proprium;

98 1994 255 2058 θέσις
274 2012 288 2026 ο
327 1997 421 2049 καὶ
449 1998 535 2066 εἴη
562 1998 628 2051 ἂν
659 1999 865 2069 κυρίως
896 1998 1026 2052 ἴδιον
1053 2001 1134 2053 ὅτι
1164 2001 1259 2053 καὶ
1286 2003 1664 2073 ἀντιστρέφειο

96 2088 242 2158 ὅπερ
269 2087 375 2160 γάρ
406 2089 523 2142 ἐστι
558 2091 805 2155 κεῖσθαι,
856 2093 965 2146 ἀπό
1009 2109 1070 2146 τε
1114 2094 1216 2164 τῆς
1255 2094 1454 2159 θέσεως
1485 2093 1668 2153 καὶοῦ

98 2175 251 2232 ἔστιν
293 2182 326 2249 ἡ
369 2179 517 2244 θέσις
565 2182 933 2254 ἀπετελέσθη·
988 2186 1082 2238 καὶ
1130 2186 1267 2257 ὅπερ
1301 2188 1419 2241 ἐστὶ
1472 2190 1665 2254 ταῦτα,

100 2269 316 2323 κεῖσθαι
346 2273 482 2325 ἔστι.
509 2274 619 2325 Καὶ
646 2274 774 2343 περὶ
803 2275 902 2343 μὲν
928 2277 1024 2346 τῆς
1054 2277 1255 2342 θέσεως
1280 2278 1453 2332 ταῦτα
1474 2297 1489 2311 ·
1519 2282 1589 2335 τά
1612 2280 1668 2333 δὲ

102 2360 248 2412 κατά
281 2360 558 2427 ἀπόφασιν
605 2360 711 2413 ἴδια
760 2362 987 2415 πλεῖστά
1017 2380 1080 2432 γε
1114 2364 1244 2417 ὄντα
1290 2366 1385 2418 καὶ
1431 2366 1531 2419 οὐκ
1578 2366 1673 2419 ἐπὶ

104 2449 244 2503 πολὺ
275 2451 519 2520 χρήσιμα
549 2494 564 2529 ,
600 2451 775 2513 άλλως
807 2468 867 2505 τε
892 2451 952 2507 δὲ
984 2456 1078 2508 καὶ
1113 2455 1413 2526 εὐπόριστα
1440 2457 1669 2511 κάνθάδε

104 2540 541 2612 παραλελειφθω.

623 2675 960 2729 ΕΡΩΤΗΣΙΣ
992 2677 1167 2731 PMZ’.

651 2788 791 2843 Περὶ
818 2787 925 2843 τοῦ
958 2790 1121 2844 ποτέ.

1774 2030 1903 2070 nam
1935 2022 1991 2070 et
2028 2014 2381 2070 convertitur.
2414 2010 2570 2078 Quod
2595 2009 2738 2065 enim
2756 2018 2837 2064 est
2848 2008 3053 2077 jacere,
3082 2014 3134 2060 et
3162 2020 3191 2058 a
3224 2003 3328 2058 situ

1767 2117 1825 2161 et
1847 2104 2025 2169 abeo,
2083 2103 2241 2172 cujus
2287 2110 2370 2157 est
2406 2101 2566 2163 situs,
2619 2098 2870 2154 eﬁ‘ectum
2924 2106 3030 2159 est,
3079 2105 3134 2149 et
3183 2093 3328 2162 quod

1770 2197 1885 2252 inec
1921 2195 2100 2261 habet,
2121 2196 2303 2266 jacere
2335 2203 2442 2250 est.
2490 2192 2669 2262 Atque
2703 2193 2815 2245 haec
2847 2190 2912 2244 de
2940 2189 3069 2243 situ.
3102 2184 3327 2254 Propria

1770 2298 1952 2343 autem
2008 2285 2277 2355 negativa,
2337 2300 2461 2339 cum
2527 2281 2772 2353 plurimae
2829 2280 2938 2333 sint
2999 2292 3098 2331 nec
3149 2274 3332 2327 multa:

1770 2378 2043 2445 utilitatis,
2073 2385 2129 2432 et
2158 2376 2494 2445 ceteroquin
2527 2372 2687 2430 facile
2724 2371 2901 2441 colligi
2952 2377 3174 2439 queant,
3226 2365 3331 2418 hoc

1766 2467 1929 2520 etiam
1960 2464 2083 2519 loco
2110 2462 2433 2517 omittimus.

1944 2678 2271 2748 QUESTIO
2307 2676 2541 2735 cxcvu
2579 2674 2770 2749 [CoisL
2802 2669 3124 2742 CLXXXII].

1978 2794 2054 2849 De
2086 2795 2294 2848 auaudo
2319 2809 2407 2847 seu
2456 2793 2520 2846 de
2548 2791 2827 2847 catworia.
2845 2790 3111 2857 temporis.

1140 2943 1282 2994 Nunc
1305 2945 1514 3008 primum
1537 2949 1664 2999 edita
1690 2966 1719 3000 a
1744 2952 1799 3001 D.
1833 2950 2256 3013 Hergenroether.

173 3072 325 3127 Ποτὲ
355 3072 415 3127 δέ
447 3072 565 3126 ἔστι
595 3072 657 3126 τὸ
683 3074 741 3125 tv
771 3073 949 3143 χρόνῳ
997 3068 1157 3129 εἶναι.
1202 3074 1333 3145 Εῑδη
1384 3074 1443 3128 δὲ
1500 3076 1664 3131 αὐτοῦ

100 3166 338 3220 τοσαῦτα
358 3206 374 3232 ,
408 3165 508 3219 ὅσα
540 3163 858 3219 ὑποτίθεταί
905 3182 987 3228 τις
1016 3160 1158 3219 εἶναι
1188 3167 1281 3219 καὶ⁵
1310 3168 1403 3220 τοῦ
1436 3168 1626 3238 χρόνου
1650 3184 1664 3199 ·

1844 3079 2068 3146 Quando
2102 3088 2187 3133 est
2210 3078 2261 3132 in
2299 3086 2540 3147 tempore
2569 3090 2712 3131 esse.
2757 3071 2979 3143 Species
3010 3083 3173 3139 porro
3212 3068 3332 3136 eius

1776 3179 1855 3225 tot
1869 3179 2014 3234 sunt,
2039 3179 2172 3240 quot
2187 3169 2308 3239 quis
2324 3169 2580 3238 supponit
2597 3176 2650 3221 et
2674 3164 2933 3235 temporis
2953 3177 3074 3218 esse
3098 3160 3329 3229 species.

102 3260 151 3309 εἰ
182 3257 280 3327 μὲν
322 3257 432 3328 γάρ
472 3256 799 3328 συναριθμεϊ
820 3274 903 3320 τις
931 3258 1022 3310 καὶ
1045 3257 1105 3311 τὸ
1132 3256 1249 3322 νῦν,
1274 3258 1393 3312 ἔστι
1420 3260 1548 3331 τρία
1570 3276 1585 3291 ’
1616 3261 1666 3313 εἰ
1697 3256 1738 3284 ν

1697 3256 1738 3284 ’³
1776 3260 1831 3315 Si
1881 3263 2005 3332 quis
2060 3262 2205 3317 enim
2232 3270 2288 3316 et
2312 3275 2551 3331 presens
2589 3265 2924 3312 momentum
2952 3258 3327 3315 conuumeret,

102 3349 158 3401 δὲ
182 3351 280 3419 μὴ,
310 3350 446 3420 ὅπερ
482 3351 577 3404 καὶ
605 3348 938 3419 ἀληθὲς,δύο
958 3366 972 3379 ’
1004 3350 1065 3403 τό
1088 3367 1147 3403 τε
1179 3353 1237 3403 tv
1272 3351 1666 3421 παρεληλυθότι

103 3436 246 3492 εἶναι
272 3442 371 3493 καὶ
398 3442 457 3492 tv
508 3438 780 3510 μέλλοντι.
809 3439 931 3492 Ἔτι
966 3442 1026 3493 τὸ
1054 3442 1112 3492 tv
1134 3440 1310 3511 χρόνῳ
1338 3435 1477 3495 εἶναι
1513 3442 1667 3510 λεγό-

106 3546 265 3597 μενον
292 3529 323 3601 ἢ
348 3533 404 3583 tv
440 3530 643 3601 πρώτῳ
673 3524 814 3583 εἶναι
860 3529 1081 3599 λέγεται
1111 3532 1143 3602 ἢ
1172 3533 1228 3583 tv
1256 3532 1493 3603 δευτέρῳ
1515 3550 1528 3564 ο
1573 3537 1667 3588 καὶ

100 3626 157 3676 tv
186 3624 406 3696 πρώτῳ,
433 3625 561 3679 ὅταν
585 3627 613 3679 ό
642 3626 832 3696 χρόνος
861 3626 935 3696 μή
962 3628 1078 3680 εστι
1116 3626 1317 3697 μείζων
1348 3628 1487 3697 μήτε
1513 3628 1668 3681 ιλάτ-

101 3731 210 3767 των
234 3716 330 3786 τῆς
359 3719 625 3787 κινήσεως
665 3715 761 3769 τοῦ
791 3716 1086 3786 λεγομένου
1115 3719 1175 3770 tv
1199 3717 1349 3787 αὑτῷ
1391 3714 1532 3773 εἶναι
1553 3734 1567 3748 ’
1608 3721 1666 3773 tv

99 3807 338 3878 δευτέρῳ
378 3808 455 3875 δὲ,
505 3810 634 3862 ὅταν
763 3807 964 3877 μείζων
1005 3809 1101 3863 καὶ
1147 3808 1665 3880 ὐπερεκτιινόμενος

100 3898 199 3966 τῆς
250 3898 545 3969 κινήσεως·
598 3899 733 3951 καθό
776 3916 957 3969 φαμεν
1001 3900 1051 3954 ει
1103 3898 1258 3970 τύχοι
1315 3902 1373 3955 tv
1418 3904 1485 3973 τῇ
1539 3902 1666 3971 χθὲς

101 3991 285 4063 ἡμέρᾳ
311 3992 459 4047 τόνδε
488 3992 872 4064 γεγεννῆσθαι,
892 3993 966 4064 μὴ
991 3992 1120 4063 ὅλης
1152 3992 1253 4062 τῆς
1285 3992 1414 4063 χθὲς
1447 3995 1664 4066 ἡμέρας

103 4077 512 4148 παραταθείσης
564 4082 630 4151 τῇ
676 4082 929 4151 γεννήσει
976 4079 1185 4147 αὑτοῦ,
1241 4081 1378 4136 ἀλλά
1435 4082 1665 4154 βραχέος

104 4170 203 4235 μέν
252 4185 393 4233 τινος
434 4170 800 4241 διαστήματος
846 4172 983 4243 αὐτῇ
1018 4172 1528 4243 ωμμετρηθὲντος,
1567 4175 1662 4229 τοῦ

98 4258 154 4311 δὲ
177 4258 339 4315 ἀλλου
375 4260 568 4332 χρόνου
603 4262 1020 4333 ὑπερταθέντος.
1043 4263 1165 4317 Ἔτι
1192 4264 1287 4317 τοῦ
1319 4265 1450 4318 ποτὲ
1475 4269 1536 4318 τὸ
1565 4268 1664 4336 μέν

100 4350 247 4405 ἔστιν
289 4353 616 4424 ὡρισμένον,
663 4355 725 4407 τὸ
773 4355 828 4408 δὲ
868 4354 929 4407 οὔ
955 4369 969 4384 ⁸
1003 4354 1305 4427 ὡρισμένον
1336 4356 1456 4426 μὲν,
1484 4357 1558 4419 ὡς
1598 4358 1662 4410 τὸ

100 4440 245 4510 χθὲς,
280 4444 539 4513 σήμερον,
577 4443 787 4514 αὔριον,
810 4445 1028 4515 πέρυσι,
1061 4447 1156 4498 καὶ
1179 4445 1246 4500 τὰ
1272 4446 1432 4515 ὃμοια
1453 4462 1465 4474 ·
1508 4447 1663 4517 ἀόρι-

1768 3364 1929 3407 erunt
1958 3361 2065 3407 tres
2098 3370 2113 3417 ;
2145 3354 2227 3407 sin
2255 3362 2459 3415 autem,
2488 3349 2632 3420 quod
2668 3358 2720 3403 et
2750 3362 2957 3412 verum,
2992 3344 3114 3399 dua:
3142 3361 3155 3397 :
3190 3357 3327 3411 pra:-

1768 3445 1987 3500 teritum
2032 3454 2086 3499 ct
2125 3444 2386 3499 futurum.
2459 3443 2588 3495 Item
2634 3440 2773 3509 quod
2822 3439 2874 3492 iu
2915 3447 3159 3506 tempore
3207 3448 3330 3489 esse

1766 3538 1989 3598 dicitur,
2022 3546 2115 3590 aut
2144 3538 2197 3589 in
2225 3534 2401 3605 primo
2429 3545 2525 3587 aut
2566 3532 2621 3585 iu
2654 3530 2899 3585 secundo
2930 3542 3055 3583 esse
3086 3527 3325 3591 dicitur;

1768 3630 1822 3682 in
1857 3629 2055 3696 primo,
2090 3627 2309 3695 quando
2342 3636 2560 3693 tempus
2615 3637 2717 3678 nec
2775 3622 2954 3691 majus
2979 3629 3065 3676 est
3092 3635 3191 3674 nec
3219 3620 3326 3673 mi-

1766 3738 1872 3776 nus
1906 3729 2049 3775 motu
2076 3720 2216 3790 ejus,
2246 3718 2389 3789 quod
2420 3717 2624 3772 dicitur
2654 3716 2706 3768 iu
2736 3714 3013 3779 illoesse;
3053 3714 3107 3765 in
3130 3726 3329 3765 secun-

1765 3810 1858 3875 do,
1892 3809 2111 3879 quando
2156 3808 2332 3877 majus
2382 3807 2453 3861 sit
2493 3804 2777 3876 magisque
2800 3811 3108 3865 extensum,
3161 3814 3326 3869 quam

1767 3907 1967 3953 motus.
2001 3897 2121 3963 Quo
2155 3912 2318 3952 sensu
2367 3894 2623 3955 dicimus,
2686 3908 2736 3947 e.
2798 3907 2904 3963 gr.,
2937 3890 3197 3945 hesterno
3238 3888 3328 3943 die

1767 3990 1913 4044 hunc
1961 3987 2239 4043 hominem
2299 3995 2484 4040 natum
2532 3999 2675 4049 esse,
2723 3998 2845 4036 cum
2890 3995 2997 4034 non
3044 3988 3188 4034 totus
3212 3980 3329 4034 dies

1765 4091 2088 4138 coextensus
2146 4079 2309 4134 fuerit
2363 4079 2483 4147 ejus
2537 4075 2829 4139 nativitati,
2868 4073 2961 4128 sed
2999 4072 3161 4127 breve
3199 4086 3329 4139 spa-

1766 4173 1901 4226 tium
1932 4170 2007 4223 illi
2062 4182 2434 4223 coinmensum
2462 4168 2552 4232 sit,
2619 4164 2889 4233 reliquum
2949 4174 3080 4215 vero
3117 4171 3330 4228 tempus

1765 4270 2238 4333 supereatensum.
2268 4259 2491 4328 Insuper
2511 4255 2730 4328 quando
2752 4254 2896 4308 aliud
2914 4262 2998 4308 est
3017 4253 3323 4315 deﬁnitum,

1765 4354 1911 4409 aliud
1938 4368 2065 4407 vero
2104 4368 2247 4406 non:
2278 4351 2581 4413 deﬁnitum,
2642 4359 2702 4403 ut
2736 4346 2871 4413 heri,
2936 4344 3117 4406 hodie,
3178 4357 3322 4407 cras,

1766 4461 1909 4500 anno
1928 4445 2291 4514 superiori,et
2318 4444 2401 4496 his
2430 4441 2661 4504 similia;
2694 4440 3056 4501 indeﬁnitum,
3090 4448 3146 4491 ut
3169 4435 3322 4503 olim,

102 4547 225 4585 στον
270 4533 326 4587 δὲ
365 4535 440 4598 ὡς
468 4536 528 4587 τὸ
557 4535 1093 4605 πάλαι,⁷πρόπαλαι,
1130 4536 1283 4606 ἀρτι,
1321 4536 1460 4606 μετά
1492 4537 1620 4591 τάδε
1642 4556 1654 4567 ·
1686 4552 1738 4612 1)

1686 4534 2105 4612 Djainprideiu,
2148 4546 2338 4600 nuper,
2386 4528 2752 4599 postmodum.
2810 4525 3068 4597 Spectant
3100 4526 3228 4579 item
3255 4526 3322 4580 ad

99 4632 180 4700 εἴη
215 4630 259 4683 δ’
290 4629 356 4683 ἂν
387 4630 478 4682 καὶ
503 4628 675 4682 ταῦτα
712 4628 805 4682 τοῦ
836 4628 986 4692 ποτε,
1010 4629 1157 4697 λέγω
1179 4628 1243 4699 δὴ
1275 4628 1335 4681 τὸ
1362 4629 1451 4683 ὅτε
1483 4630 1576 4683 καὶ
1600 4632 1663 4683 τδ

99 4720 216 4776 τότε
240 4721 345 4773 καὶ
377 4722 437 4774 τὸ
459 4722 723 4793 πρότερον
753 4721 847 4774 καὶ
872 4720 1116 4791 ὕστερον,
1162 4721 1257 4775 καὶ
1291 4720 1408 4791 ἅμα
1436 4722 1529 4775 καὶ
1557 4721 1659 4792 ήδη

101 4814 191 4865 καὶ
221 4812 391 4882 βραδὺ
438 4814 532 4867 καὶ
564 4810 725 4881 ταχύ.
771 4811 983 4866 Ειδέναι
1020 4811 1076 4865 δὲ
1108 4810 1215 4882 χρὴ
1239 4851 1256 4876 ,
1298 4811 1379 4864 ὅτι
1410 4812 1473 4865 τὸ
1510 4813 1656 4882 χθὲς,

104 4903 360 4973 σήμερον.
381 4902 590 4973 αὔριον,
613 4902 789 4956 καὶτὰ
811 4902 993 4971 ὃμοια,
1020 4900 1283 4971 όμώνυμά
1299 4902 1433 4955 ἐστι·
1458 4902 1535 4970 πῆ
1559 4902 1658 4973 μὲν

100 4996 203 5064 γὰρ
234 4997 426 5066 χρόνον
454 4994 890 5066 μόνον’σημαίνει
938 4994 1031 5046 καὶ
1082 4993 1230 5044 ἐστιν
1256 4991 1371 5063 εῐδη
1402 4991 1500 5045 τοῦ
1532 4992 1659 5062 χρό-

101 5102 208 5153 νου,
234 5088 313 5158 πῆ
340 5089 397 5142 δι
424 5088 484 5141 τὸ
515 5090 573 5141 tv
613 5086 789 5157 χρόνῳ
828 5082 965 5137 εἶναι
1002 5101 1054 5137 τι
1100 5082 1195 5136 καὶ
1226 5082 1372 5135 ἔστιν
1418 5084 1533 5151 εῐδη
1566 5084 1669 5137 τοῦ¹

101 5180 253 5233 ποτέο
308 5182 403 5233 καὶ
449 5178 639 5249 λέληθε
690 5176 848 5228 τοῦτο
887 5177 981 5227 καὶ
1028 5172 1138 5226 τῶν
1182 5172 1347 5226 πάλαι
1392 5171 1660 5239 δοξάντων

104 5269 461 5341 φιλοσοφῆσαι
485 5270 585 5323 οὐκ
617 5268 850 5335 ὀλίγους.
900 5264 1167 5334 ’Υπάρχει
1196 5262 1253 5316 δὲ
1280 5262 1357 5332 τῷ
1392 5262 1520 5317 ποτὲ
1558 5265 1660 5334 μά-

100 5362 253 5419 λιστα
285 5364 344 5418 τὸ
374 5361 800 5435 προσσημαινειν
832 5358 1057 5428 χρόνον·
1093 5356 1172 5409 ἔτι
1216 5354 1272 5407 δὲ
1323 5355 1450 5411 ῐδιον
1490 5355 1657 5410 αὐτοῦ

102 5456 157 5507 τὸ
185 5456 535 5525 ἀποτέλεσμα
565 5451 706 5506 εἶναι
736 5452 928 5522 χρόνου
958 5447 1186 5504 καὶτῶν
1218 5447 1322 5500 ὑπὸ
1357 5448 1566 5517 χρόνον·
1600 5447 1656 5499 tv

101 5550 162 5616 τῇ
190 5549 327 5615 πρὸς
358 5546 494 5601 ἀλλα
524 5545 543 5615 (
567 5544 677 5613 γάρ
703 5542 907 5596 τούτων
932 5542 948 5611 )
1001 5542 1130 5610 ποιᾷ
1160 5538 1343 5608 σχέσει
1391 5537 1655 5607 λαμϐάνει

101 5637 189 5705 τὴν
212 5636 444 5707 ὕπαρξιν
464 5652 478 5667 ’
512 5635 597 5704 εῐη
627 5634 671 5686 δ’
694 5633 760 5686 ἀν
788 5631 933 5700 αὐτῷ
971 5631 1206 5699 μάλιστα
1236 5627 1393 5680 τοῦτο
1420 5627 1481 5680 τὸ
1506 5628 1653 5681 ῐδιονο

104 5728 245 5797 μόνῳ
276 5744 337 5780 τε
371 5727 480 5798 γὰρ
514 5724 748 5794 ὑπάρχει
776 5722 872 5773 καὶ
913 5718 1445 5787 άντικατηγορείται.
1495 5715 1654 5769 Ἀλλὰ

104 5831 187 5871 και
246 5819 377 5889 περὶ
428 5816 522 5870 τοῦ
572 5810 703 5869 ποτὶ
748 5810 982 5866 τοσαῦτα
1037 5808 1195 5863 τοῦτο
1239 5808 1298 5861 τὸ
1355 5804 1648 5872 κάνταῦθα,

1765 4626 1985 4697 quando
2004 4634 2059 4679 et
2083 4624 2231 4689 haec;
2259 4622 2396 4676 dum
2430 4631 2593 4689 atque
2624 4629 2736 4673 tum
2758 4628 2808 4673 et
2844 4619 3018 4689 prius,
3050 4627 3101 4671 et
3136 4625 3321 4686 poste-

1764 4717 1902 4783 rius,
1925 4725 1981 4772 et
2010 4715 2197 4781 simul,
2227 4723 2281 4769 et
2298 4713 2433 4782 jam,
2460 4725 2511 4765 et
2537 4712 2774 4774 tandem,
2793 4718 2848 4764 et
2868 4710 2993 4764 cito.
3025 4708 3321 4763 Sciendum

1763 4824 1950 4879 porro,
1998 4807 2255 4862 adverbia
2303 4806 2405 4859 ista
2440 4804 2577 4868 heri,
2628 4802 2808 4867 hodie,
2859 4817 2983 4856 cras
3011 4810 3065 4855 et
3094 4800 3320 4865 similia,

1761 4901 2041 4971 aequivoca
2071 4914 2225 4964 esse;
2266 4897 2425 4951 modo
2463 4894 2608 4949 enim
2644 4905 2856 4963 tempus
2883 4893 3059 4948 solum
3112 4892 3321 4961 signiﬁ-

1761 5002 1907 5056 cant,
1936 5001 2175 5061 suntque
2220 4986 2478 5056 temporis
2498 4985 2747 5056 species;
2804 4985 2968 5040 modo
3016 4984 3324 5054 signiﬁcant

1762 5084 1969 5153 aliquid
2018 5096 2140 5137 esse
2176 5082 2227 5133 in
2258 5089 2519 5147 tempore,
2555 5088 2789 5146 suntque
2822 5076 3031 5145 species
3062 5076 3322 5145 praedica-

1762 5176 1929 5232 meuti
1973 5173 2210 5243 quando.
2235 5171 2410 5239 Atque
2436 5169 2539 5223 hoc
2562 5168 2721 5223 latuit
2747 5178 2987 5222 veterum
3015 5182 3122 5221 non
3146 5165 3318 5219 inﬁmi

1762 5268 1997 5324 nominis
2053 5265 2499 5333 philosophorum
2548 5261 2693 5316 haud
2745 5259 2969 5332 paucos.
3006 5259 3101 5313 Est
3129 5265 3314 5311 autem

1762 5360 1887 5414 huic
1918 5357 2330 5427 praedicameuto
2364 5354 2643 5423 proprium
2678 5353 2912 5406 maxime
2937 5348 3317 5419 adsigniﬁcare

1760 5461 2012 5518 tempus;
2079 5447 2205 5498 item
2253 5443 2502 5498 eﬁectum
2568 5459 2688 5497 esse
2744 5442 2999 5510 temporis
3043 5446 3097 5493 et
3120 5452 3311 5492 eorum

1758 5555 1878 5610 qua:
1905 5537 2129 5606 tempori
2160 5535 2414 5590 subsunt.
2451 5535 2673 5605 Hocque
2700 5535 2751 5586 in
2779 5542 2925 5586 certa
2956 5529 3188 5600 quadam
3216 5530 3313 5581 ha-

1758 5630 2002 5686 hitudine
2026 5627 2092 5679 ad
2133 5627 2237 5680 alia
2270 5626 2537 5691 consistit,
2565 5634 2755 5694 estque
2794 5622 2894 5691 ipsi
2927 5621 3159 5674 maxime
3187 5635 3314 5686 pro-

1756 5718 1930 5789 prium
1967 5733 1979 5769 :
2011 5714 2124 5767 Soli
2186 5714 2380 5767 ctenim
2419 5714 2557 5766 inest
2609 5719 2661 5765 et
2727 5720 2914 5762 mutuo
2966 5708 3307 5777 praedicatur.

1762 5809 1956 5866 Verum
1996 5814 2048 5860 et
2080 5806 2144 5859 dc
2190 5805 2395 5873 quando
2448 5804 2559 5858 hanc
2599 5802 2730 5856 satis
2754 5841 2768 5867 ,
2799 5801 3017 5857 omissis
3049 5800 3305 5855 nimirum
