4174 6450
971 370 1072 429 ΑΙ)
1104 368 1697 430 AMPHILOCIIIUM
1733 365 2078 439 QUrESTIO
2110 363 2574 426 CXLVIII—CLI.

114 496 306 545 νὸντων
329 488 388 542 δὲ
415 490 600 558 γραφῇ
628 486 757 550 τοὺς
790 486 1094 556 χρησμοὺς,
1112 486 1212 539 οὐκ
1233 486 1467 555 ἐχόντων
1492 482 1683 551 σοςρίαν
1713 484 1746 539 Α

1822 480 2115 543 cscribero,
2143 492 2380 547 cumque
2409 475 2547 531 alias
2576 472 2850 529 velocitati
2888 470 3165 526 dictorum
3199 485 3360 539 pares

114 587 176 635 si
201 580 669 653 χρησμῳδοὺμενα
703 579 936 650 γράφειν
974 578 1305 641 ἀπταίστωςς
1339 576 1513 638 ἄλλως
1543 592 1602 628 τε
1627 574 1682 627 δὲ

1818 588 1895 628 οη
1929 572 2191 626 haberent
2218 582 2437 633 manus,
2470 567 2598 623 hinc
2628 566 2916 630 accidisse,
2944 573 3003 617 ιιι
3030 564 3202 617 multa
3234 577 3360 615 ora-

116 678 207 727 καὶ
238 672 314 741 τῷ
338 674 491 740 τάχει
523 672 621 740 τῆς
649 672 820 740 φορᾶς
854 670 963 722 τῶν
996 669 1169 738 λόγων
1200 670 1299 721 οὐκ
1333 669 1567 737 ἑχόντων
1590 684 1687 720 κα-

1786 668 1907 723 cula
1943 669 1993 721 in
2033 667 2371 721 choliamhos
2426 663 2795 726 deﬂecterent,
2855 676 2956 715 nec
3014 666 3243 729 possent
3285 656 3367 707 ul-

116 762 596 833 θυπηρετουμένας
633 762 731 825 τὰς
773 763 981 831 χεῖρας,
1014 760 1285 828 συμϐῆναι
1328 759 1555 823 πολλοὺς
1581 757 1690 811 τῶν

1818 761 1963 815 crius
2007 758 2308 815 emendari.
2346 756 2483 823 Quia
2513 756 2771 810 nimirum
2816 768 2940 808 cum
2973 751 3233 806 mulieres
3258 748 3365 800 illa:

117 856 379 927 χρησμῶν
414 857 493 918 εἰς
522 853 867 923 χωλιάμϐους
908 853 1190 907 διαπεσεῖν
1223 854 1318 907 καὶ
1353 852 1550 923 μηκέτι
1588 868 1682 904 τυ-

116 950 229 1016 χεῖν
257 943 615 1016 διορθώσεως.
662 946 791 998 Ἀτε
822 946 888 1016 δὴ
929 944 1039 997 τῶν
1085 944 1186 1013 μὲν
1217 937 1563 1015 χρησμὶρδῶν
1585 959 1686 1009 γυ-

1792 853 2151 906 vaticinantes
2193 851 2247 904 in
2299 847 2730 920 praanuntiandis
2759 844 2960 900 futuris
3009 841 3216 898 mentis
3257 853 3368 892 non

1793 953 2071 1014 computes
2102 952 2307 1007 essent,
2342 950 2634 1011 postquam
2669 936 2998 993 vaticinandi
3037 934 3197 987 linem
3225 930 3372 986 lece-

116 1038 281 1091 ναίων
310 1040 368 1090 ὲν
392 1037 649 1090 ἐκστάσει
673 1035 1032 1089 καθεστώτων
1052 1048 1067 1065 ·
1085 1035 1306 1089 ἐπειδάν
1335 1034 1434 1104 τὴν
1463 1032 1696 1105 ὕπαρξιν

1818 1044 1941 1100 'ant,
1994 1034 2205 1089 nullum
2253 1048 2446 1089 eurum
2478 1048 2601 1101 qua:
2638 1031 2895 1085 dixerant
2924 1041 3152 1085 sensum
3200 1024 3372 1078 habe-

119 1128 492 1198 προηγόρευον
531 1127 639 1179 τῶν
685 1127 1019 1198 μελλόντων’
1086 1125 1454 1197 πεπαυμένων
1502 1124 1561 1178 δὲ
1600 1122 1696 1177 τοῦ

1818 1138 1952 1193 iant,
1989 1144 2167 1200 neque
2184 1128 2317 1200 quid
2348 1128 2451 1183 sibi
2481 1128 2682 1182 vellent
2705 1126 2930 1181 oracula
2957 1122 3231 1180 sciebant.

120 1218 515 1287 χρησμολογεῖν
544 1217 811 1287 μηδαμῶς
865 1217 1119 1289 αἴσθησιν
1153 1216 1386 1287 ἑχόντων
1437 1217 1573 1286 μήτε
1622 1208 1699 1269 ὧν
1797 1231 1802 1236 ·

118 1308 324 1377 ἔλεγον,
358 1310 499 1379 μήτε
525 1308 579 1361 τί
601 1307 667 1361 ἀν
697 1306 975 1379 βούλοιντο
998 1307 1066 1361 τὰ
1094 1302 1625 1377 κεχρησμῳδημένα.

599 1419 931 1473 ΕΡΩΤΗΣΙΣ
955 1416 1130 1471 PNA’.

118 1514 261 1583 Περὶ
302 1513 424 1569 τῶν
446 1512 726 1585 χρήσεων
757 1511 878 1585 τῶν
904 1510 1118 1585 ἕξωμέν
1150 1508 1225 1579 τῇ
1266 1509 1523 1580 ἡμετέρᾳ
1545 1511 1692 1578 Γρα·

601 1581 688 1652 φῇ
715 1579 1180 1651 εὑρισκομένων.

1800 1416 2127 1485 ΩΟΕΒΤΙΟ
2154 1417 2262 1474 CLI
2294 1416 2484 1492 [οοίεί.
2510 1413 2837 1479 CLXXXIII,
2875 1412 3037 1467 Taur.
3090 1409 3377 1482 CLXXII].

1802 1508 1878 1564 De
1914 1510 2261 1580 profanorum
2293 1508 2921 1580 quctorunr_teslintoniis
2954 1522 3073 1561 aut:
3114 1506 3169 1559 in
3208 1506 3377 1561 sacris

2298 1579 2513 1634 Litteris
2540 1578 2861 1649 allegant".

1129 1697 1273 1750 Edita
1293 1713 1323 1749 a
1342 1698 1466 1749 lato
1491 1699 1640 1763 (Nov.
1676 1697 1822 1760 σου..
1855 1702 1893 1748 t.
1916 1696 1998 1755 IX.
2027 1712 2075 1763 p.
2104 1697 2213 1760 lOI,
2240 1696 2348 1748 10!.

208 1788 406 1851 Ἰούδας
437 1787 537 1857 μὶν
560 1787 654 1841 οὖν
676 1787 705 1840 ὁ
728 1785 1025 1849 ἀπόστολος
1049 1786 1106 1837 ἑν
1127 1786 1194 1855 τῇ
1218 1784 1387 1837 αὑτοῦ
1405 1784 1696 1854 Ἐπιστολῇ

1875 1782 2043 1839 ludas
2071 1783 2292 1853 quidem
2314 1781 2619 1851 apostolus,
2639 1780 2693 1837 in
2729 1795 2830 1836 sua
2852 1779 3117 1849 Epistula,
3135 1792 3201 1831 ex
3232 1775 3385 1831 libris

120 1886 187 1937 ὲκ
216 1883 322 1934 τῶν
389 1880 700 1950 λεγομένων
775 1879 1110 1949 ἀποκρύφων
1159 1877 1437 1939 Μωῡσέως
1492 1875 1699 1944 ταύτην

1818 1879 2132 1950 tpocryphis
2185 1876 2357 1947 Moysi
2410 1875 2693 1931 attributis
2756 1875 2904 1929 hunc
2950 1872 3108 1927 affert
3158 1878 3381 1926 locum:

121 1976 360 2044 προάγει
415 1972 515 2042 τὴν
563 1970 753 2042 χρείαν
777 1987 793 2001 ·
867 1968 1004 2023 Ὀὂὲ
1036 1967 1257 2037 Μιχαὴλ
1298 1968 1327 2019 ὁ
1355 1966 1697 2037 ἀρχάγγελος
1735 1999 1746 2054 1

1818 1990 1829 2023 ι
1860 1968 2089 2024 Michael
2121 1966 2482 2036 archangelus
2503 1982 2627 2021 cum
2658 1965 2876 2021 diabolo
2908 1964 3195 2034 disputans
3223 1963 3392 2017 alter-

122 2068 213 2120 ὂτε
253 2066 331 2137 τῷ
374 2064 607 2131 διαϐόλῳ
659 2064 1069 2133 διακρινόμενος
1122 2059 1398 2128 διελέγετο
1450 2059 1580 2129 περὶ
1606 2056 1701 2111 τοῦ

1818 2060 2110 2116 εει-ειηιιόο
2139 2059 2306 2129 Moysi
2337 2074 2565 2128 corpore
2586 2097 2602 2121 ,
2637 2074 2743 2112 non
2791 2066 2874 2113 est
2912 2071 3081 2111 ausus
3111 2055 3386 2125 judicium

125 2158 411 2220 Ηωῢσέως
439 2155 712 2227 σώματος.
743 2153 841 2208 οὐκ
871 2153 1137 2222 ἐτόλμησε
1168 2151 1350 2222 κρίσιν
1386 2152 1705 2218 ἐπενεγκεῖν

1818 2152 2014 2208 inferre
2075 2151 2460 2221 blasphemiae,
2520 2149 2615 2205 sed
2660 2149 2838 2203 dicit:
2894 2147 3126 2217 Imperet
3161 2146 3255 2200 tibi
3286 2145 3390 2199 Do-

128 2248 505 2317 βλασφημίας,
528 2242 845 2300 ἀλλἐἴπεν·
877 2264 896 2297 ι
940 2246 1295 2317 Ἐπιτιμήσαι
1324 2262 1405 2298 σοι
1423 2246 1648 2315 Κύριος.
1681 2263 1700 2295 ι

142 2342 237 2393 Ἑν
262 2340 317 2391 δὲ
340 2341 404 2409 τῇ
426 2340 563 2408 αὐτῇ
588 2337 878 2408 Ἐπιστολῇ
903 2337 1009 2389 τῶν
1033 2336 1204 2406 Ἑνὼχ
1226 2337 1562 2408 ἀποκρύφων
1588 2336 1707 2389 ἐτέ-

132 2446 206 2499 ρα
220 2448 238 2481 :
272 2427 601 2498 μνημονεύει
617 2426 921 2497 τοιαύτης·‹
945 2426 1075 2480 Ἰδοὺ
1088 2422 1219 2497 ἦλθε
1235 2426 1438 2497 Κύριος
1456 2428 1514 2479 ἐν
1534 2424 1708 2493 ἁγίοις

132 2522 397 2591 μυριάσιν
426 2522 592 2573 αὑτοῦ
636 2520 860 2590 ποιῆσαι
916 2519 1098 2589 κρίσιν
1148 2522 1293 2573 κατά
1344 2519 1583 2583 πάντων,
1619 2520 1712 2572 καὶ

131 2614 358 2680 ἐλέγξαι
418 2614 621 2675 πάντας
682 2614 809 2675 τοὺς
840 2612 1062 2675 ἀσεϐεῖς
1111 2614 1242 2681 περ)⁸
1268 2611 1486 2665 πάντων
1535 2610 1711 2681 ἔργων

128 2702 395 2765 ἀσεϐείας
422 2699 605 2754 αὐτῶν
631 2693 706 2753 ὧν
744 2700 1045 2770 ἠσέϐησαν,
1079 2700 1325 2770 καὶπερὶ
1355 2700 1573 2754 πάντων
1603 2700 1712 2751 τῶν

134 2794 395 2864 σκληρῶν
424 2786 498 2846 ὧν
537 2792 802 2861 ἐλάλησαν
834 2792 955 2844 κατ’
1018 2790 1185 2845 αὐτοῦ
1234 2792 1549 2861 ἁμαρτωλοὶ
1581 2794 1714 2846 ἀσε-

133 2890 280 2950 ϐεῖς.
315 2906 333 2938 ι
356 2888 567 2947 Λουκᾶς
600 2886 656 2937 δὲ
691 2888 748 2937 ἐν
784 2887 904 2948 ταῖς
948 2884 1260 2937 ἀποστόλων
1299 2884 1569 2953 Πράξεσιν
1622 2883 1715 2936 τὸν

138 2979 416 3049 μακάριον
448 2977 655 3045 εἰσάγει
678 2976 889 3029 Παῦλον
920 2979 985 3029 ἐκ
1004 2976 1113 3029 τῶν
1156 2976 1249 3028 τοῦ
1291 2976 1519 3047 Ἀράτου
1548 2980 1715 3046 ἡρωϊ-

137 3070 260 3120 κιίν
310 3067 505 3136 στίχων
537 3067 702 3136 μέρος
749 3082 800 3117 τι
846 3064 981 3135 πρὸς
1012 3065 1138 3124 τοὺς
1184 3063 1500 3133 Ἀθηναίους
1534 3067 1590 3117 ὲν
1639 3064 1717 3133 τῷ

134 3159 486 3228 διαλέγεσθαι
547 3156 950 3228 προκομίζοντα
1013 3158 1071 3209 ὲν
1106 3149 1188 3218 οἷς
1227 3170 1413 3224 φησιν,
1452 3174 1469 3205 ι
1512 3157 1599 3218 Ὠς
1626 3156 1717 3209 καί

134 3268 295 3314 τινες
346 3249 454 3303 τῶν
501 3249 623 3302 καθ’
667 3249 811 3319 ὑμᾶς
869 3246 1111 3318 ποιητῶν
1166 3248 1419 3318 εἰρήκασι
1446 3264 1459 3277 ·
1487 3248 1581 3300 τοῦ
1612 3250 1720 3318 γὰρ

1815 2243 2019 2297 minus.
2052 2260 2073 2295 ι
2117 2241 2173 2296 In
2217 2244 2407 2296 eadem
2440 2239 2680 2310 Epistola
2704 2281 2719 2306 ,
2750 2255 2817 2294 ex
2867 2239 3019 2293 libris
3064 2237 3392 2308 apucrypltis

1814 2335 1999 2392 Enoclt
2026 2375 2041 2399 ,
2071 2336 2236 2390 alium
2275 2332 2591 2403 huiusmodi
2624 2332 2805 2388 locum
2839 2339 3109 2387 memorat
3143 2348 3157 2384 ε
3208 2349 3226 2381 ι
3257 2330 3394 2384 Ecce

1815 2430 1963 2483 venit
1992 2427 2261 2482 Dominus
2304 2426 2354 2481 in
2387 2426 2593 2482 sanctis
2620 2425 2861 2480 millibus
2890 2424 3005 2480 suis
3040 2423 3219 2478 facere
3240 2422 3392 2492 judi-

1816 2523 1962 2578 cium
2009 2531 2196 2576 contra
2248 2534 2439 2575 omnes
2480 2529 2535 2574 et
2578 2534 2807 2591 arguere
2848 2532 3038 2572 omnes
3083 2517 3281 2587 impios
3328 2516 3398 2570 de

1818 2614 2073 2668 omnibus
2111 2612 2373 2683 operibus
2425 2610 2717 2679 impietatis
2749 2625 2940 2664 eorum
2986 2609 3188 2679 quibus
3233 2608 3399 2678 impie

1818 2716 2063 2776 egerunt,
2083 2716 2138 2759 et
2150 2705 2217 2759 de
2241 2702 2499 2757 omnibus
2526 2703 2680 2757 duris
2703 2716 2825 2776 qua
2856 2701 3023 2755 locuti
3046 2708 3178 2755 sunt
3207 2707 3398 2754 contra

1821 2770 1989 2855 D‘eum
2022 2798 2189 2866 impii]
2212 2804 2544 2867 peccatores.
2583 2815 2601 2847 ι
2629 2770 2811 2849 Lucas
2848 2803 3051 2861 autem,
3080 2794 3134 2847 in
3172 2793 3403 2849 Actibus

1822 2888 2221 2960 apostolorum,
2250 2888 2471 2942 beatum
2516 2885 2735 2939 adducit
2773 2886 3003 2938 Paulum
3051 2899 3117 2938 ex
3163 2883 3403 2938 heroicis

1826 2980 2074 3035 versibus
2117 2979 2268 3033 Arati
2300 2979 2480 3033 locum
2518 2976 2809 3047 quemdam
2852 2977 2920 3032 ad
2951 2976 3314 3031 Athenienses
3345 2975 3399 3029 in

1825 3086 2075 3127 sermone
2093 3071 2429 3132 all'erentem,
2468 3070 2523 3123 in
2547 3068 2894 3139 quibusdicit
2921 3087 2935 3124 :
2964 3086 2982 3119 ι
3014 3066 3169 3123 Sicut
3193 3077 3250 3123 et
3274 3069 3403 3137 qui-

1826 3160 1948 3213 dam
1976 3167 2258 3228 poetarum
2292 3168 2599 3215 vestrorum
2630 3158 2920 3224 dixerunt;
2945 3158 3123 3229 Ipsius
3146 3169 3201 3214 et
3230 3176 3405 3229 genus

1828 3264 2037 3304 sumus.
2054 3268 2072 3299 ι
2103 3248 2298 3304 Beatus
2315 3258 2495 3303 autem
2521 3247 2746 3312 Paulus,
2783 3249 2837 3302 in
2860 3248 3097 3317 Epistola
3117 3250 3183 3303 ad
3207 3249 3410 3305 Corin-

135 3345 246 3395 καί
298 3343 451 3410 γένος
474 3341 663 3409 ἐσμέν.
695 3359 713 3391 ι
762 3339 820 3392 '0
855 3339 912 3392 δὲ
980 3338 1247 3408 μακάριος
1301 3337 1512 3400 Παῦλος
1557 3341 1615 3391 ἐν
1652 3342 1717 3409 τῇ

1833 3338 1976 3392 tbios
2021 3354 2087 3392 ex
2117 3339 2271 3393 libris
2303 3338 2627 3410 apocryphis
2660 3340 2938 3409 propheta:
2971 3340 3098 3393 Elia:
3128 3341 3407 3396 attributis

140 3434 288 3501 πρὸς
344 3432 663 3503 Κορινθίους
691 3430 979 3501 Ἐπιστολῇ
1030 3432 1096 3483 ἐκ
1148 3428 1258 3481 τῶν
1285 3428 1595 3500 λεγομένων
1624 3431 1719 3483 τοῦ

138 3529 432 3595 προφήτου
464 3524 653 3577 Ἠλίου
740 3522 1079 3590 ἀποκρύφων
1137 3520 1340 3589 ταύτης
1395 3522 1725 3591 μνημονεύει

138 3618 251 3685 τῆς
313 3617 515 3685 φωνῆς·
548 3634 568 3666 ι
606 3617 672 3667 ’Λ
700 3613 983 3684 ὀφθαλμὸς
1010 3613 1111 3666 οὐκ
1157 3608 1287 3675 εἶδε,
1344 3615 1437 3665 καὶ
1486 3608 1579 3675 οὖς
1625 3614 1725 3665 οὐκ

135 3714 375 3781 ἢκουσε,
426 3709 519 3762 καὶ
574 3710 665 3761 ἐπὶ
702 3708 930 3777 καρδίαν
972 3706 1265 3776 ἀνθρώπου
1301 3706 1401 3759 οὐκ
1451 3706 1640 3776 ἀνέϐη,
1689 3705 1726 3760 ἃ.

136 3801 446 3871 ἡτοίμασεν
471 3802 499 3852 ό
526 3798 657 3862 Θεὸς
680 3799 789 3861 τοῖς
816 3795 1103 3865 ἀγαπῶσιν
1122 3795 1300 3850 αὐτόν.
1316 3814 1334 3847 ι
1356 3796 1443 3849 Ἐν
1460 3795 1515 3848 δὲ
1536 3798 1599 3865 τῇ
1625 3795 1725 3847 αὐ-

132 3896 213 3961 τῇ
247 3890 528 3960 δημώδους
563 3888 710 3952 τινὸς
731 3887 1040 3957 λακωνικῆς
1093 3887 1367 3957 μέμνηται
1406 3886 1723 3956 παροιμίας,

136 3983 215 4051 ἦν
255 3982 349 4033 καὶ
377 3977 661 4050 προλαϐὼν
703 3977 926 4040 Ἡσαΐας
957 3978 984 4029 ό
1020 3977 1303 4047 προφήτης
1336 3977 1395 4028 ὲν
1439 3978 1548 4038 τοῖς
1596 3976 1727 4028 ἑαυ-

132 4073 247 4127 τοῦ
278 4072 599 4124 κατατάττει
649 4070 847 4138 λόγοις·
883 4086 903 4119 r
929 4070 1193 4137 Φάγωμεν
1226 4067 1323 4120 καὶ
1353 4066 1582 4136 πίωμεν·
1628 4066 1729 4119 αῦ-

138 4181 272 4233 ριον
292 4164 399 4230 γὰρ
431 4161 902 4232 ἀποθνήσκομεν.»
919 4161 1045 4213 Ἔτι
1068 4160 1126 4211 δὲ
1152 4161 1208 4209 ἐν
1233 4160 1297 4228 τῇ
1333 4159 1469 4229 αὐτῇ
1505 4160 1727 4211 ἐπιστο-

132 4259 243 4327 λῇ,
281 4255 590 4324 Μενάνδρου
618 4252 711 4306 τοῦ
745 4251 1012 4322 κωμικοῦ,
1046 4250 1268 4319 γνώμας
1298 4250 1354 4303 δὲ
1381 4251 1539 4314 αὐτὸς
1592 4254 1726 4304 ἀνα-

133 4348 425 4416 γράφεται
465 4346 706 4414 ἀρχαίων
760 4343 944 4407 τινῶν,
977 4342 1250 4413 μέμνηται
1301 4342 1474 4411 λέγων
1530 4342 1723 4404 οὕτως·

1830 3433 1970 3485 Itum:
1990 3431 2163 3486 locum
2190 3441 2457 3486 memorat
2482 3451 2493 3486 :
2521 3452 2540 3483 ι
2573 3431 2773 3486 Oculus
2794 3448 2901 3486 non
2930 3432 3085 3497 vidit,
3121 3448 3221 3487 nec
3256 3434 3409 3489 auris

1827 3522 2059 3585 audivit,
2090 3537 2190 3577 nec
2228 3522 2281 3576 iu
2309 3538 2404 3577 cor
2433 3522 2673 3576 hominis
2706 3524 2950 3577 ascendit
2978 3539 3101 3593 quae
3130 3539 3408 3594 praepara-

1826 3616 1904 3666 vit
1936 3612 2077 3667 Deus
2105 3614 2208 3668 illis
2225 3614 2564 3683 quidiligunt
2592 3614 2795 3667 illum.»
2832 3616 2890 3667 In
2916 3614 3103 3668 eadem
3139 3614 3403 3685 Epistula.

1830 3706 2051 3774 aliqum!
2076 3706 2298 3773 vulgare
2323 3713 2377 3759 et
2401 3706 2719 3760 laconicum
2748 3705 3093 3774 proverbium
3120 3715 3406 3775 memorat,

1828 3798 1973 3867 quod
2006 3806 2061 3852 et
2110 3795 2392 3866 proferens
2424 3797 2588 3852 Isaias
2624 3798 2882 3866 propheta
2933 3798 2985 3852 in
3033 3799 3148 3853 suis
3198 3815 3407 3854 sermo-

1828 3890 1991 3946 nibus
2033 3890 2317 3959 disponit:
2350 3909 2368 3941 ι
2410 3888 2796 3945 Manducemus
2821 3899 2874 3944 et
2933 3890 3187 3945 bibamus
3214 3930 3228 3952 ,
3284 3908 3408 3946 cras

1826 3981 1972 4035 enim
2018 3982 2370 4035 moriemur.»
2407 3980 2463 4035 In
2498 3983 2685 4035 eadem
2713 3981 2875 4037 etiam
2908 3979 3407 4050 EpiSIola,Mcnan-

1826 4072 1986 4126 drum
2022 4073 2294 4127 comicum
2346 4075 2440 4143 qui
2495 4075 2711 4142 quidem
2772 4076 3065 4129 sententias
3099 4075 3407 4143 aliquorum

1828 4174 2076 4219 veterum
2124 4166 2432 4235 consignat,
2462 4175 2732 4221 memorat
2764 4167 2843 4221 sit:
2884 4167 3154 4235 loquendo
3183 4185 3197 4220 :
3230 4186 3247 4216 ι
3273 4166 3410 4221 Cor-

1828 4266 2089 4327 rumpunt
2123 4273 2304 4312 mores
2328 4261 2501 4312 honos
2535 4258 2809 4327 colloquia
2830 4258 2996 4321 mala,
3038 4279 3055 4309 ι
3098 4270 3152 4313 ct
3189 4270 3407 4315 caetera.

1830 4349 1896 4403 Et
1928 4349 2147 4419 quidem
2182 4351 2237 4404 in
2268 4350 2514 4419 Epistula
2543 4352 2607 4405 ad
2635 4350 2877 4417 Galatas,
2904 4367 2967 4406 ex
3003 4354 3153 4407 libris
3186 4370 3413 4423 apocry-

141 4457 163 4490 ε
203 4436 531 4506 Φθείρουσιν
560 4434 666 4505 ἢθη
695 4433 907 4504 χρηστά
935 4433 1141 4502 ὁμιλίαι
1170 4432 1394 4485 κακαίπ
1430 4432 1525 4485 καὶ
1576 4432 1723 4501 ἑξῆς·

1827 4440 1950 4508 phis
1981 4438 2197 4510 Moyses
2218 4441 2387 4494 utitur
2419 4441 2503 4495 his
2539 4441 2723 4497 verbis
2751 4460 2764 4496 :
2792 4459 2810 4493 ι
2846 4442 3030 4514 Neque
3066 4446 3415 4500 circumcisio

132 4530 270 4584 Καὶ
320 4528 427 4597 μὴν
452 4526 548 4580 καὶ
596 4528 654 4579 ἐν
685 4528 751 4596 τῇ
784 4525 921 4595 πρὸς
952 4523 1196 4586 Γαλάτας
1226 4525 1294 4576 ἐκ
1318 4524 1427 4576 τῶν
1450 4526 1728 4588 Μωῦσέως

1829 4531 2034 4601 aliquid
2067 4532 2229 4596 valet,
2261 4549 2438 4602 neque
2468 4535 2818 4603 praeputium,
2855 4537 2948 4590 sed
2974 4552 3111 4590 nova
3130 4548 3413 4615 creatura;

130 4618 496 4687 ἀποκρὺφων
530 4617 795 4688 κέχρηται
828 4619 895 4688 τῇ
924 4614 1158 4687 λεγούσῃ
1187 4617 1363 4685 φωνῇ·
1405 4634 1425 4667 ι
1453 4614 1592 4668 Οὔτε
1626 4632 1725 4667 ςτε-

1828 4632 1883 4679 et
1917 4626 2228 4696 quicunque
2259 4627 2400 4681 hanc
2437 4628 2679 4696 regulam
2710 4629 2883 4682 secuti
2916 4628 3121 4682 fuerint
3143 4669 3158 4693 ,
3186 4645 3290 4698 pax
3320 4614 3417 4685 su?-

137 4711 359 4784 ριτομή
407 4728 460 4764 τι
508 4710 681 4780 ἰσχύει
712 4749 727 4773 ,
769 4708 891 4762 οὔτε
949 4707 1285 4778 ἀκροϐυστία
1315 4747 1329 4773 ,
1380 4707 1517 4761 ἀλλὰ
1566 4709 1728 4780 καινὴ

1834 4731 1927 4785 per
1963 4716 2083 4771 illos
2105 4724 2159 4771 et
2189 4716 2563 4771 misericordia
2582 4728 2635 4771 et
2664 4733 2828 4787 super
2851 4718 3017 4774 Israel
3052 4719 3198 4775 Dei.»
3230 4721 3335 4776 Sed
3366 4732 3421 4777 et

132 4805 359 4865 κτίσις·
424 4803 520 4856 καὶ
581 4802 695 4854 ὅσοι
761 4800 839 4871 τῷ
894 4800 1079 4853 κανόνι
1127 4800 1302 4870 τούτῳ
1336 4802 1730 4871 στοιχήσουσιν,

1840 4807 1895 4860 in
1916 4806 2157 4876 Epistola
2193 4809 2261 4865 ad
2295 4807 2582 4877 Ephesios,
2616 4825 2683 4863 ex
2718 4809 2873 4865 libris
2906 4813 3237 4881 apocryphis
3264 4812 3418 4868 Jere-

131 4900 351 4967 εἰρήνη
403 4895 488 4948 ἔπ’
547 4894 743 4954 αὐτοὺς
774 4894 865 4948 καὶ
920 4892 1067 4955 ἔλεος
1096 4892 1188 4945 καὶ
1235 4894 1329 4945 ἐπὶ
1384 4893 1477 4945 τὸν
1517 4893 1734 4966 Ἰσραὴλ

1834 4898 1956 4953 mia:
1984 4916 1997 4953 :
2036 4916 2056 4949 ι
2083 4897 2275 4969 Surge,
2312 4901 2404 4969 qui
2435 4901 2664 4963 dormis,
2688 4909 2743 4955 et
2762 4916 2999 4971 exsurge
3031 4918 3062 4957 a
3087 4905 3320 4958 mortuis
3367 4916 3423 4961 et

132 4988 251 5044 τοῦ
298 4986 453 5040 Θεοῦ.
491 5004 512 5038 ι
561 4985 721 5038 Ἀλλὰ
751 4985 846 5039 καὶ
874 4986 931 5037 ὲν
962 4986 1028 5054 τῇ
1058 4984 1192 5053 πρὸς
1231 4983 1508 5052 Ἐφεσίους
1537 4984 1601 5037 ὲκ
1625 4986 1733 5039 τῶν

1835 4987 2164 5044 illuminabit
2192 4999 2242 5045 te
2267 4990 2542 5047 Christus.
2577 5009 2597 5042 ι
2633 4988 2697 5043 Et
2724 4991 2776 5045 in
2806 4990 3048 5060 Epistula
3083 4993 3148 5047 ad
3188 4990 3415 5056 Titum,

131 5078 471 5149 λεγομένων
482 5075 746 5147 Ἰερεμίου
780 5073 1130 5144 ἀποκρὺψυν·
1152 5092 1170 5124 ι
1186 5073 1456 5146 Ἐγειραε,
1486 5075 1729 5129 ὁκαθεύ-

1833 5075 2185 5150 Epimenide.
2208 5081 2349 5137 vatis
2371 5081 2670 5151 Cretensis,
2708 5083 3049 5153 prophetiam
3096 5094 3317 5150 narrat,
3352 5087 3420 5141 tle

131 5173 292 5233 δων,
324 5170 417 5221 καὶ
448 5168 656 5221 ἀνάστα
681 5168 745 5219 ὲκ
770 5166 878 5219 τῶν
928 5165 1138 5236 νεκρῶν
1166 5169 1261 5218 καὶ⁹
1296 5166 1588 5236 ὲπιεραύσει
1649 5186 1733 5221 σοι

1842 5189 1954 5244 qua
1984 5171 2499 5231 etiam'meutionem
2530 5173 2661 5229 l'acit
2692 5174 3064 5229 Callimachus
3086 5175 3139 5229 in
3156 5191 3261 5230 suo
3291 5193 3422 5245 poe-

130 5260 452 5333 Χριστός.»
491 5259 600 5311 Καὶ
626 5259 685 5311 ιν
717 5259 783 5328 τῇ
818 5257 953 5326 πρὸς
982 5258 1140 5310 Τῖτον
1168 5257 1226 5310 δὲ
1262 5257 1551 5330 Ἐπιστολῇ
1583 5258 1735 5312 Ἑπι-

1841 5272 2008 5318 mate.
2031 5261 2177 5317 Dixit
2203 5264 2427 5334 quidam
2460 5279 2526 5319 ex
2560 5263 2669 5319 illis
2711 5266 2968 5334 proprius
3004 5267 3251 5336 ipsorum
3291 5284 3423 5337 pro-

135 5353 411 5426 μενίδους
435 5367 496 5403 τε
525 5350 619 5403 τοῦ
650 5350 895 5421 μάντεως
928 5350 1133 5421 κρητοῦ
1166 5351 1459 5419 καταλέγει
1483 5351 1574 5405 τὸν
1600 5369 1734 5422 χρη-

1838 5353 1998 5423 pbela
2032 5372 2050 5409 :
2080 5375 2099 5407 ι
2125 5356 2414 5412 Cretenses
2437 5371 2653 5426 semper
2681 5360 2994 5422 mendaces,
3021 5360 3176 5413 mala:
3199 5361 3386 5415 bestiae

132 5446 325 5517 σμὸν.
388 5437 450 5496 οὗ
508 5443 602 5495 καὶ
657 5442 1008 5513 Καλλίμαχος
1058 5443 1330 5515 μέμνηται
1387 5446 1445 5497 ἐν
1495 5446 1562 5515 τῇ
1626 5444 1731 5515 ἰδίᾳ

1838 5448 2055 5505 ventres
2084 5450 2220 5521 pigri
2245 5467 2260 5517 ;
2294 5451 2669 5507 testimonium
2705 5451 2792 5505 hic
2817 5466 3006 5506 verum
3037 5463 3141 5507 est.
3181 5472 3201 5504 ι
3406 5426 3421 5447 ’

134 5540 406 5607 ποιήσει·
438 5532 603 5589 Εἶπέν
643 5554 727 5600 τις
786 5537 845 5603 ἐξ
907 5538 1087 5592 αὐτῶν
1150 5539 1453 5608 προφήτης·
1510 5538 1725 5608 Κρῆτες
1764 5540 1853 5599 ἀεὶ
1914 5541 2167 5612 ψεῦσται,
2207 5546 2351 5598 κακὰ
2421 5544 2607 5615 θηρία,
2640 5543 2905 5615 γαστέρες
2952 5545 3137 5616 ἀργαί·
3181 5545 3243 5600 'Il
3279 5564 3419 5616 μαρ-

130 5634 326 5713 τυρία
364 5631 504 5702 αὕτη
536 5632 678 5686 ἐστὶν
710 5632 932 5703 ἀληθής.
