4174 6450
154 406 256 471 817

1015 412 1115 473 ΑΙ)
1137 411 1731 473 AMPHILOCHIUM
1768 412 2113 484 QUIESTIO
2148 413 2324 475 CLII.
2359 413 2569 475 CLIII.

3292 417 3401 482 818

157 522 258 592 σῆς
284 523 313 575 6
332 522 627 593 νομοθέτης
652 520 914 592 κάλυμμα
945 521 1140 593 εφεριν
1158 521 1253 574 ἐπὶ
1277 521 1373 574 τοῦ
1398 519 1720 591 προσώπου,
1752 576 1753 579 η

1850 521 2002 576 :unda
2034 535 2209 576 causa
2237 529 2352 587 est,
2417 522 2546 590 quia
2582 535 2707 575 cum
2775 518 2957 578 Moses
2991 522 3271 594 legislator
3306 540 3402 580 ve-

156 614 435 683 ἀναλόγως
485 616 583 669 καὶ
614 615 683 668 τά
739 612 1177 684 νομοθετούμενα
1224 608 1313 665 οἷα
1346 612 1413 682 δὴ
1455 612 1726 681 κάλυμμα

155 706 254 777 τὴν
276 706 545 773 ἀσάφειαν
578 705 950 773 συνεπέφερε⁶
979 702 1075 757 καὶ
1102 702 1384 772 οὐδέτερον
1420 702 1522 772 μὲν
1546 700 1727 754 αὐτῶν

154 796 216 848 τὸ
240 794 510 865 ἔγκλημα,
540 794 649 847 τῶν
676 795 721 848 δ’
749 792 1033 865 ἀκροατῶν
1065 794 1099 862 ή
1128 792 1380 845 ἀσθένεια
1416 792 1517 861 τὴν
1548 792 1729 845 αἰτίαν

158 887 271 956 ἔχει
292 903 306 916 θ
336 888 561 957 καὶγὰρ
591 885 835 953 Μωῦσῆς
858 883 920 937 τδ
941 884 1242 953 κάλυμμα,
1290 883 1425 936 διότι
1454 885 1555 938 οὐκ
1595 882 1728 954 ηδύ-

158 996 316 1033 ναντο
357 978 543 1049 φέρειν
588 977 689 1046 τὴν
746 975 904 1041 δόξαν
958 974 1055 1028 τσῦ
1089 974 1383 1045 προσώπου
1430 973 1598 1029 αὑτοῦ
1653 975 1729 1046 μὴ

159 1070 597 1139 κεκαλυμμένου,
629 1066 970 1138 περιετίθετο
993 1082 1008 1097 ⁸
1035 1068 1130 1121 καὶ
1151 1066 1364 1136 όνόμος
1384 1067 1441 1121 δέ
1475 1066 1598 1120 ἀντὶ
1626 1065 1723 1119 τοῦ

159 1160 624 1231 προκαλύμματος
651 1160 719 1213 δι’
742 1159 877 1214 αὐτὸ
913 1158 1072 1212 τοῦτο
1104 1156 1203 1229 τήν
1235 1160 1507 1227 ἀσάφειαν
1560 1175 1731 1229 περι-

160 1248 423 1319 εϐέϐλητο
439 1265 452 1277 ·
476 1247 947 1319 ἐναπετίθετογὰρ
974 1250 1032 1301 ἐν
1056 1249 1288 1313 ἐκείνοις
1313 1246 1403 1302 οἷα
1422 1249 1487 1322 δὴ
1519 1247 1730 1321 θησαυ-

163 1344 300 1411 ροῖς,
325 1341 395 1395 τά
414 1340 728 1415 τελειότερα
747 1343 846 1396 καὶ
870 1342 1183 1413 ὑψηλότερα
1207 1342 1516 1413 δογμάτων,
1562 1342 1600 1396 ἃ
1636 1342 1730 1396 τδν

161 1435 397 1502 Χριστόν
422 1452 566 1505 φημι
587 1436 683 1488 καὶ
713 1435 814 1506 τήν
830 1434 995 1489 αὑτοῦ
1017 1434 1296 1506 Διαθήκην
1318 1434 1731 1507 προκατηγγελ-

162 1525 289 1579 λεν·
329 1525 444 1579 ἀλλ’
471 1525 700 1590 ἐκείνοις
748 1526 850 1597 μὲν
896 1526 960 1580 τὸ
1002 1526 1194 1588 άτελές
1230 1525 1327 1579 καὶ
1369 1525 1735 1597 ήρῤωστηκδς

160 1619 261 1687 τῆς
288 1615 515 1687 γνώμης
545 1618 683 1688 πρὸς
703 1620 763 1672 τὸ
799 1617 1011 1673 ἐκεῖθεν
1034 1618 1223 1689 κέρδος
1240 1616 1489 1689 ἐμποδὼν
1510 1616 1696 1672 ἵστατο
1715 1634 1731 1649 ·

162 1707 295 1775 ἡμῖν
340 1706 397 1758 δέ
451 1706 915 1778 θησαυριζόμενον
966 1706 1317 1776 ἐφυλάττετο,
1349 1705 1439 1760 ἵνα
1495 1704 1733 1777 Χριστοῦ

164 1796 628 1866 παραγεγονότος,
694 1797 783 1851 διά
837 1798 940 1868 τῆς
975 1798 1115 1869 πρὸς
1159 1796 1323 1851 αὐτὸν
1394 1797 1734 1869 ἐπιστροφῆς

165 1889 528 1959 άνακαλυφθῇ
553 1888 614 1941 τὸ
643 1888 1138 1960 θησαυριζόμενον·
1166 1888 1261 1941 καὶ
1295 1888 1458 1959 ὁρᾶτε
1488 1889 1567 1951 είς
1605 1887 1735 1957 ὅσην
1764 1869 1811 1928 Β

163 1979 311 2047 ἡμᾶς
344 1976 501 2043 ἀξίαν
562 1982 594 2049 ὴ
629 1978 724 2030 τοῦ
769 1980 1040 2032 Δεσπότου
1076 1979 1348 2049 παρουσία
1393 1979 1732 2049 συνήγαγεν·

169 2067 251 2128 εἰς
278 2067 388 2136 γὰρ
418 2066 518 2137 τὴν
545 2066 640 2119 τοῦ
679 2067 959 2128 Μωῠσέως
1004 2065 1155 2130 τάξιν
1188 2066 1613 2137 ἐγκατέστησεν·
1639 2065 1736 2119 άλ-

164 2157 273 2221 λως
300 2174 360 2210 τε
384 2158 440 2210 δέ
478 2160 571 2210 καὶ
598 2158 706 2211 τῶν
736 2158 1037 2228 μελλόντων
1066 2159 1100 2228 ή
1135 2158 1457 2228 προφητεία,
1499 2155 1601 2210 κᾶν
1630 2174 1738 2228 μη·-

163 2249 398 2318 δαμόθεν
415 2250 635 2304 ἄλλοθεν
672 2250 1067 2321 συνεφέλκηται
1093 2249 1154 2302 τὸ
1176 2249 1570 2321 δυσθεώρητον,
1596 2250 1738 2320 πλὴν

164 2341 264 2410 οὐχ
284 2339 457 2402 οὕτως
490 2341 604 2394 ἐστὶ
632 2340 805 2411 σαφής
826 2339 901 2402 ώς
932 2343 965 2409 ή
997 2340 1107 2392 τῶν
1134 2339 1415 2412 παρόντων
1445 2339 1698 2411 διήγησις
1718 2355 1736 2373 ο

166 2433 438 2487 λαὸόντων
458 2432 514 2486 δὲ
542 2433 710 2503 πέρας
732 2432 839 2486 τῶν
866 2432 1370 2504 προφητευθέντων,
1402 2431 1573 2485 καὶτὸ
1601 2434 1740 2486 ἀσα-

167 2523 267 2591 φὲς
289 2522 726 2593 συμμεθίσταται
754 2521 891 2592 πρὸς
915 2522 1213 2591 σαφήνειαν
1232 2534 1247 2548 ⁸
1287 2520 1383 2572 καὶ
1414 2518 1526 2588 γάρ
1552 2519 1647 2570 καὶ
1681 2519 1741 2569 τδ

174 2612 416 2663 «Λύσατε
439 2610 532 2663 τὸν
556 2610 681 2662 ναὸν
707 2610 894 2662 τοῦτον
912 2609 1007 2663 καὶ
1035 2611 1094 2662 ὲν
1118 2609 1546 2679 τρισὶνήμέραις
1564 2606 1741 2675 ἐγερῶ

166 2702 355 2768 αὑτὸν,
387 2720 407 2753 ι
431 2700 526 2754 τοῦ
556 2701 811 2771 Σωτῆρος
829 2698 1360 2769 προαγορεύσαντος,
1378 2698 1438 2750 οὐ
1459 2697 1621 2767 μόνον
1637 2695 1743 2747 τῶν

169 2795 348 2847 ἄλλων
388 2793 656 2845 Ἰουδαίων
704 2792 767 2844 τὸ
796 2790 1020 2853 ἀπειθὲς
1054 2791 1149 2843 καὶ
1206 2788 1641 2857 άπονενοημένον
1681 2787 1744 2840 τὸ

170 2883 551 2954 προφητευθὲν
574 2884 634 2935 οὐ
671 2882 996 2952 κατενόησεν
1047 2881 1168 2935 οὐδὲ
1194 2881 1448 2951 συνῆκεν,
1480 2880 1595 2933 ἀλλ’
1634 2880 1741 2933 οὐδ’

171 2975 297 3026 ὅσον
333 2977 391 3025 ὲν
438 2975 623 3035 αὐτοῖς
701 2972 1070 3042 συνετώτερον
1128 2973 1222 3025 καὶ
1268 2976 1367 3042 τῆς
1404 2971 1745 3041 Δεσποτικῆς

170 3064 523 3125 διδασκαλίας
576 3062 940 3126 ἀπολαύοντες
991 3064 1100 3115 τῶν
1156 3063 1415 3133 μαθητῶν
1473 3066 1502 3116 ὁ
1563 3064 1742 3133 χορὶς,

172 3157 283 3209 οὐδ’
316 3157 469 3209 αὐτοὶ
498 3155 770 3217 συνίεσαν,
796 3154 932 3207 ἀλλὰ
959 3155 1057 3225 τῆς
1112 3154 1202 3207 διὰ
1248 3154 1356 3206 τῶν
1401 3156 1747 3224 πραγμάτων

173 3249 474 3319 ἐδεήθησαν
502 3248 636 3317 πρὸς
657 3248 755 3318 τὴν
781 3248 1104 3318 κατανόησιν
1132 3248 1227 3300 τοῦ
1258 3247 1744 3317 προφητευθέντος,
1776 3233 1818 3289 C

174 3342 479 3404 ἐκϐάσεως.
498 3340 698 3410 Διόπερ
727 3339 832 3393 οὐδ’
855 3340 1039 3409 ἔνοχός
1061 3341 1210 3392 ἐστιν
1237 3339 1415 3401 αἰτίας
1441 3341 1469 3391 ὀ
1494 3339 1749 3401 Ἰουδαῖος

175 3436 276 3498 τὰς
310 3436 436 3504 περὶ
486 3432 724 3503 Χριστοῦ
780 3433 1118 3503 προφητείας
1168 3432 1276 3502 πρὸ
1320 3432 1419 3501 τῆς
1453 3432 1621 3484 αὑτοῦ
1678 3431 1751 3501 μὴ

178 3527 385 3587 συνιεὶς
418 3525 721 3596 παρουσίας
744 3542 757 3556 ·
788 3524 963 3596 ταύτῃ
993 3541 1074 3576 τοι
1106 3525 1199 3575 καὶ
1232 3526 1261 3576 6
1290 3523 1480 3595 Σωτὴρ
1526 3523 1711 3590 ἔλεγεν
1739 3538 1752 3552 ο

187 3637 207 3670 ε
250 3620 314 3671 Et
352 3620 428 3689 μὴ
468 3614 634 3688 ἦλθον
670 3620 766 3670 καὶ
794 3616 1035 3685 ἐλάλησα
1066 3616 1272 3679 αὐτοῖς,
1320 3615 1599 3685 ἁμαρτίαν
1655 3615 1756 3667 οὔκ

180 3707 384 3780 εἶχον.»
416 3710 526 3762 Καὶ
555 3711 663 3779 γὰρ
700 3711 747 3761 εἰ
780 3711 872 3762 καὶ
900 3709 967 3761 τά
997 3708 1156 3776 λόγια
1180 3706 1369 3760 τοῦτον
1422 3707 1757 3777 ἐχρησμολόο

180 3820 295 3871 γει,
330 3800 443 3855 ἀλλ’
470 3801 829 3865 ὲπεσκιάζετο
890 3804 956 3871 τῇ
994 3801 1231 3869 ἀπουσίᾳ
1262 3799 1355 3852 τοῦ
1405 3798 1755 3869 κηρυσσομέ-

182 3913 278 3947 νου
301 3910 329 3955 ·,
384 3894 650 3964 παρόντος
693 3894 771 3957 δὲ,
828 3891 1123 3962 οὐδαμόθεν
1154 3891 1340 3944 λοιπὸν
1391 3891 1611 3945 ἄλλοθεν
1657 3891 1757 3942 ἐπ-

184 3986 495 4049 εσκιάζετο,
527 3986 665 4057 μόνῃ
692 3986 747 4038 δὲ
778 3988 843 4055 τῇ
874 3985 1146 4056 μοχθηρία
1180 3986 1277 4038 καὶ
1311 3984 1618 4054 κακουργία
1652 3983 1760 4036 τῶν

189 4083 266 4153 μὴ
305 4081 644 4151 βουλομένων
672 4080 1006 4134 ἐκαλύπτετο
1035 4079 1457 4150 παραδέχεσθαι.
1479 4079 1607 4131 Ἐπὶ
1637 4078 1761 4131 τού-

184 4193 302 4237 τοις
328 4174 386 4226 δὲ
434 4173 534 4242 τῆς
585 4172 852 4241 ἀσαφείας
902 4173 1049 4225 ἐστὶν
1081 4170 1232 4225 αἰτία
1266 4171 1328 4225 τὸ
1373 4171 1470 4242 μή,
1494 4172 1646 4240 φωνῇ
1692 4172 1760 4241 τῇ

200 4264 418 4320 Ἐλλάδι
442 4266 543 4334 τὴν
575 4263 821 4317 Παλαιὰν
854 4262 1266 4332 ἀπαγγελθῆναι
1285 4261 1527 4333 Γραφὴν,
1560 4260 1675 4313 ἀλλ’
1700 4263 1765 4314 ὲκ

185 4362 290 4431 τῆς
339 4358 619 4430 Ἐσραῖδος
667 4359 748 4419 είς
793 4357 999 4427 ταύτην
1045 4358 1409 4426 μεταπεσεῖνο
1441 4354 1653 4423 πέφυκε
1704 4354 1764 4408 δέ

190 4455 341 4505 πᾶσα
372 4451 595 4520 γλῶσσα
624 4453 703 4513 εἰς
732 4449 964 4519 ἔκφυλον
999 4448 1415 4519 μετατιθεμένη,
1454 4446 1516 4499 τὺ
1555 4446 1765 4515 ἀσαφές

190 4545 288 4597 καὶ
345 4542 777 4612 δυσκατανόητον
809 4540 1270 4610 συνεφέλκεσθαι·
1296 4542 1362 4610 τῇ
1406 4537 1649 4609 Ἐϐραΐδι
1705 4538 1763 4591 δέ

190 4638 315 4689 κατ’
368 4637 547 4706 ἀρχὰς
610 4637 912 4707 ἐρρέθησαν
972 4635 1028 4687 αἱ
1058 4632 1353 4687 Μωσαῖκαὶ
1404 4630 1759 4702 νομοθεσίαι·

190 4730 329 4781 διότι
372 4729 528 4797 μόνον
575 4726 827 4798 τηνικάδε
880 4725 941 4779 τὸ
1001 4724 1269 4777 Ἰουδαίων
1314 4722 1464 4785 ἔθνος
1515 4725 1582 4794 τῇ
1643 4721 1764 4774 θεο-

190 4823 404 4893 γνωσίᾳ
449 4824 807 4890 προαανεῖχε’
863 4820 930 4871 τὰ
975 4818 1033 4871 δὲ
1070 4816 1231 4870 λοιπὰ
1280 4815 1415 4884 πρὸς
1473 4813 1571 4883 τήν
1616 4811 1768 4865 εἰδω-

191 4915 357 4987 λικὴν
386 4914 791 4984 άπετεθηρίωτο
842 4911 1059 4982 μανίαν.
1109 4910 1263 4962 Ἐπεὶ
1315 4908 1373 4961 δὲ
1405 4906 1639 4977 Χριστὸς
1666 4905 1769 4975 ήγ-

191 5005 319 5074 γιςε
350 5002 773 5074 παραγενέσθαι,
798 5000 893 5054 καὶ¹
920 5001 1054 5070 πρὸς
1080 4999 1270 5052 ἑαυτὸν
1300 4998 1401 5065 τὴν
1432 4993 1763 5063 οἰκουμένην

194 5098 403 5159 καλεῖν,
438 5099 472 5163 ὴ
531 5094 771 5163 Ἑλληνὶς
823 5092 879 5146 δὲ
914 5091 1135 5159 γλῶσσα
1184 5090 1294 5143 τῶν
1349 5089 1523 5143 ἄλλων
1568 5086 1769 5155 μᾶλλον

193 5189 311 5251 τοῖς
337 5186 547 5240 ἔθνεσιν
569 5182 1206 5255 ὲπεπόλαζε,τηνικαῦτα
1227 5183 1318 5233 καὶ
1332 5182 1365 5251 ή
1379 5180 1488 5233 τῶν
1504 5178 1771 5249 Ἐϐραίων

196 5275 358 5348 φωνὴ
384 5276 519 5347 πρὸς
538 5276 636 5345 τὴν
666 5275 935 5345 Ἑλλήνων
961 5270 1342 5343 μετεϐέϐλητο,
1357 5269 1490 5337 πρὸς
1510 5268 1771 5320 ἐνιαυτῶν

194 5370 258 5421 οὐ
296 5368 461 5421 πλέον
498 5367 693 5419 ἑκατὸν
721 5367 818 5437 τῆς
843 5365 934 5418 τοῦ
970 5363 1223 5433 Σωτῆρος
1246 5358 1579 5430 παρουσίας,
1606 5358 1771 5410 αὑτοῦ

1830 611 1942 665 lum
1972 611 2025 666 in
2055 609 2194 664 facie
2218 610 2486 680 gesserit,
2525 618 2891 677 congruenter
2916 612 3083 666 etiam
3114 611 3261 680 leges
3292 614 3399 667 veli

1827 702 2003 757 instar
2050 701 2439 756 obscuritatem
2492 700 2914 756 contrahebant.
2966 700 3155 756 Neutri
3203 718 3269 756 ex
3316 704 3400 757 his

1827 792 1987 860 culpa
2016 791 2331 861 imputanda
2368 802 2495 858 est,
2537 807 2701 861 quam
2750 792 3060 847 auditorum
3111 792 3401 847 inﬁrmitas

1828 884 2081 939 sustinet.
2127 881 2264 937 Nam
2305 892 2361 938 et
2404 882 2585 940 Moses
2618 883 2825 939 idcirco
2854 896 3021 954 caput
3059 884 3402 950 obnubebat,

1828 976 1958 1046 quia
2004 974 2230 1045 gloriam
2266 975 2447 1030 vultus
2486 975 2605 1045 ejus
2636 973 2882 1045 perferre
2925 989 3093 1029 nemo
3137 982 3354 1045 poterat
3385 990 3402 1028 :

1830 1066 2041 1138 legique
2066 1066 2214 1130 item,
2240 1065 2345 1121 veli
2375 1065 2517 1130 loco,
2544 1067 2616 1121 ob
2651 1066 2904 1121 eamdem
2943 1079 3170 1121 causam
3200 1065 3405 1121 obscu-

1829 1160 1965 1216 ritas
1995 1160 2169 1216 oll'usa
2198 1158 2321 1214 fuit.
2352 1157 2563 1213 Etenim
2592 1159 2646 1214 in
2678 1174 2747 1214 eo
2771 1159 2940 1213 veluti
2974 1159 3237 1213 thesauro
3264 1173 3405 1213 eon-

1829 1252 2097 1307 debantur
2109 1250 2432 1320 perfection
2444 1251 2785 1319 celsioraun
2805 1247 3084 1318 dogmata,
3109 1264 3231 1319 qua:
3250 1247 3409 1304 Chri.

1832 1352 1978 1396 stum
2022 1340 2231 1396 scilicet
2277 1339 2504 1410 ejusﬂe
2530 1337 2943 1394 Testamentum
2984 1337 3404 1408 portendebant.

1834 1434 1939 1491 Sed
1969 1435 2114 1491 enim
2143 1433 2497 1490 Hebraeorum
2526 1432 2869 1504 imperfectio
2905 1443 2963 1488 et
2997 1433 3216 1488 inﬁrma
3248 1448 3405 1487 mens

1832 1527 2127 1597 quaminus
2160 1526 2287 1581 inde
2327 1526 2540 1581 lucrum
2570 1524 2674 1595 ipsi
2712 1525 3096 1595 perciperent,
3137 1524 3408 1594 impedie-

1833 1619 1924 1673 bat
1957 1635 1971 1673 :
2005 1617 2163 1672 nobis
2193 1625 2376 1672 autem
2420 1632 2484 1671 ea
2522 1632 2609 1671 res
2647 1615 2928 1673 recondita
2962 1618 3307 1680 servabatur,
3349 1624 3410 1669 ut

1832 1710 2053 1766 Christo
2080 1719 2365 1781 praesente,
2392 1723 2487 1778 per
2514 1708 2931 1763 conversionem
2970 1706 3037 1761 ad
3060 1721 3210 1773 eum,
3252 1721 3409 1760 reve~

1836 1804 2041 1857 laretur
2065 1801 2380 1856 thesaurus.
2403 1798 2526 1854 Jam
2552 1814 2767 1854 meeum
2790 1799 3138 1854 considerate
3157 1797 3213 1851 in
3235 1812 3412 1867 quan-

1840 1908 1949 1951 tam
1984 1909 2084 1949 nos
2122 1894 2442 1964 dignitatem
2475 1890 2693 1945 Domini
2732 1893 3019 1961 praesentia
3053 1890 3408 1945 subvexerit:

1842 1996 2078 2052 namque
2103 1982 2154 2034 in
2189 1980 2308 2051 ipso
2346 1994 2446 2035 nos
2468 1977 2633 2033 Mosis
2667 1978 2863 2035 ordine
2894 1980 3199 2034 collocavit.
3230 1977 3405 2031 Caete-

1844 2071 2054 2140 teroqui
2088 2066 2395 2122 futurarum
2424 2082 2604 2122 rerum
2634 2067 2977 2130 vaticinium,
3017 2066 3235 2121 etiamsi
3268 2063 3411 2120 forte

1843 2161 2046 2217 nullam
2068 2160 2214 2214 aliud
2232 2160 2415 2213 trahat
2438 2159 2845 2223 obscuritatem,
2866 2158 3226 2213 nihilominus
3263 2174 3409 2212 nun-

1842 2267 2005 2323 quam
2036 2265 2193 2320 aaque
2214 2258 2298 2305 est
2318 2248 2566 2312 evidens,
2592 2257 2650 2302 ut
2675 2246 3025 2317 praesentium
3067 2261 3250 2299 rerum
3282 2260 3411 2299 nar—

1842 2346 2004 2401 ratio.
2043 2343 2244 2399 Vernm
2287 2341 2381 2397 ubi
2422 2341 2719 2412 prophetiae
2761 2339 2831 2395 ad
2880 2340 3087 2395 exitum
3138 2338 3413 2409 perducta:

1846 2437 2082 2497 fuerint,
2118 2444 2237 2489 tum
2280 2434 2499 2489 demum
2542 2431 2852 2488 obscuritas
2884 2430 2939 2484 in
2976 2431 3152 2486 lucem
3180 2444 3416 2485 conver-

1844 2532 1995 2584 titur.
2014 2526 2147 2581 Nam
2170 2534 2375 2581 etcum
2403 2524 2568 2579 verba
2593 2521 2951 2589 illa,cSolvite
2990 2521 3257 2591 templum
3285 2521 3411 2587 hoc,

1844 2632 1899 2675 et
1922 2636 2023 2691 ego
2062 2619 2235 2675 tribus
2260 2618 2452 2674 diebus
2473 2617 2724 2673 excitabo
2762 2615 2897 2671 illud
2922 2614 2965 2682 δ,
2997 2634 3016 2666 ι
3057 2630 3088 2670 a
3121 2614 3417 2669 Servatore

1847 2716 1989 2769 dicta
2028 2712 2285 2776 fuerunt,
2349 2726 2458 2766 non
2493 2709 2671 2766 solum
2722 2722 3047 2764 caeterorum
3095 2706 3417 2762 Judteorum

1848 2820 1975 2877 pars
2001 2803 2279 2858 incredula
2326 2810 2381 2856 et
2414 2816 2605 2856 vecors
2649 2800 2999 2870 prophetiam
3038 2811 3217 2867 neque
3250 2795 3424 2849 sensit

1849 2912 2027 2966 neque
2056 2893 2344 2958 intellexit,
2383 2892 2479 2948 sed
2520 2907 2588 2946 ne
2634 2892 2710 2945 illi
2756 2892 2980 2960 quidem
3027 2888 3121 2959 qui
3153 2889 3295 2942 inter
3324 2901 3421 2940 eus

1849 2988 2230 3061 prudentiores
2259 2993 2440 3049 erant,
2475 2993 2530 3040 et
2563 2982 2861 3037 Dominieae
2901 2980 3166 3035 doctrina:
3204 2975 3424 3031 audito-

1851 3097 1959 3144 res,
1994 3079 2390 3151 discipulorum
2434 3091 2629 3145 nempe
2662 3082 2839 3129 cretus
2862 3113 2877 3138 ,
2920 3070 3224 3142 quidquam
3262 3067 3423 3120 intel-

1854 3176 2126 3237 lexcrunt,
2162 3172 2255 3227 sed
2286 3184 2472 3224 rerum
2501 3167 2649 3224 exitu
2698 3166 3051 3236 indiguerunt
3082 3174 3137 3217 ut
3179 3156 3424 3215 vaticinii

1852 3282 2070 3323 sensum
2116 3266 2476 3335 perciperent.
2526 3260 2708 3327 Quare
2741 3275 2842 3313 nec
2880 3272 3009 3312 reus
3053 3254 3426 3311 traducendus

1851 3366 1933 3413 est
1958 3356 2179 3411 Judaens
2206 3398 2221 3422 ,
2261 3355 2393 3425 quia
2421 3352 2677 3405 vaticinia
2725 3351 2791 3404 de
2825 3348 3049 3404 Christo
3099 3357 3225 3401 ante
3261 3346 3423 3414 hujus

1853 3449 2141 3502 adventum
2194 3461 2301 3499 non
2375 3443 2724 3499 intellexerit.
2773 3440 3007 3510 Ideoque
3066 3447 3122 3494 et
3171 3438 3431 3491 Servator

1854 3539 2033 3594 aiebat
2063 3555 2077 3591 :
2115 3556 2134 3588 ι
2166 3534 2279 3589 Nisi
2314 3550 2415 3604 ego
2445 3534 2718 3589 venissem
2745 3532 2958 3601 illlsque
2982 3530 3203 3584 loeutus
3226 3541 3428 3591 essem,

1858 3641 2134 3700 peccatum
2167 3642 2275 3681 non
2311 3626 2672 3680 haberent'.»
2706 3623 2987 3678 Etsienim
3016 3620 3241 3676 oracula
3267 3617 3433 3673 Chri-

1856 3734 2000 3780 stum
2030 3722 2417 3793 przedieebant,
2444 3720 2558 3774 haec
2591 3728 2767 3771 tamen
2803 3715 3244 3769 obscurabautur
3307 3725 3435 3781 pro-

1858 3829 1975 3887 pter
1998 3815 2117 3885 ejus
2147 3815 2239 3883 qui
2260 3811 2646 3882 designabatur
2675 3808 2980 3879 absentiam
3016 3825 3029 3861 :
3069 3820 3180 3875 quo
3214 3804 3433 3858 demum

1859 3916 2147 3979 praesente,
2172 3906 2283 3976 jam
2314 3904 2627 3974 neutiquam
2681 3900 2921 3969 tegmine
2965 3896 3389 3953 obnubehantur
3418 3909 3435 3948 :

1860 4001 1975 4056 sola
1995 4010 2173 4055 autem
2218 3996 2537 4067 improbitas
2553 3993 2919 4063 vecordiaque
2959 3990 3434 4054 refractariorum,

1864 4093 2159 4165 quominus
2191 4091 2240 4146 is
2266 4091 2598 4160 reciperetur
2617 4129 2632 4155 ,
2662 4087 2816 4141 obsta
2831 4086 2945 4140 bat.
2982 4083 3209 4139 Accedit
3242 4084 3307 4137 ad
3338 4082 3438 4137 ob—

1863 4184 2143 4241 scuritatis
2191 4196 2392 4238 causas
2436 4179 2581 4251 quod
2632 4189 2794 4232 vetus
2849 4174 3140 4245 Scriptura
3187 4188 3441 4229 sermone

1866 4277 2055 4333 Graeco
2085 4290 2193 4331 non
2227 4274 2332 4329 l‘uit
2358 4282 2644 4343 concepta,
2672 4271 2767 4325 sed
2793 4284 2857 4324 ex
2888 4267 3157 4323 llehraico
3194 4267 3262 4335 in;
3286 4265 3439 4320 illum

1867 4368 2128 4424 manavit.
2163 4365 2259 4420 Est
2288 4374 2466 4419 autem
2502 4371 2699 4417 natura
2740 4371 3121 4430 comparatum
3171 4366 3227 4411 ut
3259 4358 3443 4411 omnis

1867 4463 2086 4531 lingua,
2122 4475 2245 4529 quae
2283 4460 2338 4511 in
2378 4456 2716 4527 peregrinam
2762 4452 3151 4527 .eonvertitur,
3188 4449 3440 4504 obscuri-

1869 4562 2033 4607 tatem
2069 4547 2584 4615 abstrusionemque
2628 4544 2941 4598 contrahat.
2987 4540 3107 4595 iam
3144 4555 3273 4595 vero
3291 4539 3440 4609 prin-

1866 4644 2008 4712 cipio
2037 4640 2291 4694 Mosaica:
2319 4640 2462 4707 leges
2497 4635 2780 4691 Hebraieae
2824 4634 3022 4704 lingua:
3046 4632 3443 4687 commendata:

1867 4735 2086 4790 inerunt
2116 4751 2129 4787 :
2174 4746 2348 4802 quare
2388 4740 2441 4784 et
2467 4738 2597 4783 tunc
2634 4726 2806 4781 Judaei
2842 4725 2945 4779 soli
2980 4724 3171 4778 notitia
3210 4723 3303 4777 Dei
3340 4737 3439 4791 po-

1866 4827 2141 4881 tiebantur
2167 4842 2181 4890 ;
2212 4824 2435 4891 reliquae
2456 4829 2647 4892 gentes
2678 4818 2879 4873 idolica
2910 4818 3121 4873 insania
3149 4814 3441 4885 jactaban.

1868 4929 1973 4975 tur.
2025 4917 2130 4973 Sed
2166 4916 2311 4971 enim
2338 4913 2544 4969 Christi
2580 4928 2704 4968 cum
2732 4911 3205 4982 appropinquaret
3238 4908 3445 4962 advena

1873 5021 1982 5072 tus,
2008 5003 2307 5074 mundique
2334 5002 2401 5057 ad
2426 5016 2552 5057 eum
2586 5000 2839 5057 voeatio:
2867 5013 3106 5067 cumque
3125 4995 3237 5066 jam
3259 4993 3449 5049 Graeca

1876 5097 2058 5165 lingua
2077 5108 2188 5165 prae
2208 5092 2420 5149 exteris
2441 5090 2496 5144 in
2525 5105 2686 5144 usum
2709 5088 2951 5159 gentium
2982 5097 3196 5153 recepta
3234 5084 3447 5147 fuisset,

1877 5193 2008 5238 tunc
2030 5180 2268 5237 Hebraea:
2302 5178 2523 5233 Littera:
2558 5178 2609 5231 in
2644 5176 2863 5231 Graecas
2890 5189 3173 5230 conversae
3200 5172 3447 5235 luerunt,

1878 5285 2022 5325 anno
2058 5276 2183 5323 ante
2209 5266 2412 5322 Christi
2444 5266 2733 5319 adventum
2771 5263 2859 5316 vix
2889 5262 3191 5317 centesimo
3216 5299 3231 5323 ,
3264 5258 3449 5312 Ptole-

1883 5376 2019 5415 nueo
2053 5358 2166 5429 (39)
2196 5363 2249 5411 in
2277 5354 2510 5427 Egypto
2541 5363 2822 5425 regnante.
2858 5352 3071 5423 Quippe
3110 5352 3359 5415 decebat,
3389 5358 3448 5403 ut

270 5511 295 5545 ⁸
328 5510 373 5566 ιι
402 5510 529 5566 Cor.
566 5525 651 5572 ιιι,
694 5508 781 5563 13.
855 5508 877 5540 ⁸
901 5506 1060 5562 Joan.
1096 5523 1158 5569 ιι,
1192 5505 1278 5560 19.
1354 5505 1376 5535 ⁵
1409 5500 1569 5557 Joan.
1600 5516 1690 5567 xv,
1716 5499 1809 5565 22,
1832 5498 1924 5554 26.

1711 5616 1945 5673 NOTAE.

273 5716 391 5795 ('69)
419 5715 539 5784 Quo
562 5714 890 5795 Ptolemzeo?
916 5713 1050 5795 Nam
1069 5712 1478 5795 Philznlclphum
1509 5710 1634 5795 (sub
1657 5725 1767 5795 quo

199 5782 458 5851 creditur
474 5797 661 5842 curata
710 5785 1104 5857 interpretatio)
1137 5801 1245 5841 non
1270 5784 1481 5840 videtur
1539 5782 1766 5838 l’hotius

1875 5709 2194 5777 intelligere,
2231 5707 2368 5759 inter
2398 5704 2557 5777 cujus
2585 5716 2813 5777 regnum
2844 5699 3161 5770 Christique
3188 5695 3439 5752 nativita-

1875 5789 1980 5835 tem
2019 5774 2359 5834 intercedunt
2380 5775 2507 5831 anni
2535 5774 2784 5829 trecenti.
