4174 6450
76 425 189 488 825

1090 422 1185 482 AD
1218 420 1809 500 AMPHILOCHIUM
1845 419 2189 493 ΟῙΜΞΞΊἹΟ
2224 421 2414 483 CLVI.

3221 424 3329 487 826

76 530 495 604 περιήστραψεν
520 535 554 605 ή
578 534 637 588 έν
657 535 735 607 τῷ
759 534 947 607 βρέφει
963 534 1323 607 καθορωμένη
1349 537 1652 612 ἀπόρρητος

1759 533 1859 587 dor
1896 531 2187 588 ineﬂ‘abilis
2211 541 2266 587 et
2304 534 2515 589 ratione
2534 532 2683 587 omni
2709 531 2981 601 superior,
3022 548 3089 589 ex
3118 535 3329 593 infante

73 625 174 677 καλ⁵
196 624 339 694 ὑπὲρ
360 624 522 693 λόγου
552 627 740 696 αῐγλη,
773 626 849 691 ὡς
875 627 946 681 τά
995 628 1277 701 προϊόντος
1314 628 1411 683 τοῦ
1462 630 1654 701 χρόνου

75 716 178 773 καὶ
210 716 355 770 κατά
404 718 601 788 μικρὸν
644 717 1116 789 ἀνακαλυφθέντα,
1173 720 1367 791 butth
1396 720 1510 792 (l8)
1560 721 1657 774 καὶ

80 802 389 873 τηνικαῦτα
417 804 512 858 καὶ
556 808 637 869 εις
667 807 872 873 γνῶσιν
920 806 1116 878 ἀθρόον
1164 807 1358 864 έλθεῖν.
1398 811 1509 865 Καὶ
1568 810 1657 865 ῐνα

77 894 221 963 μηδὲ
260 894 444 966 χώραν
500 897 609 948 τινὶ
660 897 933 968 παράσχοι
981 899 1191 963 πάντας
1224 899 1393 971 λαοὺς
1424 896 1652 969 ’καλεῖν,

74 988 206 1049 τοὺς
239 987 298 1038 ὲν
334 986 413 1057 τῷ
454 987 727 1041 Ἰουδαίων
775 976 943 1053 rem,
994 990 1193 1060 έπάγει
1239 991 1310 1047 τά
1342 992 1651 1065 εἰρημένα.

80 1096 98 1125 ι
132 1075 256 1136 Φῶς
283 1077 363 1138 εις
395 1077 738 1146 ἀποκάλυψιν
763 1078 955 1142 ιθνῶν,
998 1098 1017 1131 ι
1048 1080 1173 1136 ἀντὶ
1195 1080 1289 1135 τοῦ
1320 1096 1336 1112 ⁸
1368 1082 1561 1154 μηδείς
1586 1100 1655 1153 με

72 1166 174 1219 νῦν
212 1166 421 1237 οἰηθείη
456 1168 635 1223 πάντα
664 1170 852 1224 καλεῖν
878 1170 972 1225 τὸν
1011 1173 1305 1228 Ἰουδαϊκὸν
1335 1174 1484 1238 λαὸν,
1517 1176 1655 1229 ἀλλά

76 1260 304 1334 σύμπαν
332 1260 395 1314 τὸ
421 1261 577 1329 γένος
603 1262 693 1316 διά
727 1264 933 1335 ταύτης
957 1263 1148 1336 μηνύω
1170 1266 1271 1336 τῆς
1298 1268 1504 1336 φωνῆς.
1544 1267 1654 1321 Καὶ

78 1356 188 1422 γὰρ
227 1352 469 1423 σωτηρία
497 1354 593 1407 καὶ
617 1354 999 1427 ἀπολύτρωσις
1033 1355 1188 1412 ισται
1215 1358 1439 1413 πάντων
1474 1351 1651 1425 οὗτος,

70 1442 133 1494 δν
161 1440 274 1509 ἐγὼ
314 1443 583 1514 τεθέαμαι
608 1444 705 1498 καὶ
752 1447 812 1497 έν
844 1445 1114 1513 ἀγκάλαις
1153 1446 1333 1519 φέρω.
1378 1448 1491 1505 Καὶ
1531 1450 1653 1502 οὐδὲ

74 1533 246 1604 μέχρι
282 1533 474 1588 τούτου
534 1536 804 1608 ἠρκέσθη.
865 1535 1006 1592 Ἀλλ’
1060 1528 1510 1594 ἀντιδιαστέλλων
1563 1539 1653 1593 τὸν

84 1625 324 1695 Ἰσραήλ,
337 1645 355 1678 ι
382 1627 557 1681 πάντα
571 1630 639 1683 τά
654 1628 780 1701 ἔθνη
793 1648 813 1683 ι
842 1630 1257 1693 έπισυνάπτει,‹
1283 1631 1399 1701 φῶς
1420 1633 1500 1695 εις
1516 1633 1652 1686 ἀπο-

74 1716 316 1785 κάλυψιν
348 1717 519 1771 έθνῶν
538 1720 811 1786 καὶδόξαν
841 1721 973 1775 λαοῦ
1021 1741 1115 1777 σου
1180 1724 1414 1793 Ἰσραήλ.
1446 1744 1466 1777 ι
1525 1720 1651 1778 Οἷον

71 1808 234 1877 κοινὴ
261 1809 361 1877 μέν
384 1810 500 1863 ἔστι
524 1812 769 1882 σωτηρία
790 1811 852 1864 τὸ
881 1812 1429 1885 ἀγκαλοφορούμενον
1450 1813 1650 1885 βρέφος

68 1902 189 1962 τοῖς
220 1900 394 1954 έθνεσι
421 1906 576 1968 πᾶσι,
612 1904 708 1957 καὶ
742 1903 819 1975 τῷ
861 1905 1102 1977 Ἰσραήλ.
1174 1906 1333 1961 ’Δλλά
1388 1909 1504 1970 τοῖς
1552 1908 1650 1978 μὲν

71 1991 216 2057 φῶς,
249 1991 330 2045 ὅτι
349 1991 442 2045 τοῦ
474 1994 697 2058 σκότους
727 1994 909 2065 ἐξάγει
935 1998 1034 2069 τῆς
1056 1998 1526 2071 εῖδωλολατρειας.
1558 2000 1650 2074 Τῷ
1708 2058 1711 2063 ,

71 2082 128 2134 ἃ
149 2082 301 2148 δόξα,
323 2084 493 2137 ὅτιτά
509 2085 718 2148 τούτοις
744 2088 912 2143 πάλαι
938 2091 1146 2162 νόμιμα
1165 2091 1386 2147 δοθέντα
1403 2092 1539 2164 (49),
1562 2095 1649 2150 διά

70 2174 174 2243 τῆς
204 2174 491 2246 ειδωλικῆς
523 2177 963 2249 ἀπεκαθαιροντο
984 2183 1201 2253 ἀχλύος,
1235 2185 1316 2247 εις
1342 2184 1507 2253 δόξαν
1526 2186 1651 2256 ικαὶ

50 2266 392 2334 ,τελειότητα
426 2269 723 2337 μεταϐαλεῖ
752 2271 887 2340 (50).
916 2273 1026 2327 Καὶ
1073 2274 1249 2340 ἄλλως
1280 2276 1337 2330 δὲ
1384 2277 1511 2345 δόξα
1555 2276 1648 2331 τοῦ

84 2358 481 2427 Ἰσραηλιτικοῦ
505 2358 635 2413 λαοῦ
660 2363 688 2413 ὁ
707 2362 940 2433 τεχθεὶς,
983 2364 1079 2419 ἀτε
1107 2366 1173 2437 δὴ
1217 2368 1283 2421 έκ
1337 2368 1651 2439 σπέρματος

70 2447 167 2500 τοῦ
238 2448 486 2519 Ἀϐραὰμ
543 2449 831 2523 ἀνθρωπος
880 2454 1140 2522 γεγονώς.
1190 2455 1406 2527 Μικροῦ
1458 2457 1517 2513 δὲ
1556 2458 1650 2511 καὶ

82 2541 316 2606 Ἠσαῖας
346 2543 373 2594 ό
405 2534 695 2614 προφήτης
727 2544 795 2598 τά
821 2546 961 2600 αύτά
984 2549 1412 2620 προανακρίνεζει,
1441 2549 1612 2618 λέγων
1632 2566 1646 2580 ·

78 2650 95 2681 ι
151 2630 308 2695 Ἰδοὺ,
334 2632 553 2688 τέθεικά
586 2652 645 2687 σε
692 2636 771 2698 εἰς
801 2637 915 2707 φῶς
939 2637 1130 2705 ἐθνῶν,
1186 2638 1394 2703 ἀνοῖξαι
1446 2632 1648 2708 ὀφθαλ-

75 2725 219 2792 μοὺς
245 2724 483 2795 τυφλῶν,
522 2746 542 2782 r
576 2729 823 2782 τουτέστι
874 2732 1175 2800 παρασχεῖν
1211 2732 1342 2801 ὀρᾷν
1389 2733 1483 2784 και
1530 2730 1648 2785 δια-

74 2817 319 2869 στέλλειν
349 2817 408 2871 τὸ
442 2819 559 2888 φῶς
588 2821 652 2872 ὲκ
672 2820 766 2875 τοῦ
797 2821 1025 2885 σκότους
1058 2822 1175 2892 (5|)
1221 2823 1318 2876 καὶ
1367 2822 1467 2893 τὴν
1515 2822 1651 2895 ἀλήυ

73 2909 231 2961 1ἔδειξεν
253 2909 316 2961 ὲκ
336 2909 430 2962 τοῦ
465 2909 717 2979 ψεύδους,
769 2912 865 2965 καὶ
904 2914 1005 2989 τὴν
1053 2913 1337 2966 εὐσέϐειαν
1386 2914 1496 2967 ἀπὸ
1549 2914 1651 2986 τῆς

72 3001 307 3071 πλάνης.
346 3002 438 3055 Διὸ
466 3002 562 3056 καὶ
586 3004 615 3055 ὁ
643 3003 807 3057 Δαϐὶδ
840 3004 1045 3072 ταύτην
1092 3004 1325 3077 κροτῶν,
1364 3007 1527 3060 οἱονεὶ
1558 3023 1650 3076 χοε

73 3090 252 3158 ρεύων
303 3093 397 3145 καὶ
450 3092 845 3165 ἀνακηρύττων
892 3094 991 3165 τήν
1040 3096 1337 3166 σωτηρίαν,
1399 3116 1417 3148 ι
1463 3098 1648 3151 Πάντα

74 3180 225 3273 ἔθνη,
254 3183 409 3252 φησὶ,
444 3186 750 3256 κροτήσατε
786 3188 999 3263 χεῖρας.
1046 3187 1129 3240 ὃτι
1164 3187 1363 3257 Κύριος
1399 3188 1644 3258 ὕψιστος,
1673 3211 1717 3273 C

74 3272 327 3343 φοϐερὸς,
358 3276 621 3340 Βασιλεὺς
646 3277 823 3346 μέγας
877 3279 970 3331 ἐπὶ
1004 3283 1179 3335 πᾶσαν
1226 3284 1323 3351 τὴν
1365 3283 1487 3352 γῆν.
1527 3301 1546 3332 ι
1588 3283 1649 3335 Εἰ

72 3364 129 3415 δὲ
162 3364 293 3429 λαὸς
317 3368 409 3420 τοῦ
438 3369 676 3438 Χριστοῦ
726 3373 819 3423 καὶ
847 3371 1089 3439 λέγεται,
1139 3372 1236 3428 καὶ
1290 3373 1439 3426 εστιν
1484 3374 1513 3426 ὁ
1551 3375 1649 3427 Ἰσ-

76 3457 234 3526 ραὴλ,
264 3460 401 3528 πρὸς
438 3462 507 3513 τὰ
537 3462 664 3530 ἔθνη
702 3464 1165 3535 διαστελλόμενος,
1197 3466 1566 3520 διαστέλλεται
1592 3466 1647 3520 δὲ

74 3550 293 3613 παντως
324 3553 433 3614 τοῖς
464 3569 523 3604 τε
558 3555 876 3619 Μωσαῖκοῖς
912 3557 1098 3627 νόμοις
1149 3557 1244 3610 καὶΙ
1280 3559 1393 3622 τοῖς
1447 3557 1645 3623 ἔθνεσι,

71 3640 250 3709 δῆλον,
290 3643 393 3711 ὅτι,
425 3642 525 3696 κᾶν
558 3646 725 3715 μήπω
751 3647 849 3717 τῆς
878 3648 1099 3718 χάριτος
1150 3647 1492 3717 ἀπήλαυσεν,
1550 3649 1647 3702 καὶ

72 3734 225 3796 ἐντὸς
254 3734 457 3802 ταύτης
484 3737 872 3808 ἐχρημάτισεν,
904 3738 1028 3802 λαὸς
1079 3738 1175 3792 καὶ
1204 3733 1357 3802 οὗτός
1406 3740 1523 3793 ἔστι
1551 3738 1646 3793 τοῦ

73 3825 336 3893 Χριστοῦ.
379 3827 439 3881 El
467 3829 522 3882 δὲ
576 3832 604 3882 ὁ
637 3831 694 3882 ὲν
741 3834 807 3902 τῇ
862 3831 1069 3903 παλαιᾷ
1098 3830 1342 3907 Διαθήκῃ
1384 3831 1513 3896 λαὸς
1551 3833 1646 3886 τοῦ

74 3917 314 3987 Χριστοῦ
346 3921 491 3972 ἐστιν
529 3922 655 3985 λαὸς
684 3923 799 3993 (52)
851 3924 968 3985 πῶς
1017 3924 1116 3978 ούκ
1160 3925 1534 3994 ὲμφράττεται
1579 3924 1649 3979 τὰ

79 4007 343 4061 ἀπύλωτα
381 4009 648 4079 στόματα.
679 4012 746 4064 τά
768 4013 873 4065 ἀπὸ
896 4013 1173 4077 Μάνεντος
1203 4015 1283 4077 εις
1305 4013 1500 4085 έτέραν
1527 4014 1648 4069 τού-

75 4115 199 4163 τους
232 4102 677 4172 παραπέμποντα
706 4104 885 4176 ἀρχήν
920 4105 1056 4177 (55).

142 4367 250 4420 Τοῦ
280 4366 530 4437 μέντοιγε
568 4368 878 4441 πρεσϐύτου
909 4370 1217 4440 Συμεῶνος,
1268 4369 1646 4441 θεολογοῦντος

72 4458 137 4509 τὰ
171 4459 464 4528 εἰρημένα,
494 4456 584 4531 ἦν,
616 4461 779 4528 φησιν
817 4460 955 4530 (54),
981 4479 999 4511 ι
1050 4460 1247 4532 Ἰωσὴφ
1277 4463 1369 4515 καὶ
1401 4463 1434 4533 ή
1464 4463 1647 4533 μήτηρ

1758 622 2004 683 micans,
2031 624 2223 679 oculos
2255 625 2376 693 ejus
2400 624 2828 694 perstringebat,
2887 632 2969 687 ut,
3018 641 3139 694 qua:
3173 627 3331 697 iupo-

1757 721 2257 768 sterumeventura
2289 725 2345 769 et
2399 704 2546 769 brevi
2590 714 2883 783 aperienda
2944 724 3125 781 erant,
3163 717 3329 773 etiam

1756 812 1908 870 tunc,
1939 801 2102 873 idque
2130 804 2465 873 plenissime,
2494 804 2848 874 perspiceret.
2897 802 2978 859 Ne
2998 820 3130 860 vero
3159 820 3325 861 occa-

1756 892 1969 947 sionem
1998 894 2253 963 cuiquam
2290 894 2494 950 faceret
2525 894 2866 964 suspicandi,
2914 909 2974 950 se
3006 909 3103 965 per
3152 910 3329 965 popu-

1755 985 1839 1041 los
1867 986 1989 1041 illos
2017 1001 2208 1043 omnes
2236 986 2548 1043 Iudaeorum
2569 996 2780 1043 tantum
2805 996 3023 1060 gentem
3061 988 3327 1054 indicare,

1754 1079 2039 1149 sequentia
2095 1080 2419 1149 subiungit:
2490 1099 2509 1131 ι
2569 1078 2772 1136 Lucem
2830 1081 2885 1135 in
2935 1079 3327 1137 revelatiouetn

1755 1172 2015 1242 gentium.
2051 1189 2071 1223 ι
2103 1170 2271 1238 Quasi
2306 1171 2513 1227 diceret
2547 1188 2561 1225 :
2602 1170 2772 1226 Nemo
2815 1181 2991 1243 putet,
3023 1187 3111 1227 me
3135 1172 3205 1228 de
3232 1170 3330 1226 Ju-

1754 1262 1909 1318 daica
1958 1273 2117 1331 gente
2161 1261 2307 1317 omni
2337 1270 2549 1315 tantum
2587 1261 2771 1330 loqui;
2833 1263 2943 1317 imo
2990 1278 3120 1317 vero
3153 1270 3326 1317 totum

1756 1346 2037 1409 hominum
2073 1368 2242 1424 genus
2278 1354 2385 1410 hac
2406 1367 2547 1409 voce
2572 1354 2774 1411 indico.
2804 1354 2903 1408 Ille
2954 1354 3125 1421 enim,
3162 1370 3325 1425 quem

1752 1443 1884 1506 vidi,
1909 1458 2183 1513 quemque
2217 1443 2360 1499 ulnis
2413 1442 2552 1508 fero,
2615 1442 2867 1497 omnium“
2915 1443 3067 1499 salus
3117 1444 3223 1499 erit
3273 1454 3329 1501 et

1752 1533 1975 1589 vindex.
2013 1533 2131 1588 Imo
2157 1548 2258 1589 nec
2311 1534 2367 1588 in
2415 1533 2503 1589 bis
2554 1532 2849 1603 acquievit,
2895 1534 3013 1597 sed,
3070 1534 3327 1590 lsraelem

1755 1625 2173 1688 distincturusu
2194 1634 2381 1696 gentes
2398 1640 2588 1681 omnes
2608 1625 2709 1679 tilli
2736 1626 2855 1681 voci
2869 1626 3101 1698 jungit,t
3127 1628 3324 1695 lucem,

1752 1714 2045 1785 inquiens,
2100 1716 2168 1771 ad
2224 1710 2610 1772 revelatiouem
2663 1717 2929 1787 gentium,
2988 1728 3044 1772 et
3094 1718 3326 1789 gloriam

1755 1808 1936 1877 populi
1968 1808 2044 1862 tui
2081 1808 2379 1863 lsraelis".
2424 1828 2442 1859 ι
2479 1808 2687 1864 Sensus
2716 1817 2842 1863 est:
2894 1806 3100 1874 Infans,
3164 1823 3326 1879 quem

1756 1898 1897 1953 ulnis
1921 1896 2055 1966 fero,
2107 1899 2338 1955 salutem
2389 1899 2606 1970 quidem
2662 1899 2915 1970 gentibus
2961 1881 3224 1956 omnibus
3275 1908 3330 1953 et

1751 1988 1937 2045 lsraeli
1966 2006 2183 2062 quoque
2211 2007 2561 2047 communem
2623 1992 2811 2059 επακ
2847 2001 2905 2047 at
2956 1992 3065 2047 illis
3102 1992 3323 2063 quidem

1750 2088 1834 2134 est
1860 2081 2032 2135 instar
2069 2082 2232 2148 lucis,
2286 2100 2351 2137 ex
2420 2081 2742 2138 idololatriae
2777 2082 3018 2137 tenebris
3065 2097 3159 2138 eas
3190 2082 3326 2138 edu-

1750 2186 1913 2238 cens;
1974 2172 2102 2229 huic
2162 2190 2290 2229 vero
2317 2174 2548 2245 gloriam
2608 2175 2771 2245 parit,
2824 2174 2956 2244 quia
3013 2172 3157 2244 leges
3186 2174 3322 2245 ipsis

1751 2264 2001 2337 (ἐνατία)
2054 2267 2181 2322 olim
2217 2267 2393 2330 datas,
2434 2282 2555 2336 qua:
2584 2266 2821 2337 caligine
2851 2266 3182 2321 idololatriae
3219 2268 3321 2321 ob-

1749 2360 2022 2415 scuriores
2049 2360 2430 2427 reddebantur,
2460 2358 2854 2429 splendidiores
2887 2367 2942 2413 et
2966 2358 3321 2429 perfectiores

1749 2452 1957 2529 reddet.
1987 2451 2107 2505 Alia
2140 2466 2271 2507 vero
2292 2452 2453 2505 etiam
2486 2454 2696 2529 ratione
2748 2461 2912 2507 natus
2972 2452 3065 2508 ille
3116 2453 3171 2509 in
3204 2454 3323 2522 glo-

1751 2528 1888 2598 riam
1952 2543 2139 2613 pOpuli
2202 2542 2485 2598 lsraelitici
2533 2528 2819 2614 vergebat,
2879 2544 3084 2614 quippe
3129 2545 3221 2613 qui
3253 2560 3322 2600 ex

1748 2633 2047 2688 Abrahami
2078 2634 2287 2688 semine
2309 2632 2587 2688 hominem
2619 2633 2909 2689 induisset.
2929 2635 3108 2704 Atque
3132 2634 3335 2689 eadem.

1749 2721 1862 2779 fere
1905 2725 2083 2781 Isaias
2113 2725 2373 2796 propheta
2430 2734 2587 2781 antea
2642 2726 3037 2795 pronuntiavit,
3079 2727 3268 2782 dicens
3302 2744 3317 2781 :

1754 2831 1775 2865 ι
1811 2812 1949 2869 Ecce
1982 2816 2136 2883 posui
2179 2824 2231 2870 te
2261 2815 2314 2869 in
2347 2815 2530 2870 lumen
2565 2816 2835 2886 gentium,
2877 2825 2935 2870 ut
2955 2817 3170 2885 aperias
3194 2832 3327 2872 ocu-

1750 2904 1834 2960 los
1886 2919 2153 2959 caecorum
2173 2906 2239 2965 ⁷⁸,
2283 2924 2303 2957 ι
2359 2906 2464 2960 hoc
2529 2913 2640 2969 est,
2702 2904 2873 2962 facias
2915 2916 2975 2961 ut
3026 2906 3245 2962 videant
3272 2918 3326 2963 et

1748 2995 2082 3066 distinguant
2135 2995 2309 3051 lucem
2341 3012 2406 3053 ex
2438 2997 2698 3061 tenebris,
2746 2999 3027 3053 veritatem
3062 3014 3126 3054 ex
3167 3016 3323 3054 men-

1750 3084 1925 3149 dacio,
1956 3094 2008 3141 et
2036 3086 2286 3156 pietatem
2316 3102 2379 3141 ex
2404 3086 2566 3141 variis
2591 3087 2714 3143 vita:
2738 3088 3041 3144 erroribus.
3070 3088 3327 3157 PrOpter-

1750 3190 1813 3230 ea
1870 3184 1923 3231 et
1953 3175 2139 3244 David,
2168 3178 2411 3233 eamdem
2448 3179 2700 3244 salutem,
2748 3179 2920 3234 instar
2954 3178 3321 3249 tripudiantis,

1750 3266 2066 3333 decantans,
2123 3277 2176 3323 et
2208 3270 2596 3339 praenuntiam,
2636 3290 2653 3322 ι
2690 3269 2910 3335 Omnes,
2939 3270 3139 3340 inquit;
3177 3288 3310 3342 gen-

1750 3367 1855 3421 tes,
1900 3358 2140 3428 plaudite
2177 3361 2447 3426 manibus,
2511 3363 2638 3430 quia
2672 3364 2959 3430 .ltominus
2984 3362 3233 3417 excelsus
3266 3358 3323 3417 ei

1751 3448 2081 3514 tremendus,
2113 3452 2227 3501 Rex
2257 3465 2484 3521 magnus
2508 3460 2590 3504 est
2625 3465 2787 3519 super
2814 3431 3011 3504 terram
3036 3451 3103 3503 ".
3126 3448 3147 3502 ἰ
3169 3449 3319 3518 Quo-

1748 3537 1895 3591 niam
1923 3552 2052 3592 vero
2084 3538 2247 3607 Israel
2281 3546 2333 3594 et
2364 3550 2588 3595 vocatur
2618 3553 2687 3617 ⁴ει
2720 3551 2802 3595 est
2833 3542 3067 3610 populus
3093 3540 3318 3609 Christi,

1748 3628 1969 3697 quando
1990 3629 2241 3697 gentibus
2269 3632 2582 3699 opponitur,
2611 3632 2901 3700 opponitur
2924 3646 3057 3687 vero
3084 3623 3315 3687 omnino

1746 3726 1800 3772 el
1829 3716 2079 3772 Mosaicis
2112 3710 2318 3789 legibus
2337 3729 2391 3773 et
2422 3720 2691 3790 gentibus,
2726 3729 2874 3789 patet
2906 3722 3113 3791 utique,
3147 3723 3314 3791 quod,

1747 3807 1959 3862 etiamsi
2016 3825 2290 3879 nunquam
2344 3812 2530 3880 gratia:
2587 3810 2855 3879 particeps
2921 3811 3315 3877 factus'esset,

1747 3900 1975 3970 ejusque
2007 3902 2245 3955 fructum
2280 3904 2531 3971 cepisset,
2593 3902 2676 3956 vel
2735 3903 2814 3956 sic
2846 3902 3052 3958 Christi
3084 3906 3319 3973 populus

1746 3992 2060 4047 exstitisset.
2110 3992 2263 4059 Quod
2291 3993 2334 4048 si
2370 4009 2497 4047 vero
2542 3995 2793 4065 populus,
2828 3995 2881 4073 in
2917 3997 3082 4051 veteri
3118 3996 3321 4053 findere

1746 4086 2069 4157 appellatus,
2132 4086 2331 4141 Christi
2396 4096 2479 4142 est
2525 4089 2777 4158 populus,
2838 4105 3017 4144 nonne
3047 4091 3153 4147 hoc
3201 4092 3319 4161 ipso

1746 4178 2007 4233 effrenata
2034 4177 2458 4235 Manichaeorum
2502 4194 2599 4236 ora
2655 4181 2999 4247 obturantur,
3036 4184 3129 4253 qui
3193 4183 3320 4238 illos

1747 4270 1903 4325 alteri
1930 4270 2145 4326 cuidam
2171 4272 2436 4341 principio
2462 4282 2718 4341 acceptos
2744 4272 2923 4326 ferunt
2945 4273 2967 4325 τ

1748 4345 1753 4349 5
1818 4352 2116 4424 Ceterum,
2150 4362 2416 4435 Symeone
2446 4377 2574 4417 sene
2613 4369 2866 4433 mysteria
2901 4365 3011 4417 lttec
3046 4364 3115 4417 ita
3166 4366 3314 4419 edis-

1747 4465 1979 4521 serente,
2010 4475 2029 4507 ι
2061 4454 2351 4525 Josepbus,
2383 4458 2525 4525 quod
2558 4454 2733 4510 Lucas
2782 4457 2876 4519 ait,
2908 4465 2961 4509 et
2995 4466 3165 4509 mater
3193 4458 3315 4525 ejus

73 4546 238 4599 αὐτοῦ
265 4546 633 4617 θαυμάζοντες
664 4550 757 4602 ἐπὶ
778 4553 888 4613 τοῖς
907 4549 1251 4620 λαλουμένοις
1270 4552 1397 4623 περὶ
1418 4550 1605 4618 αὐτοῦ,
1619 4571 1638 4603 ι

1750 4546 2097 4601 mirabantur
2118 4562 2179 4600 ea
2236 4562 2357 4615 quae
2394 4547 2462 4600 de
2495 4546 2587 4599 illo
2616 4546 2755 4599 dicta
2781 4546 3021 4599 erant”.
3069 4563 3088 4597 ι
3145 4544 3315 4600 Mira-

74 4636 466 4707 θαυμάζοντες,
491 4640 590 4710 ούχ
625 4641 707 4694 ὃτι
740 4640 836 4694 νῦν
882 4640 991 4694 τῶν
1022 4642 1161 4713 ὑπὲρ
1201 4642 1357 4711 λόγον
1406 4644 1507 4713 τήν
1548 4644 1644 4698 νῦν

72 4730 274 4793 γνῶσιν
313 4730 575 4799 ἐδέχοντο,
630 4731 747 4784 ἀλλ’
804 4733 996 4805 ὅτιπερ
1046 4733 1140 4792 in)
1185 4735 1299 4797 τοῖς
1348 4734 1643 4806 ὑπερφυῶς

73 4824 545 4892 προεγνωσμένοις
585 4824 680 4878 καὶ
743 4823 914 4878 ταῦτα
995 4824 1443 4896 προσελάμϐανον
1506 4824 1642 4895 (55).

84 4908 409 4980 ’Υπερφυῶν
442 4912 551 4983 γάρ
583 4910 922 4985 πραγμάτων
960 4913 1184 4981 γνῶσις,
1216 4914 1408 4977 ὁσάκις
1449 4913 1516 4967 ἂν
1564 4916 1645 4978 εἰς

76 5000 298 5073 μνήμην
327 5001 449 5067 ἀγει
476 5003 567 5056 τὸν
594 5004 895 5072 έγνωκότα,
928 5003 1255 5067 τοσαυτάκις
1294 5005 1352 5055 έν
1371 5004 1492 5064 ταῖς
1519 5002 1641 5056 δια-

74 5092 241 5156 νοίαις
295 5092 630 5160 ἀνακαινίζει
681 5095 742 5150 τὸ
793 5094 998 5166 θαῦμα.
1055 5090 1188 5148 Εῐτα
1244 5094 1566 5157 συντελέσας
1614 5093 1643 5147 ό

142 5200 185 5229 ⁷⁷
211 5199 321 5257 lsa.
352 5218 502 5273 sus,
529 5204 583 5261 6.
659 5205 706 5238 "
733 5204 840 5262 πει.
868 5220 1014 5270 sui,
1055 5203 1111 5259 7.
1186 5203 1232 5236 "
1258 5202 1403 5259 Psal.
1436 5219 1582 5266 un,
1612 5205 1667 5258 2.

1750 4639 1968 4704 bantur,
2000 4638 2195 4707 inquit,
2239 4654 2345 4693 non
2424 4637 2662 4707 quidem,
2718 4638 2860 4706 quod
2908 4646 3037 4691 tunc
3092 4638 3313 4691 demum

1748 4745 1961 4795 eorum,
2000 4745 2121 4797 qua:
2152 4730 2417 4783 rationem
2451 4742 2667 4782 omnem
2707 4728 3062 4796 superabant,
3123 4730 3315 4782 notitia

1750 4820 2174 4885 instruerentur,
2199 4820 2293 4874 sed
2322 4819 2464 4889 quod
2497 4819 2833 4887 praeterilla,
2867 4834 2989 4887 qua:
3011 4834 3077 4874 ex
3120 4835 3315 4890 super-

1752 4911 2090 4967 naturalibus
2120 4921 2242 4964 ante
2267 4910 2483 4979 cognita
2513 4908 2803 4972 habebant,
2830 4908 2994 4964 etiam
3025 4910 3139 4964 haec
3169 4912 3312 4965 reci-

1751 5003 1987 5072 piebant.
2015 4999 2242 5067 Quoties
2276 5002 2419 5055 enim
2455 5000 2801 5054 insolentium
2840 5016 3022 5056 rerum
3049 5004 3313 5056 memoria

1748 5093 1876 5155 illis,
1935 5092 2029 5161 qui
2085 5107 2178 5147 eas
2204 5099 2421 5156 norunt,
2477 5090 2788 5162 refricatur,
2822 5094 2983 5149 t0ties
3029 5092 3318 5148 admiratio

1770 5202 1816 5235 ⁸⁸
1846 5201 1976 5257 Luc.
2010 5218 2071 5269 tt,
2110 5202 2199 5257 55.

1584 5332 1790 5391 NOTAE
1801 5376 1814 5389 .

143 5430 255 5502 (48)
287 5429 362 5485 Ita
406 5430 562 5485 Colb.
590 5433 939 5502 prolxs‘lvov.

142 5495 255 5570 (49)
297 5505 431 5555 Αηιε
461 5495 646 5554 νοεεῐη
673 5500 759 5555 διὰ
786 5511 919 5570 puto
947 5499 1214 5554 excidisse
1265 5495 1300 5549 ἀ
1350 5510 1444 5565 ρει·
1485 5503 1637 5570 ante-

142 5518 255 5570 (43)
297 5518 431 5555 ante
461 5518 646 5554 vocem
673 5518 759 5555 οια
826 5518 919 5555 uto
947 5518 1214 5554 exemisse
1265 5518 1300 5549 α
1350 5518 1444 5565 per
1485 5518 1631 5548 ame-

78 5572 354 5625 ce’dentem
385 5570 648 5639 syllabam
668 5588 755 5623 τα.
778 5518 833 5624 (ἷι
858 5586 986 5623 vero
1005 5570 1315 5638 frequenter
1336 5582 1436 5619 usu
1465 5565 1631 5618 venit.

296 5640 566 5713 εἰσϐολὴ.
591 5656 688 5713 pro
717 5640 1033 5713 μετακαλεῖ.
1102 5707 1126 5713 _
1284 5706 1294 5713 _
1521 5704 1530 5713 ,

170 5703 261 5770 5i)
294 5712 469 5784 Codex
496 5709 566 5763 ita
591 5703 611 5764 Ξ
639 5703 916 5784 τρσκότος
945 5711 1008 5784 ὲκ
1038 5707 1129 5784 τοῦ
1162 5706 1359 5784 φωτδς,
1418 5703 1640 5784 vocibus

82 5792 244 5843 prave
276 5790 330 5833 ει
397 5780 841 5835 inconvenienter
892 5777 1313 5848 positis,.q-tod
1360 5777 1624 5843 sequenti:

81 5860 358 5903 CHnClllll.

1812 5424 1925 5495 (52)
1954 5422 2195 5495 λαδςίεει
2221 5438 2283 5477 ει
2309 5423 2463 5479 Colb.

1816 5491 1930 5564 (55)
1962 5494 2238 5547 Manichaei
2264 5496 2409 5547 enim
2442 5503 2498 5548 et
2535 5491 2774 5557 Judteos,
2803 5493 3053 5564 etglegem
3114 5492 3310 5564 Blossi-

1746 5562 1863 5619 cam
1912 5562 2074 5617 ‘malo
2119 5564 2386 5631 principio
2442 5566 2493 5617 in
2551 5566 2785 5631 acceptis
2853 5562 3117 5618 ferebant.
3177 5563 3315 5617 Vide

1745 5633 1923 5689 Pbotii
1964 5630 2162 5686 llbrutn
2191 5633 2212 5686 Ι
2240 5630 2439 5686 Contra
2464 5630 2805 5699 Manichtzos,
2837 5642 2967 5688 lout.
3006 5632 3114 5687 Cll.

1817 5702 1928 5772 (54)
1954 5702 2108 5772 Colb.
2140 5716 2236 5771 pro
2256 5705 2436 5768 φασιν.

1820 5771 1935 5843 (55)
1976 5771 2129 5827 Colb.
2161 5774 2280 5827 loco
2307 5772 2735 5842 προελάμϐανον.
