4174 6450
772 419 876 484 82⁵1

1932 409 2198 472 ΡΗΟΤΙΙ
2223 406 2736 500 ΡΑΊἮῘΑΒΕΗΕ
2773 406 2884 469 CP.

777 529 946 585 animi
972 529 1151 585 denuo
1185 535 1503 584 renovatur.
1558 523 1888 580 Periunctus
1945 521 2018 576 ita
2071 535 2239 577 senes
2271 532 2371 573 no-

2481 516 2795 587 πρεσϐύτης
2830 515 2932 588 τὴν
2983 515 3066 577 είς
3120 513 3184 568 τὺ
3217 511 3376 568 Θεῐον
3431 511 3769 581 δοξοκοίιαν,
3803 512 4082 584 τρέπετιι

776 633 889 679 star
923 620 1098 677 divini
1133 618 1390 676 Numinis
1432 618 1708 680 laudibus,
1742 615 1980 685 denique
2009 629 2068 670 se
2100 614 2167 668 ad
2196 611 2363 667 bene-

774 713 1073 770 dictionem
1139 712 1381 775 illorum,
1437 711 1532 781 qui
1578 707 1843 763 infantem
1871 707 2192 771 attulerant,
2225 717 2358 759 con-

777 805 961 863 vertit.
1017 805 1159 862 Hinc
1199 819 1331 859 vero
1373 803 1441 858 ad
1493 809 1726 856 matrem
1773 801 1948 854 solam
1997 798 2163 853 verba
2209 795 2364 851 facit.

784 919 804 951 ε
847 898 1132 954 Benedisit
1164 897 1312 952 enim
1343 895 1450 950 illis
1478 895 1750 965 Symeon,
1785 898 1841 946 et
1877 891 1945 946 ad
1971 889 2221 956 Mariam,
2251 903 2368 944 ma-

781 1001 923 1048 trem
953 992 1094 1062 ejus,
1143 989 1283 1044 dixit
1308 987 1380 1040 ⁸⁸.
1422 1005 1442 1038 s
1480 986 1562 1040 Ad
1601 983 1851 1048 Mariam,
1883 983 2082 1054 inquit,
2113 992 2364 1046 matrem,

782 1098 890 1139 non
916 1083 985 1138 ad
1012 1080 1334 1150 Josepbum,
1359 1088 1568 1148 patrem
1601 1076 1747 1146 ejus.
1782 1072 2158 1131 Nihilominus
2185 1083 2366 1130 tamen

783 1175 1030 1244 utrisque
1056 1171 1492 1228 benedictionem
1539 1169 1874 1240 impertitur,
1937 1169 2190 1240 quamvis
2229 1165 2368 1221 allo-

781 1268 1079 1332 cutionem,
1109 1265 1179 1322 de
1203 1264 1370 1320 rebus
1397 1263 1651 1335 inprimis
1681 1263 2113 1325 sublimioribus,
2148 1259 2214 1314 ad
2247 1271 2368 1313 ma-

781 1367 920 1414 trem
951 1357 1126 1414 solam
1161 1357 1414 1412 instituat
1447 1373 1463 1410 :
1500 1363 1560 1411 ut
1595 1354 1811 1411 scilicet
1859 1351 2141 1409 communi
2199 1352 2368 1405 bene-

782 1450 1025 1504 dictione
1074 1448 1218 1504 facta
1296 1447 1596 1518 Josephum
1685 1447 1930 1518 parentis
1993 1444 2184 1501 habitu
2260 1457 2371 1496 non

783 1556 1013 1613 prorsus
1040 1541 1258 1612 privet;
1312 1539 1476 1595 simul
1523 1546 1707 1594 tamen
1737 1537 1920 1592 verbis
1970 1535 2108 1600 suis,
2155 1533 2222 1589 ad
2253 1547 2373 1586 ma-

784 1645 924 1689 trem
950 1633 1231 1702 speciatim
1256 1632 1498 1703 perlatis,
1527 1630 1795 1701 virginem
1828 1631 1898 1685 ab
1922 1643 1988 1683 eo
2008 1627 2370 1698 distinguens,

783 1741 906 1782 eam
940 1741 1068 1782 vere
1097 1736 1326 1780 matrem
1355 1724 1476 1795 ejus
1527 1722 1876 1795 proﬁteatur.
1935 1719 2076 1786 Quid
2132 1733 2264 1774 vero
2303 1719 2370 1772 ad

786 1826 1015 1874 matrem
1046 1817 1338 1888 loquitur?
1369 1835 1388 1868 ι
1426 1815 1524 1871 Hic
1555 1815 1703 1885 jacet
1733 1813 1788 1867 in
1837 1813 2052 1882 lapsum
2099 1820 2157 1866 et
2187 1825 2376 1866 resur-

786 1913 1087 1965 rectionem
1138 1912 1432 1963 multorum
1485 1908 1539 1961 in
1590 1904 1781 1968 Israel,
1829 1913 1885 1958 et
1927 1905 1982 1958 in
2011 1904 2252 1974 signum,
2286 1901 2376 1958 cui

784 1997 1269 2055 condradicitur“.
1311 2017 1331 2050 ι
1354 1997 1541 2060 Vides,
1571 2010 1700 2052 eum
1732 2003 1901 2050 totam
1931 1993 2177 2064 mysterii
2208 1993 2377 2063 hujus

785 2091 1154 2146 conditionem
1186 2090 1503 2146 summatim
1537 2087 1751 2158 Virgini
1785 2086 2021 2156 aperire,
2062 2085 2214 2138 illam
2241 2099 2374 2139 vero

783 2181 908 2251 ejus
934 2181 1342 2236 enarrationem
1373 2189 1564 2251 postea
1596 2179 1906 2235 instituere.
1935 2176 2096 2244 Quod
2136 2176 2183 2232 si
2221 2176 2374 2232 inse-

784 2283 914 2330 cuta
968 2284 1288 2331 sanctorum
1342 2273 1585 2328 virorum
1631 2271 1855 2327 oracula
1889 2267 2144 2325 conferre
2178 2267 2276 2323 tibi
2309 2267 2377 2322 li-

786 2365 933 2432 beat,
971 2366 1220 2422 historiz
1246 2365 1416 2422 series
1451 2364 1811 2436 quaesitorum
1871 2374 2093 2418 tuorum
2141 2361 2375 2417 solutio-

786 2474 911 2514 nem
936 2459 1155 2515 abunde
1187 2457 1642 2530 suppeditaverit.

891 2575 1222 2644 QUESTIO
1249 2574 1432 2632 CLVII
1484 2574 1676 2650 [CoisL
1692 2571 2050 2639 CLXXXVII,
2075 2572 2246 2628 Talr.

1141 2671 1403 2730 CLXXVI
1432 2679 1488 2728 et
1508 2668 1794 2727 ccxxvn
1832 2668 2029 2742 (551].

788 2764 936 2831 Quid
963 2765 1231 2836 signiﬁcat
1258 2764 1397 2818 illud
1409 2780 1450 2836 7:
1490 2782 1508 2814 ι
1552 2761 1661 2836 llic
1687 2762 1836 2836 jacet
1872 2765 1927 2836 in
1950 2763 2164 2817 ruinam
2215 2773 2264 2818 et
2300 2780 2381 2818 re-

860 2831 1235 2890 surrectionem
1305 2835 1596 2888 multorum
1647 2831 1702 2888 in
1745 2831 1940 2899 Israel,
1980 2836 2115 2887 etin
2168 2836 2380 2905 signant

861 2907 950 2960 citi
971 2906 1399 2961 contradicitur?
1441 2925 1460 2958 ι

2403 1875 2452 1934 Β

2465 611 2654 665 λοιπὸν
2687 610 2782 664 ἐπὶ
2804 610 2905 680 τὴν
2934 607 3191 678 εὐλογίαν
3238 606 3350 660 τῶν
3401 606 3790 676 ἀναγαγόντων
3825 605 3897 659 τὺ
3951 605 4081 676 βρέ-

2467 721 2589 774 φος.
2625 697 2758 758 Εἶτα
2800 701 3017 756 έκείοεν
3047 701 3187 773 πρὸς
3218 701 3390 772 μόνην
3415 698 3516 770 τὴν
3549 699 3768 771 μητέρα
3795 699 4082 770 ἀποστρέ-

2469 797 2708 868 φει(56)
2764 795 3063 864 τδνλόγον.
3120 813 3140 847 ι
3172 796 3284 849 Καὶ
3343 792 3644 864 εὐλόγησεν
3692 793 3808 864 γὰρ
3882 793 4084 855 αὐτοὺς

2470 887 2721 961 Συμεὼν,
2756 890 2855 944 καὶ
2881 883 3006 942 εἷπε
3022 887 3162 959 πρὸς
3187 887 3426 960 Μαριάμ
3447 887 3547 958 τὴν
3578 886 3797 958 μητέρα
3820 886 4028 940 αὐτοῦ.
4061 909 4076 938 ι

2469 981 2615 1051 Πρὸς
2641 979 2901 1050 Μαριὰμ,
2935 979 3094 1050 φησι,
3120 979 3221 1050 τὴν
3272 978 3507 1050 μητέρα,
3533 979 3658 1050 οὐχὶ
3680 979 3825 1049 πρὸς
3879 979 4083 1048 Ἰωσὴφ

2469 1074 2563 1128 τὸν
2596 1073 2808 1145 πατέρα
2845 1070 3037 1127 αὐτοῦ.
3085 1071 3252 1125 Ἀλλὰ
3275 1071 3378 1141 τῆς
3410 1072 3512 1143 μιν
3545 1071 3808 1140 εὐλογίας
3877 1072 4084 1142 ἀμφοῖν

2474 1165 2824 1239 μεταδίδωσι.
2852 1164 2966 1237 Τὴν
2984 1163 3044 1218 δὲ
3069 1163 3380 1236 πρόσρησιν
3432 1163 3545 1218 τῶν
3603 1166 4083 1236 άποῤῥητοτέρων

2472 1262 2540 1331 τῇ
2576 1258 2745 1331 μητρὶ
2781 1257 3055 1330 προσάγει
3113 1257 3274 1330 μόνῃ,
3326 1255 3415 1310 ίνα
3463 1256 3552 1309 διὰ
3595 1257 3695 1326 μὲν
3752 1257 3862 1326 τῆς
3900 1259 4084 1328 κοινῆς

2481 1350 2733 1420 εὐλογίας
2755 1348 2854 1404 τοῦ
2890 1347 3173 1420 σχήματος
3221 1347 3332 1401 τῶν
3375 1348 3718 1418 γεννητόρων
3759 1348 3836 1418 μὴ
3883 1349 4086 1415 ἁπογυο

2477 1443 2666 1516 μνώσῃ
2701 1443 2792 1497 τὸν
2831 1441 3060 1514 Ἰωσὴφ,
3083 1441 3176 1495 διὰ
3205 1440 3262 1494 δε
3292 1440 3404 1495 τῶν
3438 1441 3574 1512 πρὸς
3602 1441 3705 1512 τὴν
3741 1441 3972 1511 μητέρα
4005 1442 4085 1494 14-

2474 1553 2589 1605 γων
2619 1536 2719 1606 τὴν
2753 1535 3035 1608 Παρθένον
3063 1534 3277 1588 έκείνου
3303 1533 3639 1598 διαστείλας,
3672 1535 3778 1602 τὴν
3832 1533 3919 1596 ὡς
3950 1534 4084 1603 ἀλη-

2477 1627 2586 1690 θῶς
2616 1627 2942 1700 ἀνακηρύξῃ
2967 1626 3202 1699 μητέρα.
3235 1620 3372 1680 Εἶτα
3402 1627 3499 1680 καὶ
3521 1627 3575 1680 τί
3606 1625 3932 1694 διαλέγεται
3947 1628 4082 1698 πρὸς

2475 1719 2578 1789 τὴν
2604 1721 2822 1791 μητέρα
2843 1713 3074 1786 ςεοῦτος
3093 1722 3275 1773 κεῖται
3301 1721 3383 1784 είς
3410 1719 3626 1772 πτῶσιν
3659 1721 3755 1772 καί
3775 1720 4084 1774 ἀνάστασιν

2479 1812 2694 1868 πολλῶν
2718 1813 2778 1866 έν
2801 1813 2882 1884 τῷ
2929 1811 3171 1884 Ἰσραὴλ,
3201 1812 3304 1866 καὶ
3320 1813 3402 1876 είς
3435 1815 3666 1882 σημεῖον
3711 1812 4083 1880 ἀντιλεγόμε-

2456 1922 2592 1977 νον.
2606 1924 2624 1956 ι
2647 1906 2835 1977 Ὁρᾷς,
2865 1907 3017 1969 ὅπως
3037 1906 3168 1977 ὅλην
3185 1904 3285 1958 τοῦ
3311 1905 3614 1976 μυστηρίου
3635 1903 3735 1974 τὴν
3757 1906 4083 1974 οἰκονομίαν

2485 1999 2830 2063 συνοπτικῶς
2864 2000 3003 2069 πρὸς
3027 1997 3129 2069 τὴν
3166 1998 3448 2068 Παρθένον
3502 1999 3789 2068 ἀναφέρει,
3845 1998 4080 2065 κάκείνη

2482 2093 2722 2144 ποιεῖται
2747 2090 2850 2161 τὴν
2887 2090 3082 2144 τούτου
3124 2090 3402 2161 διήγησιν.
3445 2090 3508 2144 El
3532 2089 3589 2144 δέ
3636 2107 3720 2143 σοι
3768 2089 3934 2160 φίλον
3990 2091 4081 2144 καὶ

2479 2183 2620 2257 πρὸς
2639 2183 2710 2238 τὰ
2733 2183 3006 2240 ἀκόλουθα
3047 2182 3328 2255 μετελθεῖν
3357 2185 3570 2256 ἀνδρῶν
3593 2184 3755 2257 ιερῶν
3809 2185 4080 2255 σεμνολο-

2478 2278 2705 2348 γήματα
2727 2276 2870 2350 (57),
2903 2276 3121 2332 τελείαν
3159 2293 3244 2331 σοι
3267 2277 3377 2332 τῶν
3409 2278 3765 2352 ζητουμένων
3796 2281 3830 2350 ὴ
3862 2280 4081 2349 ἱστορία

2477 2366 2577 2439 τὴν
2601 2365 2756 2421 λύσιν
2786 2366 3285 2438 έπιδαψιλεύσοιτο.

3002 2587 3341 2645 ΕΡΩΤΗΣΙΣ
3395 2586 3562 2645 PNZ’.

2485 2768 2549 2823 Τί
2582 2768 2777 2821 ἐστιν·
2811 2787 2831 2819 ι
2871 2765 3061 2834 οὗτος
3090 2768 3280 2823 κεῖται
3313 2769 3402 2834 είς
3419 2767 3656 2822 πτῶσιν
3677 2767 3773 2820 καί
3804 2765 4080 2820 ἀνάστα-

2549 2855 2659 2892 σιν
2696 2837 3033 2893 πολλῶνὲν
3064 2837 3148 2904 τῷ
3214 2838 3492 2907 Ἰσραὴλ,
3541 2838 3773 2904 νέαις
3819 2837 4072 2906 σημεῖον

2549 2910 3038 2978 ἀντιλεγόμενον,
3069 2927 3128 2964 κ.
3155 2909 3246 2974 ἐξ.

1351 3019 1607 3069 Editarum
1628 3031 1656 3067 a
1691 3017 1872 3068 Wolﬁo
1907 3019 2148 3082 vigesima
2174 3018 2231 3079 (ι.
2258 3033 2324 3078 c.,
2357 3033 2377 3084 ι

2481 3024 2671 3074 78-78ι.
2709 3023 2952 3085 Galland.,
2978 3038 3028 3087 p.
3056 3023 3170 3085 739,
3193 3023 3305 3085 ΤΠ,
3328 3037 3381 3072 ιι.
3413 3022 3514 3085 36).

865 3129 1139 3197 Quoniam
1163 3138 1218 3184 et
1247 3129 1594 3198 sequentium
1628 3127 1957 3184 solutionem
1998 3129 2184 3184 statim
2216 3144 2247 3183 a
2287 3143 2384 3184 no-
2411 3147 2455 3205 ο

789 3224 876 3280 bis
906 3222 1267 3292 requisivisti,
1324 3237 1446 3276 eam
1498 3220 1618 3287 tibi,
1662 3220 1852 3275 divina
1883 3235 1986 3291 ope
2023 3221 2159 3285 nixi,
2193 3222 2380 3277 itidem

791 3315 1286 3385 snppeditabimus.
1344 3311 1590 3382 Lapsum
1649 3311 1740 3367 hic
1802 3312 1911 3367 illis
1935 3313 2148 3375 tribuit,
2185 3313 2278 3384 qni
2311 3328 2375 3368 es

789 3406 897 3462 ﬁde
919 3406 974 3460 in
1029 3406 1184 3460 illum
1228 3412 1283 3459 et
1313 3405 1514 3475 pietate
1539 3403 1880 3466 exciderant.
1914 3407 2378 3460 resurrectionem

791 3511 922 3552 vero
944 3497 1074 3560 illis,
1104 3495 1200 3566 qui
1231 3493 1605 3560 Servatorem,
1665 3492 1720 3547 in
1779 3507 1947 3548 carne
1997 3503 2379 3565 apparentem,

791 3588 1179 3660 agnoscebant.
1230 3585 1347 3642 Hoc
1394 3586 1572 3656 ipsum
1639 3583 1810 3642 Isaias
1857 3601 2078 3657 quoque
2125 3601 2382 3656 praenun—

792 3681 970 3744 tiavit,
1030 3681 1273 3736 dicens:
1338 3699 1358 3731 ε
1396 3678 1539 3734 Ecce
1592 3691 1739 3748 pono
1811 3677 1866 3732 in
1929 3675 2064 3733 Sion
2141 3678 2380 3749 lapidem

791 3772 1129 3838 oﬂ’cndiculi,
1161 3780 1216 3827 et
1250 3779 1457 3842 petram
1490 3768 1736 3826 scandali
1769 3777 1881 3825 :et.
1894 3770 2099 3835 omnis,
2136 3769 2232 3841 qui
2259 3784 2379 3825 cre-

792 3866 874 3922 dit
901 3866 956 3920 in
983 3865 1158 3931 illum,
1183 3878 1290 3918 non
1318 3862 1638 3933 pudeliet“.
1677 3880 1697 3918 ι
1723 3863 1914 3934 Itaque
1934 3861 2130 3918 cadere
2159 3879 2380 3919 necesse

792 3968 878 4014 est
927 3957 1074 4022 illos,
1142 3956 1237 4027 qui
1294 3970 1405 4010 non
1478 3954 1712 4011 credunt
1756 3955 1812 4010 in
1860 3956 2063 4025 ipsum.
2097 3955 2181 4010 Ab
2206 3955 2378 4010 altera

793 4061 947 4119 parte
977 4047 1046 4102 ad
1079 4047 1567 4111 resurrectionem,
1604 4045 1793 4100 animo
1820 4045 2238 4109 instituendam,
2264 4061 2380 4100 ma-

794 4140 1174 4204 nuducnntur,
1222 4139 1316 4208 qui
1366 4139 1438 4192 ab
1498 4138 1768 4192 idolorum
1795 4137 1943 4192 cultu
1975 4147 2029 4192 ct
2055 4139 2202 4205 aliis,
2239 4154 2380 4208 quos

794 4240 953 4285 antea
987 4228 1270 4300 praefracte
1303 4229 1584 4290 tenebant.
1624 4229 1904 4284 erroribus
1932 4229 2304 4284 discedebant.

866 4320 1100 4376 Causam
1129 4335 1284 4385 vero,
1321 4334 1421 4374 cur
1448 4327 1504 4375 et
1536 4319 1724 4389 lapsus
1755 4327 1812 4374 et
1841 4320 2175 4375 resurrectio
2212 4335 2377 4376 even-

796 4426 920 4471 tura
969 4416 1063 4481 sit,
1099 4413 1267 4470 simul
1309 4414 1508 4484 aperit.
1542 4412 1818 4480 Quoniam
1863 4415 2012 4470 enim
2057 4417 2380 4473 oeconomia:

2571 3132 2792 3204 Ἐπειδὴ
2820 3130 3051 3185 καὶτῶν
3100 3129 3410 3183 ὑπολοίπων
3443 3129 3541 3198 τὴν
3586 3127 3741 3180 λύσιν
3779 3128 3958 3198 τάχος
3992 3130 4080 3180 έπ-

2490 3221 2792 3293 εζήτησας,
2829 3222 2992 3292 ἡμεῖς
3048 3237 3132 3274 σοι
3161 3221 3258 3273 καὶ
3303 3219 3530 3288 ταύτην,
3583 3218 3703 3289 Θεῷ
3730 3219 4078 3282 πεποιθότες,

2489 3313 2820 3384 παρέξομεν.
2844 3313 3060 3366 Πτῶσιν
3092 3312 3194 3382 μὲν
3232 3311 3472 3364 ενταῦθα
3498 3311 3608 3363 τῶν
3635 3314 4080 3366 ἐκπεπτωκότων

2487 3404 2589 3476 τῆς
2607 3406 2685 3468 είς
2723 3404 2888 3458 αὑτὸν
2919 3405 3161 3467 πίστεως
3193 3404 3285 3458 καὶ
3325 3403 3612 3466 εὐσεϐείας
3638 3403 3813 3471 λέγει,
3843 3405 4076 3460 ἀνάστα⁴

2491 3513 2576 3550 σιν
2601 3495 2659 3549 δέ
2676 3495 2786 3548 τῶν
2815 3496 3211 3565 έπεγνωκότων
3241 3496 3663 3567 παραγεγονότα
3684 3495 3780 3549 τὸν
3819 3496 4076 3566 Σωτῆρα.

2487 3588 2660 3644 Τοῦτο
2691 3589 2850 3643 καὶ-ό
2907 3589 3137 3654 Ἡσαΐας
3181 3587 3584 3660 προανεφώνει,
3636 3588 3834 3658 λέγων·
3879 3609 3900 3642 ε
3959 3590 4076 3644 Ἰδοὺ

2485 3681 2680 3753 τίθημι
2731 3683 2790 3736 ὲν
2818 3681 2960 3736 Σιὼν
3008 3681 3158 3736 λίθον
3201 3683 3654 3754 προσκόμματος,
3716 3683 3814 3736 καὶ
3872 3683 4075 3753 πέτραν

2488 3773 2790 3828 σκανδάλου
2811 3789 2826 3805 ο
2864 3773 2959 3827 καὶ
2981 3775 3091 3837 πᾶς
3127 3774 3157 3826 ό
3189 3774 3464 3829 πιστεύων
3497 3773 3585 3828 ἐπ’
3611 3776 3775 3829 αὑτὸν
3793 3776 3856 3828 ού
3893 3795 4072 3829 καται-

2487 3865 2870 3937 σχυνθήσεται.
2910 3885 2929 3918 ι
2969 3866 3230 3918 Πίπτοιεν
3249 3865 3295 3918 δ’
3327 3865 3393 3919 ἂν
3447 3869 3496 3919 οί
3524 3868 3602 3938 μὴ
3634 3869 4072 3929 πεπιστευκότες

2485 3956 2565 4019 είς
2598 3956 2782 4010 αὐτόν.
2815 3957 2927 4011 Καὶ
2963 3958 3102 4028 πρὸς
3145 3957 3245 4028 τὴν
3297 3959 3356 4011 ὲν
3384 3957 3529 4028 ψυχῇ
3569 3956 3880 4011 ἀνάστασιν
3935 3976 4075 4029 χειρ·

2487 4049 2837 4118 αγωγοῦνται
2867 4053 2918 4104 οί
2951 4052 3054 4120 τῆς
3083 4051 3391 4122 είδωλικῆς,
3420 4052 3515 4105 καὶ
3545 4051 3645 4120 τῆς
3697 4052 3895 4123 ἄλλης,
3955 4056 4012 4106 έν
4049 4047 4075 4123 ᾗ

2485 4141 2838 4213 έστηρίζοντο
2867 4143 3154 4215 πρότερον,
3187 4143 3398 4213 πλάνης
3440 4143 3559 4213 (58)
3598 4146 4047 4206 ἐκπεπτωκότες.

2557 4323 2670 4394 Τὴν
2698 4321 2901 4386 αἰτίαν,
2927 4322 2993 4376 δι’
3023 4324 3090 4395 ἣν
3120 4323 3153 4394 ἡ
3183 4323 3413 4389 πτῶσις,
3458 4325 3606 4395 καὶὴ
3639 4325 3946 4390 ἀνάστασις
3988 4327 4074 4378 ἒπ-

2486 4431 2628 4475 εται,
2669 4412 2995 4484 παραδηλοῖ.
3037 4413 3192 4467 Ἐπεὶ
3221 4416 3330 4486 γὰρ
3381 4415 3450 4468 τὰ
3479 4415 3574 4467 liti.
3605 4415 3704 4485 τῆς
3762 4416 4073 4486 οἰκονομίας

796 4506 1054 4576 gratiosa:
1107 4505 1524 4572 contradicitur,
1560 4504 1887 4577 mysterium
1924 4503 2030 4560 hoc
2058 4521 2222 4562 omne
2249 4507 2377 4574 illis,

2486 4505 2829 4574 ἀντιλέγεται
2854 4509 2967 4570 τοῖς
2999 4507 3098 4579 μιν
3147 4508 3624 4581 κατατιθεμένοις,
3685 4510 3990 4575 ἀνάστασις
4023 4510 4072 4561 τι

795 4600 888 4669 qni
919 4598 1322 4664 assentiuntur,
1352 4596 1818 4665 resurrectionis;
1874 4598 1985 4653 illis
2013 4612 2164 4662 vero,
2203 4597 2298 4669 qui
2326 4613 2385 4654 se

795 4695 1100 4758 opponunt,
1159 4687 1347 4758 lapsus
1373 4696 1427 4742 et
1476 4687 1730 4743 interitus
1760 4702 1926 4743 causa
1955 4687 2190 4744 exsistit.
2220 4687 2386 4754 Quae-

798 4797 926 4834 nam
988 4796 1117 4837 vero
1143 4790 1274 4836 sunt
1308 4780 1422 4845 illa,
1473 4781 1678 4851 quibus
1711 4779 2147 4835 contradicitur?
2174 4777 2382 4835 Resur-

799 4886 988 4945 gentes
1013 4875 1090 4930 illi
1118 4858 1492 4940 crediderunt,
1529 4873 1676 4944 quod
1705 4875 1858 4942 virgo
1885 4874 2117 4944 peperit,
2151 4883 2207 4928 et
2229 4875 2382 4944 virgo

801 4966 1043 5021 mansit:
1082 4966 1156 5019 illi
1191 4981 1342 5032 vero,
1367 4967 1461 5035 qui
1494 4967 1547 5019 in
1584 4965 1859 5020 crassiora
1879 4967 2112 5035 c03itata
2139 4962 2382 5034 prolapsi

801 5067 954 5122 sunt,
1006 5058 1274 5128 nihilque.
1331 5058 1480 5128 quod
1528 5069 1780 5112 naturain
1815 5055 2191 5122 transcendat,
2222 5071 2385 5112 nosse

801 5151 1068 5221 cupiunt,
1135 5152 1330 5206 adduci
1415 5167 1524 5206 non
1606 5160 1836 5220 possunt
1920 5158 1982 5204 ut
2033 5150 2388 5220 prollteantur

801 5245 969 5314 quod,
1001 5247 1094 5313 qui
1133 5244 1396 5313 virginem
1445 5244 1708 5309 condidit,
1742 5259 1869 5299 cum
1919 5244 2165 5298 nondum
2220 5249 2388 5305 esset,

801 5337 1070 5402 eamdem,
1091 5337 1202 5406 jam
1224 5337 1600 5400 essistcntem,
1641 5337 1906 5407 virginem
1935 5349 2157 5392 servare
2195 5335 2387 5406 possit,

893 5512 938 5546 ⁸³
968 5512 1102 5569 Luc.
1137 5529 1196 5578 ιι,
1228 5512 1317 5567 55.
1394 5510 1442 5544 ⁸⁸
1485 5512 1740 5576 ἰδίό.,54.
1820 5511 1864 5544 ⁸³
1894 5512 2007 5568 lsa.
2034 5528 2155 5576 van,
2188 5511 2275 5566 M.

2493 4600 2791 4670 μυστήριον
2807 4599 3039 4667 γίνεται,
3072 4602 3184 4664 τοῖς
3215 4600 3270 4655 δέ
3301 4601 3833 4674 άντιφθεγγομένοις
3871 4604 4070 4664 πτῶσις

2491 4689 2587 4741 καὶ
2613 4689 2881 4744 ἀπώλεια.
2917 4690 3052 4746 Τίνα
3081 4691 3138 4745 δέ
3168 4694 3284 4746 ἐστι
3315 4694 3385 4749 τά
3409 4695 3839 4767 ἁντιλεγόμενας
3866 4700 3932 4752 Ol
3987 4699 4070 4767 μὶν

2489 4778 2828 4843 ἀναστάντες
2851 4781 3307 4855 πεπιστεύκασιν,
3353 4784 3436 4838 ὃτι
3459 4785 3736 4855 Παρθένος
3765 4787 3958 4842 ἔτεκεν
3987 4788 4070 4842 καὶ

2489 4869 2765 4942 Ιίαρθένος
2798 4871 3015 4944 έμεινεν
3042 4888 3058 4906 ο
3090 4853 3142 4930 έί
3169 4875 3227 4929 δὲ
3259 4853 3659 4938 καταπεσόντες
3689 4880 3772 4942 είς
3807 4882 3938 4944 τοὺς
3969 4881 4071 4934 ὑλι-

2489 4962 2619 5025 κους
2649 4961 2967 5033 λογισμοὺς,
3003 4965 3099 5019 καὶ
3122 4967 3278 5022 οὐδὲν
3334 4969 3445 5022 τῶν
3496 4971 3634 5040 ὑπὲρ
3665 4971 3836 5040 φύσιν
3881 4973 4068 5027 ειδέναι

2490 5053 2758 5121 θέλοντες,
2793 5056 2852 5110 ού
2884 5057 3164 5112 πείθονται
3220 5059 3628 5130 συνομολογεῖν,
3657 5063 3734 5125 ὠς
3791 5065 3818 5117 ό
3872 5065 4068 5124 πλάσας

2493 5144 2616 5216 μηδ’
2656 5141 2985 5208 ὅλωςόὗσαν
3021 5147 3318 5220 Παρθένον,
3366 5150 3590 5206 δύναται
3623 5152 3716 5205 καὶ
3768 5155 4068 5207 ὑποστάσαν

2491 5237 2768 5309 Παρθένον
2801 5242 3117 5309 φυλάττειν,
3172 5241 3412 5312 μάλιστά
3465 5259 3530 5312 γε
3563 5243 3668 5316 τὴν
3722 5245 3984 5316 γέννησιν
4026 5248 4066 5298 tl

2493 5330 2656 5395 αὐτὸς
2687 5333 2716 5387 ό
2748 5333 2963 5398 πλάσας
3014 5334 3331 5406 άναδὲχοιτο
3355 5350 3369 5366 ·
3405 5335 3746 5406 ἀντιλέγοιτο
3779 5338 3828 5393 δ’
3849 5338 3918 5392 ἂν
3971 5337 4066 5389 τῶν

2318 5629 2556 5687 ΝΟΤΕ.

875 5723 1008 5798 (55')
1051 5721 1319 5779 Nimirum
1374 5724 1428 5780 in
1466 5722 1633 5779 Taur.
1693 5727 1810 5783 haec
1862 5727 2098 5798 quaestio
2143 5728 2201 5781 in
2248 5725 2388 5782 duas

810 5794 983 5851 divisa
1016 5809 1118 5850 est.

880 5864 994 5936 (58)
1023 5865 1138 5921 lloc
1171 5864 1469 5923 Colbcrtim
1507 5868 1690 5922 malim
1723 5882 1821 5938 pro
1862 5868 1954 5924 illo
1991 5867 2217 5924 alterius
2247 5867 2379 5923 ἁνα-

2499 5727 3186 5870 στῗέξῖιὲεμνολογήματα
3223 5799 3405 5854 scribo
3453 5814 3551 5867 pro
3597 5802 4000 5871 σεμνολόγημα.

2567 5871 2678 5942 (58)
2718 5871 2903 5927 Codex
2936 5872 3096 5926 habet
3133 5871 3210 5943 μὴ
3235 5872 3297 5924 lx
3324 5871 3794 5926 inconvenientcr.
