4174 6450
196 381 297 445 829

1134 379 1231 438 AD
1263 374 1851 436 AMPHILOCHIUM
1879 372 2223 445 QUiES'rto
2270 357 2490 434 CLV-II.

3326 378 3430 444 830

198 491 325 562 περὶ
352 489 663 559 οἰκονομίαν
694 490 788 543 καὶ
815 489 947 543 ἄλλα
975 489 1173 556 υιιμεῖα
1196 504 1209 517 ·
1245 480 1357 539 οἷον
1376 486 1483 539 τῶν
1511 486 1610 557 μὲν
1632 488 1760 540 ἀνα-

1870 480 2116 551 inprimis
2156 481 2249 535 ubi
2271 480 2531 536 Conditor
2559 482 2675 548 ipse
2702 483 2965 538 nascitur.
2993 485 3131 540 Sunt
3161 498 3337 541 tamen
3374 503 3429 546 et

200 584 435 636 στάντων
456 581 589 635 Θεὸν
609 581 821 651 ἀληθῶς
850 581 943 633 καὶ
972 579 1259 647 ἄνθρωπον
1286 579 1378 631 τὸν
1424 580 1759 649 γεγεννημέ-

196 690 283 727 νον
316 673 589 743 ὑπερφυὲς
614 671 954 741 ποιουμένων
988 669 1237 739 μάθημα.
1269 669 1391 722 Τῶν
1415 670 1473 722 δὲ
1504 669 1640 739 πρὸς
1661 669 1761 738 τὴν

195 764 541 835 ἀνθρωπίνην
574 762 859 817 ἀσθένειαν
904 760 1300 830 ἀναφορώντων
1343 761 1456 832 (59)
1490 762 1584 815 καὶ
1636 761 1761 832 μηδ’

196 857 329 918 ὅλως
350 854 556 924 ταύτης
577 855 689 922 (60)
720 852 1050 923 ὑψηλότερον
1067 852 1371 925 ἐπαρθῆναι
1399 854 1759 925 βουλομένων,

195 948 254 999 τὸ
286 947 361 1016 μὴ
395 946 776 1017 συνομολογεῖν
803 945 896 999 τὸν
916 943 1079 998 αὑτὸν
1104 944 1239 999 Θεόν
1266 962 1327 999 τε
1347 941 1509 1013 εἶναι,
1526 928 1634 1001 ⁸καὶ
1665 948 1763 1001 ἄν-

196 1038 433 1106 θρωπον.

267 1206 442 1260 Πολλά
468 1207 524 1259 δὲ
552 1206 646 1260 καὶ
673 1206 809 1260 ἄλλα
839 1209 1040 1278 σημεῖα
1067 1208 1164 1276 τῆς
1197 1208 1476 1278 άφράστου
1508 1209 1603 1261 τοῦ
1649 1209 1762 1261 Sui—

198 1303 361 1369 τῆρος
386 1300 685 1369 ἐπιδημίας
714 1301 791 1363 εἰς
823 1301 1135 1368 ἀντιλογίαν
1183 1301 1421 1370 κατέστη
1439 1318 1452 1331 °
1478 1301 1764 1365 διεξελθὼν

198 1393 251 1445 δὲ
282 1391 417 1461 πρὸς
445 1393 544 1461 τὴν
579 1392 854 1461 Παρθένον
884 1394 911 1445 ό
942 1394 1081 1461 ίερδς
1110 1391 1338 1461 Συμεὼν
1376 1395 1443 1445 τά
1471 1392 1760 1463 είρημένα,

199 1483 543 1548 ἀκροτελευτὶ
563 1483 746 1545 αὐτοῖς
773 1482 1080 1551 ἐπιτίθησιν
1100 1483 1193 1534 καὶ
1215 1482 1275 1535 τὸ
1296 1482 1464 1550 αὐτῆς
1490 1483 1587 1552 τῆς
1616 1485 1767 1554 Παρο

199 1572 350 1624 θένου
378 1571 436 1635 ἐξ
453 1572 745 1642 ἀχθηδόνος
770 1570 967 1633 πάθος,
1019 1571 1112 1624 καί
1147 1588 1313 1641 φησιν
1334 1588 1347 1601 ο
1379 1591 1399 1622 ι
1432 1573 1539 1625 Καὶ
1575 1573 1669 1625 σοῦ
1709 1574 1765 1627 δὲ

199 1662 368 1731 αὐτῆς
390 1664 487 1735 τὴν
504 1662 680 1733 ψυχὴν
703 1664 1033 1719 διελεύσεται
1068 1664 1332 1732 ῥομφαία,
1360 1664 1506 1724 ὅπως
1538 1665 1603 1717 ἂν
1634 1665 1767 1717 ἀπο-

198 1754 545 1822 καλυφθῶσιν
575 1756 639 1807 ἐκ
676 1755 886 1807 πολλῶν
926 1754 1163 1825 καρδιῶν
1190 1755 1549 1824 διαλογισμοί.
1584 1774 1602 1807 ι
1664 1755 1764 1808 Σοῦ

1867 573 1972 626 alia
1998 572 2143 625 circa
2174 572 2535 625 oeconomiam
2568 573 2860 628 salutarem
2908 574 3198 639 miracula,
3228 580 3430 647 quibus

1867 660 2168 717 contradici
2200 663 2392 730 possit.
2428 661 2557 717 Tale
2603 674 2706 728 est,
2755 665 2897 734 quod
2942 679 3292 738 resurgentes
3330 685 3429 737 pro

1866 750 2114 807 doctrina
2159 752 2557 820 supernaturali
2613 753 2829 818 habent,
2884 762 3070 807 natum
3129 754 3279 808 illum
3310 770 3431 810 vere

1867 843 2038 897 Deum
2067 853 2123 897 et
2158 840 2433 896 hominem
2495 859 2655 910 esse;
2709 854 2897 899 contra
2931 858 3059 898 vero
3088 843 3186 910 illi,
3214 845 3305 913 qui
3334 847 3434 897 liu-

1868 948 2085 988 nianam
2136 941 2345 987 tantum
2380 933 2748 988 inﬁrmitatem
2812 934 3133 1004 respiciunt,
3185 943 3241 989 et
3267 949 3432 1004 supra

1867 1040 1985 1081 eam
2022 1025 2177 1080 evehi
2211 1041 2433 1094 prorsus
2457 1027 2663 1093 nolunt,
2695 1029 2941 1082 eumdem
2969 1036 3023 1083 et
3057 1027 3229 1083 Deum
3258 1036 3312 1082 ct
3336 1028 3435 1081 bo-

1868 1116 2068 1170 minem
2102 1131 2223 1186 esse
2250 1118 2524 1170 iuliciantu
2537 1133 2579 1169 r.

1914 1206 2142 1260 ‘Praater
2178 1208 2291 1260 haec
2324 1222 2449 1261 vero
2470 1220 2523 1260 et
2546 1206 2647 1260 alia
2679 1208 2830 1275 plura
2860 1208 3148 1265 ineﬂ'abilis
3178 1208 3431 1264 Servato—

1873 1298 1947 1350 ris
1982 1299 2247 1352 adventus
2293 1298 2447 1367 signa
2503 1298 2917 1353 contradictioni
2968 1300 3204 1355 obnoxia
3254 1310 3431 1355 erant.

1873 1390 2107 1445 Sanctus
2137 1404 2266 1444 vero
2298 1391 2551 1460 Syntcon,
2579 1391 2719 1444 dir-ta
2755 1392 2868 1445 haec
2889 1390 3097 1461 Virgini
3131 1408 3433 1463 exponens,

1872 1480 2064 1534 ultimo
2100 1480 2219 1533 loco
2264 1480 2434 1549 ipsius
2478 1479 2716 1550 Virginis
2768 1482 3009 1536 dolorem
3055 1493 3109 1537 et
3160 1486 3433 1538 tristitiam

1872 1572 2139 1641 adjuugit,
2158 1570 2343 1625 dicens
2370 1589 2384 1625 :
2420 1590 2438 1621 ι
2463 1570 2530 1624 Et
2570 1581 2713 1625 tuain
2742 1587 2960 1641 quoque
2988 1574 3161 1641 ipsius
3192 1577 3435 1628 animam

1871 1662 2083 1731 gladius
2124 1662 2396 1726 transibit,
2429 1664 2487 1714 ut
2519 1677 2584 1714 ex
2616 1662 2906 1716 multorum
2936 1664 3191 1717 cordibus
3229 1667 3436 1734 cogita-

1875 1756 2048 1809 tiones
2087 1756 2404 1824 detegantur
2424 1754 2491 1808 “.
2528 1773 2546 1805 ι
2583 1753 2753 1808 Tuam
2796 1755 2964 1823 ipsius
2990 1796 3004 1819 ,
3045 1756 3259 1825 inquit,
3315 1774 3437 1826 quas

198 1848 390 1915 αὐτῆς,
421 1840 532 1899 οἷον
564 1848 662 1917 τῆς
684 1848 862 1901 πάντα
907 1847 1151 1917 ἀκριϐῶς
1210 1849 1280 1901 τά
1313 1848 1406 1900 τοῦ
1465 1849 1764 1919 μυστηρίου

1870 1846 2053 1900 omnia
2109 1846 2350 1917 mysterii
2410 1845 2573 1915 hujus
2625 1846 2800 1916 capita
2858 1856 3113 1902 accurate
3157 1860 3436 1916 perspecta

199 1936 738 2007 ἐξακριϐωσαμένης,
758 1937 877 1989 ούδέ
903 1955 996 1989 σου
1026 1938 1272 2005 φείσεται
1299 1937 1409 2009 (61)
1447 1938 1507 1990 τὸ
1534 1939 1643 1991 ἀπὸ
1673 1939 1767 1992 λύ-

201 2044 309 2095 πης
340 2027 508 2091 πάθος
535 2046 548 2060 ·
587 2029 678 2082 καὶ
710 2032 818 2099 γὰρ
862 2029 937 2092 ὼς
981 2028 1238 2098 ἀσπόρως
1273 2029 1581 2094 συνέλαϐεν,
1616 2032 1710 2098 καὶ
1741 2033 1769 2084 ό

198 2120 359 2180 τόκος
388 2119 625 2190 ἄσπορος
652 2120 895 2189 γέγονεν,
928 2119 1022 2171 καὶ
1061 2121 1093 2188 ἡ
1126 2118 1323 2189 κύησις
1347 2119 1622 2186 ἀνώδινος,
1675 2123 1769 2177 καὶ

200 2212 270 2262 τὶ
288 2210 383 2263 τοῦ
418 2210 658 2283 Γαϐριὴλ
684 2212 999 2279 εὐαγγέλια,
1033 2211 1139 2280 τῶν
1176 2212 1452 2282 ποιμένων
1483 2215 1552 2265 τὰ
1576 2214 1770 2285 διηγή-

205 2320 371 2373 ματα,
404 2304 497 2356 καὶ
523 2306 591 2357 τά
619 2305 787 2374 μυρία
828 2305 961 2359 ἄλλα
997 2303 1104 2355 τῶν
1150 2305 1445 2375 θαυμάτων
1472 2307 1567 2359 καὶ
1618 2305 1769 2372 ἐξαί-

206 2410 357 2463 ρετα,
392 2394 563 2457 οὐδεὶς
616 2395 679 2447 ἄν
710 2412 804 2447 σου
859 2397 1058 2465 μᾶλλον
1090 2399 1452 2469 ἐπιστάμενος
1496 2399 1582 2468 εἴη
1607 2415 1621 2429 ·
1656 2395 1769 2453 ἀλλ’

203 2486 263 2538 οὐ
294 2486 453 2555 μόνον
482 2486 655 2539 ταῦτα
685 2488 935 2555 λέγουσιν
976 2489 1110 2559 (62).
1162 2491 1212 2545 οί
1249 2492 1349 2561 τῆς
1397 2491 1605 2562 πλάνης
1640 2491 1771 2561 ὲρα-

205 2581 331 2632 σταὶ
354 2582 447 2633 καὶ
472 2580 570 2650 τῆς
600 2580 859 2650 ἀληθείας
890 2583 1205 2653 κατήγοροι,
1233 2582 1369 2637 ἀλλά
1411 2582 1507 2637 καὶ
1542 2581 1773 2651 σεαυτὴν

204 2668 297 2720 ὲπί
325 2686 385 2720 τε
414 2670 478 2739 τῇ
540 2669 798 2741 συλλήψει
853 2671 944 2723 καὶ
982 2671 1125 2740 τόκῳ
1172 2671 1702 2747 συκοφαντήσουσιν’
1738 2671 1771 2741 ἡ

205 2757 544 2824 συκοφαντία
577 2759 851 2830 ῥομφαίας
902 2760 1002 2812 οὐκ
1034 2758 1251 2814 ἔλαττον
1299 2759 1398 2831 τὴν
1455 2760 1551 2828 σὴν
1597 2758 1775 2831 ψυχὴν

204 2847 478 2902 δάκνουσά
512 2866 571 2901 τε
605 2851 699 2902 καὶ
728 2850 1242 2920 κατατιτρώσκουσα
1268 2849 1598 2903 διελεύσεται
1622 2865 1637 2880 °
1661 2849 1775 2924 ἀλλ’

204 2941 426 2995 ἐπειδάν
453 2959 512 2994 σε
540 2943 745 3006 τούτοις
785 2943 1109 3014 ὲνυϐρίσωσι
1140 2944 1274 3014 (65),
1326 2942 1449 2995 τότε
1485 2942 1685 3012 μᾶλλον
1713 2944 1778 2997 ὲκ

205 3033 420 3087 πολλῶν
443 3034 678 3105 καρδιῶν
727 3035 1269 3105 άποκαλυφθήσονται
1300 3036 1394 3089 καὶ
1428 3034 1777 3105 διαλυθήσον-

204 3142 298 3180 ται
334 3125 694 3194 διαλογισμοί.
740 3126 861 3189 Πῶς
884 3126 968 3196 δὴ,
994 3127 1089 3180 καὶ
1106 3125 1227 3179 τίνα
1251 3127 1486 3198 τρόπον;
1532 3126 1642 3180 τῶν
1678 3126 1776 3197 μὲν

208 3216 568 3285 συκοφαντῶν
591 3217 691 3269 οὐκ
722 3217 1035 3271 ἐνδιδόντων
1056 3220 1174 3280 ταῖς
1211 3217 1620 3286 συκοφαντίαις,
1666 3217 1774 3271 τῶν

204 3309 265 3361 δὲ
297 3308 813 3377 συκοφαντουμένων
843 3310 933 3361 ἐπὶ
963 3309 1063 3381 τὴν
1084 3307 1320 3361 παλαιὰν
1338 3306 1432 3361 τοῦ
1454 3308 1618 3377 νόμου
1672 3291 1775 3361 καέ-

205 3400 593 3469 ταφευγόντων
617 3399 887 3473 διάκρισιν
910 3418 969 3453 τε
1004 3401 1099 3454 καὶ
1124 3402 1325 3470 κρίσιν.
1389 3400 1484 3464 Τίς
1540 3401 1597 3455 δὲ
1638 3401 1777 3471 αὕτη

206 3493 362 3544 ἐστὶν
386 3491 420 3563 ἢ
443 3492 577 3562 ήδιά
608 3492 703 3545 τοῦ
732 3492 919 3555 ὕδατος
948 3493 1042 3561 τῆς
1065 3492 1328 3560 ὲλέγξεως
1355 3492 1647 3561 γινομένη;
1684 3492 1779 3543 καὶ

208 3582 323 3653 γὰρ
344 3583 499 3650 λόγος
522 3582 859 3653 διεφοίτησεν
886 3582 1133 3645 παλαιὸς,
1164 3582 1239 3646 ὡς
1271 3582 1781 3652 συκοφαντουμένης

206 3676 313 3746 τῆς
332 3676 693 3745 άειπαρθένου
724 3676 943 3746 Μαρίας
966 3676 1227 3745 ἠνέσχετο
1257 3676 1561 3745 παρασχεῖν
1582 3672 1781 3745 ἑαυτὴν

206 3772 279 3839 τῇ
304 3769 485 3838 κρίσει
510 3766 603 3820 τοῦ
650 3766 861 3831 ὓδατος,
898 3768 992 3817 καὶ
1044 3765 1103 3819 τὸ
1158 3764 1398 3834 καθαρὸν
1453 3763 1625 3834 αὐτῆς
1684 3764 1782 3818 καὶ

209 3862 448 3915 ἄσπιλον
471 3858 741 3931 λαμπρῶς
788 3856 1220 3925 ἐπιδειξαμένου,
1252 3856 1344 3908 κα)⁵
1382 3856 1779 3926 ἀποφήναντος,

210 3952 451 4025 αίσχύνῃ
472 3952 569 4023 μὲν
592 3950 811 4019 δοθῆναι
826 3950 951 4011 τοὺς
987 3946 1328 4015 συκοφάντας
1360 3960 1374 3977 ³
1400 3945 1527 4009 τοὺς
1559 3945 1617 3998 δὲ
1652 3947 1782 4016 πρὶν

209 4042 573 4107 διστάζοντας
597 4040 696 4112 τὴν
730 4037 1059 4110 παρθενείαν
1089 4040 1181 4090 καὶ
1224 4035 1317 4090 τὸν
1346 4034 1599 4105 ἄφθορον.
1628 4034 1784 4087 τόκον

210 4138 637 4208 ἀναντιρρήτοις
664 4151 736 4203 μα
744 4150 837 4204 ρτυ
849 4132 991 4201 ρίαις
1010 4129 1392 4201 βεϐαιωθῆναι,
1417 4129 1509 4181 καὶ
1525 4126 1623 4198 τὴν
1639 4130 1789 4197 Παρ-

212 4228 377 4282 θένον
401 4225 781 4296 ἀπαλλαγῆναι
809 4224 907 4294 τῆς
934 4222 1028 4276 ἐπὶ
1056 4224 1121 4293 τῇ
1152 4219 1488 4291 συκοφαντίᾳ
1517 4220 1613 4273 καὶ
1667 4219 1786 4280 ταῖς

211 4319 495 4382 διαϐολαῖς
535 4317 835 4387 δυσθυμίας
864 4314 976 4385 (64)
1000 4332 1057 4366 τε
1083 4315 1175 4367 καὶ
1192 4314 1370 4382 λύπης
1390 4312 1488 4364 "rb
1540 4310 1786 4380 μέντοιγε

1871 1937 2058 2001 babes,
2082 1938 2184 1992 hoc
2208 1948 2314 2003 est,
2339 1937 2429 1992 tibi
2450 1938 2547 2007 ipsi
2580 1953 2685 1991 non
2716 1949 2897 2008 parcet
2928 1939 3160 1994 tristitia:
3187 1939 3434 1996 alIectus.

1870 2031 2024 2095 Quod
2056 2032 2200 2086 enim
2249 2032 2365 2087 sine
2412 2032 2620 2085 semine
2650 2033 2964 2101 conceperis
2994 2072 3008 2095 ,
3040 2031 3291 2101 fetusque
3317 2034 3435 2087 sine

1871 2124 2078 2177 semine
2115 2121 2379 2179 formatus
2411 2128 2501 2189 sit,
2535 2125 2785 2193 quodque
2826 2124 2943 2178 sine
2990 2124 3176 2178 dolore
3222 2135 3432 2178 uterum

1872 2213 2136 2282 gestat-is;
2192 2228 2308 2281 quae
2356 2228 2520 2281 porro
2558 2212 2774 2267 Gabriel
2807 2214 2924 2268 laeta
2971 2214 3271 2281 nuntiarit;
3314 2231 3435 2285 qua:

1871 2310 2121 2372 pastores
2156 2302 2461 2369 retulerint,
2498 2319 2726 2373 qumque
2764 2304 2869 2377 alia
2919 2306 3055 2359 mira
3101 2315 3155 2359 et
3198 2307 3433 2377 insignia

1874 2392 2221 2462 contigerint,
2255 2408 2414 2448 nemo
2443 2404 2493 2449 te
2525 2396 2729 2449 rectius
2770 2397 2998 2450 noverit.
3045 2394 3153 2451 Sed
3195 2398 3284 2451 illa
3315 2414 3435 2451 οιιι-

1873 2485 1964 2540 nia
1999 2484 2202 2540 erroris
2251 2495 2495 2541 amantes
2554 2497 2608 2541 ct
2662 2487 2904 2542 veritatis
2963 2488 3261 2544 adversarii
3324 2505 3433 2543 non

1873 2580 2195 2635 solum'non
2231 2580 2647 2651 prolitebuntur,
2689 2580 2783 2635 sed
2820 2590 2874 2635 et
2905 2590 2956 2635 te
2991 2582 3163 2653 ipsam
3191 2598 3255 2637 ex
3302 2598 3434 2637 con-

1874 2674 2119 2741 ceptione
2167 2684 2223 2729 et
2269 2680 2424 2744 partu
2448 2671 2965 2727 calumniabuntur:
3002 2682 3163 2743 atque
3199 2674 3312 2728 haec
3348 2689 3437 2727 ca-

1875 2766 2083 2821 lumnia
2105 2807 2121 2832 ,
2155 2782 2260 2821 non
2297 2766 2476 2820 minus
2515 2779 2677 2832 quam
2704 2765 2916 2833 gladius
2940 2807 2955 2831 ,
2999 2752 3241 2819 animum
3284 2774 3438 2819 tuum

1878 2859 2135 2912 mordens
2168 2866 2218 2910 et
2249 2858 2538 2930 vulnerans
2567 2856 2843 2910 transibit.
2867 2854 3096 2921 Quando
3122 2871 3249 2910 vero
3275 2856 3358 2911 bis
3387 2866 3441 2909 te

1878 2947 2099 3017 injuriis
2129 2946 2380 3011 adicient,
2417 2954 2547 3001 tunc
2574 2946 2789 3015 quidem
2820 2948 3177 3018 cogitationes
3200 2962 3268 3001 ex
3300 2949 3444 3001 mul-

1880 3047 2059 3093 torum
2085 3038 2341 3093 cordibus
2371 3038 2691 3106 detegentur
2717 3047 2772 3092 et
2794 3037 3123 3107 aperientur.
3158 3035 3441 3102 Quomodo

1882 3143 2011 3183 vero
2034 3170 2049 3194 ,
2078 3136 2131 3183 et
2164 3142 2270 3197 qua
2300 3127 2549 3182 ratione?
2590 3128 3024 3182 Calumniatores
3072 3128 3281 3182 scilicet
3332 3142 3440 3181 non

1877 3221 2143 3276 desistent
2162 3222 2230 3274 ab
2260 3220 2511 3289 injuriis;
2546 3220 2620 3273 illi
2651 3235 2801 3282 vero,
2828 3219 2920 3288 qui
2948 3218 3221 3273 calumnia
3248 3233 3443 3274 onera-

1878 3310 2119 3374 buntur,
2155 3309 2221 3363 ad
2260 3309 2612 3363 constitutum
2660 3308 2790 3361 olim
2832 3321 2925 3376 per
2958 3306 3128 3375 legem
3174 3306 3439 3375 judicium

1878 3409 1933 3453 et
1966 3397 2394 3467 explorationem
2452 3396 2788 3464 confugient.
2842 3394 2971 3461 Quae
3019 3411 3150 3449 vero
3201 3396 3288 3447 illa
3334 3397 3442 3449 alia

1879 3503 2001 3543 esse
2030 3488 2223 3556 possit,
2266 3501 2428 3555 quam
2459 3501 2581 3554 quae
2621 3501 2715 3554 per
2766 3501 2963 3554 aquam
3024 3485 3440 3554 exploratriceni

1883 3574 2407 3632 instituitur?Vetus
2439 3578 2581 3630 enim
2613 3557 2920 3644 percrebuit
2940 3574 3175 3639 traditio,
3217 3575 3439 3628 Mariam

1880 3681 2095 3737 semper
2112 3668 2395 3736 virginem,
2425 3666 2699 3722 calumnia
2726 3666 2815 3718 illa
2847 3672 3149 3731 oneratam,
3171 3680 3229 3719 se
3268 3666 3443 3734 ipsam

1882 3758 2247 3828 explorationi
2307 3773 2402 3828 per
2452 3772 2647 3827 aquam
2694 3755 3015 3825 subjecisse,
3073 3772 3195 3824 qua:
3250 3772 3443 3824 puram

1884 3867 2038 3907 suam
2077 3859 2133 3905 et
2176 3850 2580 3905 immaculatam
2611 3847 2987 3918 graviditatem
3023 3848 3325 3902 clarissime
3353 3850 3447 3901 de-

1886 3941 2206 3997 monstrarit
2230 3951 2283 3995 et
2314 3934 2655 3995 manifestam
2680 3938 2869 3993 fecerit
2897 3955 2910 3991 :
2944 3936 3223 4007 quofacto
3245 3939 3448 3992 calum-

1886 4032 2102 4085 niantes
2123 4029 2339 4100 quidem
2380 4028 2586 4098 pudore
2614 4028 2725 4081 sint
2755 4027 2967 4092 sull'usi,
3023 4027 3100 4080 illi
3128 4042 3255 4080 vero
3274 4067 3289 4092 ,
3351 4028 3443 4097 qui

1887 4125 1954 4178 de
1977 4124 2288 4193 virginitate
2312 4122 2429 4191 ejus
2452 4132 2504 4176 et
2542 4132 2700 4191 partu
2731 4120 3072 4174 immaculato
3106 4128 3263 4173 antea
3291 4120 3445 4173 dubi-

1890 4215 2077 4279 tarint,
2105 4210 2443 4284 argumentis,
2473 4212 2792 4280 exceptione
2843 4210 3159 4277 majoribus,
3214 4211 3445 4263 convicti

1889 4309 2019 4371 sint,
2058 4304 2275 4373 Virgine
2305 4301 2519 4358 int'erim
2550 4305 2617 4356 ab
2644 4302 2967 4371 aegritudine
2998 4317 3095 4356 sua
3124 4310 3179 4354 et
3208 4302 3442 4365 tristitia,

212 4408 323 4477 τῆς
357 4407 619 4475 ὲλέγξεως
641 4405 784 4477 ὕδωρ
842 4403 1051 4475 ἱστορίᾳ
1097 4401 1511 4473 παρειλήφαμεν
1536 4399 1665 4471 περὶ
1726 4402 1775 4453 τί

1889 4414 1955 4453 ει
1973 4396 2246 4452 calumnia
2264 4395 2349 4448 illa
2367 4400 2419 4448 et
2444 4392 2708 4446 conviciis
2722 4392 2935 4453 oborta,
2953 4391 3171 4459 penitus
3195 4393 3441 4445 liberata.

212 4497 397 4569 Γαϐὴ,
430 4497 858 4551 Παλαιστιναίων
890 4493 1023 4549 δὲτὸ
1041 4493 1188 4563 ὅρος,
1231 4492 1330 4555 τάς
1367 4492 1547 4561 πηγάς
1599 4490 1775 4544 ἀναδι-

1889 4488 1967 4543 Ex
1985 4487 2213 4543 historia
2234 4486 2377 4539 enim
2397 4485 2727 4552 accepimus,
2751 4496 2946 4550 aquam
2967 4481 3109 4535 illam
3128 4483 3441 4550 exploratri-

213 4592 394 4669 δόναι,
417 4588 446 4642 δ
461 4588 741 4659 κριτήριον
758 4586 853 4639 καὶ
873 4585 902 4638 ό
926 4583 1153 4645 παλαιὸς
1170 4583 1456 4636 ἐπίσταται
1472 4581 1633 4652 νόμος
1652 4579 1788 4652 (65),

216 4683 335 4735 τῶν
351 4697 413 4733 τε
435 4679 532 4751 τὴν
552 4677 902 4747 σωφροσύνην
922 4675 982 4727 οὐ
1005 4672 1469 4744 διαφθειρομένων
1492 4672 1788 4739 γυναικῶν,

216 4774 325 4829 καὶ
353 4774 462 4827 τῶν
490 4772 797 4840 ἀλλοτρίαις
817 4768 1055 4837 ὁμιλίαις
1075 4767 1171 4837 τὴν
1197 4766 1360 4834 νηδὺν
1378 4764 1788 4835 ἐνυϐριζόντων.

1892 4592 2007 4637 cem
2031 4579 2185 4649 juxta
2214 4576 2380 4637 Gabe.
2410 4575 2505 4644 qui
2531 4574 2829 4628 Palaestina:
2849 4587 3007 4627 mons
3027 4579 3133 4633 est.
3174 4587 3442 4637 manasse,

1892 4668 2037 4741 quod
2058 4665 2396 4737 explorandi'
2420 4678 2589 4735 genus
2621 4664 2675 4715 in
2703 4662 2942 4727 feminis,
2967 4679 3090 4733 qua:
3115 4663 3201 4718 vel
3226 4666 3439 4719 castita-

1895 4770 2000 4816 tem
2030 4760 2291 4814 illibatam
2323 4755 2611 4819 servarint,
2648 4754 2733 4809 vel
2764 4752 2979 4809 furtivis
3008 4756 3288 4809 amoribus
3325 4771 3437 4808 cor-

230 4863 408 4918 Ἀλλά
431 4863 589 4916 τοῦτο
612 4862 708 4931 μὲν
738 4860 866 4923 ίσως
893 4859 1207 4929 ἀφαιρεῖται
1239 4856 1337 4925 τὴν
1384 4856 1589 4920 πίστιν,
1621 4857 1704 4909 ὅτι
1733 4872 1775 4907 τι

1893 4868 1996 4925 pus
2024 4851 2364 4916 macula‘rint,
2418 4848 2717 4904 adhibitum
2755 4846 2925 4901 fuisse
2950 4884 2966 4910 ,
3004 4862 3103 4901 nec
3152 4855 3307 4901 vetus
3364 4847 3441 4901 lex

218 4957 515 5030 προελθεῖν
530 4956 622 5009 ἐπὶ
641 4958 707 5025 τῇ
734 4953 990 5024 παρθένῳ
1017 4952 1076 5004 τὸ
1101 4950 1201 5020 τῆς
1219 4940 1479 5016 ὲλὲγξεως
1496 4947 1638 5018 ὓδωρ
1665 4950 1793 5003 ἀνα-

1893 4946 2126 5015 ignorat.
2158 4942 2408 4995 Fortasse
2440 4949 2619 4995 tamen
2654 4938 2953 4992 narrationi
2997 4939 3129 4993 huic
3169 4939 3303 4993 ﬁdes
3354 4939 3449 4991 ha-

218 5052 562 5120 γέγραπται,
601 5046 752 5100 οΰπω
792 5046 888 5099 τοῦ
932 5045 1161 5115 βρέφους
1194 5040 1473 5109 φανέντος,
1512 5040 1673 5110 ἡνίκα
1698 5041 1775 5093 κατ

1896 5039 2010 5094 beri
2041 5051 2149 5090 non
2179 5037 2369 5105 possit,
2393 5034 2536 5104 quod
2560 5047 2699 5102 aqua
2732 5033 2819 5086 illa
2851 5032 3214 5101 exploratoris
3252 5032 3449 5099 virgini

217 5142 252 5194 ὁ
285 5138 481 5210 καιρὸς
505 5138 602 5208 τὴν
632 5135 959 5206 ἀμφιϐολίαν
984 5132 1203 5200 εὔλογον
1227 5129 1338 5200 (66)
1358 5130 1601 5201 παρεῖχε,
1637 5130 1730 5182 καὶ
1754 5131 1786 5198 ἠ

1896 5129 2111 5184 admota
2137 5138 2262 5181 esse
2288 5128 2501 5196 legitur,
2535 5125 2644 5179 fetu
2681 5123 2924 5179 nondum
2951 5125 3118 5189 edito,
3150 5124 3367 5193 quando
3397 5132 3451 5175 et

1724 5307 1769 5362 Ν
1782 5304 1956 5361 ΟΤΕ.

335 5494 580 5566 59)Colb.
610 5510 710 5565 pro
744 5494 1149 5566 ἀναφερόντων.

335 5565 427 5632 60)
468 5565 612 5619 Idem
640 5581 737 5634 pro
766 5565 989 5634 ταύτην.

335 5636 423 5701 61)
459 5636 635 5689 Codex
670 5652 683 5687 :
728 5635 978 5703 φήσεται.

336 5699 427 5771 62)
453 5704 590 5760 Ante
612 5699 855 5771 λέγουσιν
874 5701 1136 5756 excidisse
1157 5702 1218 5754 οὐ
1246 5699 1511 5768 suspicor.

336 5771 425 5844 63)
452 5771 604 5830 Colb.
625 5788 724 5843 pro
756 5772 1074 5844 ἐμϐρίσωσι.

1975 5478 2084 5550 (οι)
2115 5483 2269 5538 Colb.
2305 5496 2401 5551 pro
2429 5482 2755 5552 δυσφημίας.

1974 5552 2087 5621 (65)
2116 5552 2334 5605 Numer.
2378 5568 2430 5615 v,
2468 5552 2555 5611 17,
2592 5569 2742 5621 seqq.

1973 5621 2084 5692 (66)
2120 5621 2193 5675 Ita
2217 5623 2375 5693 7Colb.
2402 5636 2500 5693 pro
2526 5623 2735 5690 ἄλογον.
2758 5621 3019 5675 Caeterum
3045 5634 3153 5675 non
3177 5621 3307 5675 satis
3340 5621 3451 5676 lure

1898 5693 2080 5749 omnia
2110 5692 2287 5760 capio.
