4174 6450
789 379 895 447 831

1945 369 2208 433 ΡΗΟἸῚῙ
2244 363 2752 429 ΡΑΤΗΙΑΒΟΗΒ
2769 364 2882 426 CP.

3964 361 4072 424 832

790 501 1012 560 tempus
1035 485 1214 558 ipsum
1240 485 1492 542 idoneam
1509 481 1798 541 dubitandi
1818 497 2042 539 causam
2066 480 2368 544 exhibebat,

2480 475 2666 547 κρίσις
2694 477 2796 531 οὐκ
2814 477 2896 540 είς
2921 475 2983 530 τὺ
3010 473 3324 546 παράλογον
3350 471 3673 545 ὑπεσύρετο.
3693 471 3794 526 τοῦ
3815 471 3877 526 δί
3903 473 4069 527 τόκου

792 593 852 638 et
879 580 1151 652 judicium
1207 594 1318 634 non
1365 579 1548 650 inepte
1598 577 2028 643 instituebatur;
2081 574 2194 630 letu
2246 586 2410 627 vero.

788 675 902 746 jam
916 675 1083 740 edito,
1107 683 1162 729 et
1187 680 1344 749 partu
1379 673 1592 742 agnito,
1621 684 1764 741 aqua
1801 668 2166 740 exploratoria
2192 667 2371 722 locum

798 784 895 824 not
939 767 1193 824 habebat.
1233 764 1602 822 Nihilominus
1656 771 1839 816 tamen
1890 761 1944 816 in
1995 761 2225 817 historia
2257 760 2373 816 hac

796 859 1108 914 traduntur.

864 950 1095 1008 Constat
1126 947 1259 1005 mihi
1307 946 1483 1012 alias,
1535 945 1743 1002 multas
1775 954 2096 1003 sanctorum
2146 945 2369 1002 Patrum

796 1040 1326 1112 statuere,,gladium
1393 1037 1547 1094 illum
1599 1039 1785 1094 alariae
1869 1055 2088 1111 semper
2139 1039 2368 1111 virginis

794 1136 1040 1190 animum
1091 1134 1212 1203 ipso
1241 1130 1502 1188 salutaris
1547 1131 1916 1203 perpessionis
1954 1139 2202 1202 tempore
2247 1146 2372 1187 vero

793 1228 1039 1290 berasse,
1068 1223 1297 1295 quando
1328 1223 1419 1278 illa
1444 1224 1689 1280 dolorem
1734 1239 1896 1280 suum
1933 1224 2001 1279 de
2041 1221 2183 1279 Filio
2213 1237 2371 1279 acer-

794 1316 1084 1372 bissimum
1108 1324 1163 1371 et
1194 1315 1576 1371 vehementem
1629 1316 1965 1388 insitamque
1991 1316 2093 1372 sibi
2123 1315 2284 1370 matri
2314 1313 2368 1370 in

792 1405 963 1460 ﬁlium
1002 1405 1542 1461 commiserationem
1573 1415 1690 1462 tum
1727 1407 1944 1462 tristitia
1983 1422 2221 1474 summa,
2254 1415 2382 1462 tum-

791 1496 1032 1552 violento
1061 1498 1338 1553 viscerum
1364 1506 1516 1552 motu
1555 1506 1809 1554 testatam
1842 1499 2056 1554 fecerit.
2081 1497 2197 1555 Hoc
2219 1498 2368 1554 enim

793 1590 988 1645 matris
1022 1590 1211 1646 dolore
1243 1589 1452 1646 factum
1490 1606 1634 1657 esse,
1663 1602 1724 1647 ut
1749 1591 2109 1662 cogitationes
2131 1605 2199 1648 ex
2224 1590 2371 1646 mulc

793 1693 974 1738 torum
1003 1683 1262 1740 cordibus
1286 1685 1698 1756 detegerentur,
1725 1691 1782 1739 et
1802 1692 1915 1738 tum
1945 1683 2045 1750 illi,
2069 1685 2164 1756 qui
2187 1684 2368 1756 ipsum

793 1775 1092 1831 Dominum
1136 1785 1386 1832 nostrum
1439 1792 1659 1833 carnem
1710 1786 1923 1831 tantum
1981 1781 2164 1847 specie
2205 1785 2368 1833 tenus

789 1869 1193 1926 circumtulisse
1227 1869 1408 1939 inepte
1437 1867 1737 1940 ﬁngebant,
1777 1878 1891 1925 tum
1923 1870 2022 1937 illi,
2069 1886 2213 1942 quos
2256 1887 2364 1927 non

787 1978 853 2016 ex
888 1959 1130 2033 Virgine.
1161 1961 1254 2016 sed
1273 1975 1337 2014 ex
1360 1960 1520 2025 cmlo,
1552 1975 1776 2016 carnem
1806 1961 1950 2016 illam
1982 1973 2228 2033 repetere
2256 1979 2364 2017 non

787 2051 1069 2122 pudebat,
1116 2051 1603 2107 conl'undereutur.
1647 2051 1804 2119 Quod
1855 2052 1902 2109 si
1947 2068 2080 2110 vero
2123 2054 2364 2125 gladium

788 2144 944 2199 illum
968 2141 1214 2215 Virginis
1252 2144 1498 2199 animum
1528 2143 1694 2199 etiam
1719 2154 1852 2202 tunc
1876 2145 2193 2203 confodisse
2215 2147 2368 2202 dica-

788 2251 932 2299 mus,
985 2236 1210 2307 quando
1264 2243 1517 2307 parentes
1556 2235 1755 2290 Filium
1809 2243 1933 2308 post
1982 2253 2043 2293 se
2088 2237 2364 2304 relictum,

786 2327 1033 2383 canl'eeta
1061 2329 1176 2398 jam
1207 2328 1367 2399 longa
1396 2326 1502 2394 via,
1531 2342 1638 2382 non
1680 2327 2026 2395 invenerunt,
2057 2328 2170 2385 imo
2199 2332 2363 2386 etiam

786 2416 1013 2478 reversi.
1063 2427 1321 2488 tanquam
1355 2419 1674 2475 thesaurum
1699 2419 2067 2489 deperditum,
2096 2422 2365 2492 quasive-

786 2519 935 2573 runt,
967 2509 1101 2564 nihil
1133 2511 1491 2566 statuerimus
1542 2511 1688 2581 quod
1731 2520 1893 2566 rectm
1921 2513 2123 2568 rationi
2169 2515 2365 2572 adrero

791 2608 968 2655 setur.
1005 2597 1142 2655 Nam
1165 2601 1326 2656 etiam
1362 2613 1491 2657 tunc
1517 2618 1581 2657 ex
1613 2602 1909 2658 multorum
1932 2605 2200 2680 cordibus
2214 2608 2366 2678 cogi-

789 2693 1028 2748 lationes
1055 2693 1484 2764 detegebantur;
1544 2693 1765 2767 Virgine
1818 2695 2028 2752 scilicet
2067 2700 2136 2752 ad
2167 2697 2367 2755 Filium

786 2783 1001 2839 dicente
1031 2801 1047 2840 :
1081 2805 1100 2837 ι
1133 2783 1246 2854 Ego
1278 2795 1332 2841 et
1358 2796 1510 2856 pater
1547 2795 1674 2842 tuus
1707 2803 1834 2843 eum
1875 2789 2066 2845 dolore
2089 2799 2142 2846 te
2166 2792 2367 2862 quaesi-

2475 567 2858 638 προελθόντος,
2884 567 3092 622 καὶτοῦ
3123 567 3356 639 βρέφους
3379 563 3752 635 εγνωσμένου.
3789 564 3904 617 τεοῦ
3947 583 4068 617 και-

2475 660 2570 730 ρὺν
2599 655 2744 728 εἶχεν
2776 659 2838 712 τὸ
2896 658 3044 730 ὕδωρ
3073 658 3174 728 τῆς
3222 655 3520 724 uuam“
3563 654 3703 709 ἀλλά
3748 653 3924 708 τοῦτο
3978 656 4069 724 μὲν

2474 749 2618 804 κατά
2639 748 2737 821 τὴν
2760 749 3004 821 ἱστορίαν
3021 750 3171 819 ὅμως
3209 748 3453 819 εἴρηται.

2547 939 2678 998 Οἶδα
2703 943 2785 1006 δι.
2817 942 3051 1008 πολλοὺς
3070 944 3188 998 ’τῶν
3232 945 3396 1014 ίερῶν
3425 945 3587 1016 ἡμῶν
3617 946 3899 1016 Πατέρων
3941 947 4066 1015 μιμ-

2473 1037 2641 1108 φαίαν
2663 1035 3017 1108 ἐξειληφότας
3035 1037 3265 1091 διελθεῖν
3295 1039 3398 1110 τὴν
3417 1038 3599 1110 ψυχὴν
3629 1039 3735 1108 τῆς
3767 1038 4065 1108 ἀειπτιρθέ-

2471 1150 2565 1188 νου
2587 1130 2828 1201 Μαρίας,
2865 1130 3008 1184 κατὰ
3036 1130 3128 1183 τὸν
3166 1131 3362 1202 καιρὸν
3390 1131 3485 1185 τοῦ
3538 1130 3826 1203 σωτηρίου
3867 1130 4067 1193 πάθους

2470 1225 2643 1297 αὐτὴν
2667 1225 2766 1295 τὴν
2794 1223 3178 1295 κατασχοῦσαν
3211 1223 3420 1295 πικρὰν
3450 1224 3545 1277 καὶ
3569 1223 3854 1295 ὀδυνηρὰν
3881 1223 3978 1276 ἀπὶ
3999 1223 4066 1293 τῷ

2471 1319 2652 1388 τέκνῳ
2672 1317 2965 1387 ἀλγηδόνα,
3011 1319 3107 1373 καὶ
3163 1317 3244 1390 τῷ
3270 1317 3667 1389 ἀνυπερϐλήτῳ
3702 1317 3811 1384 τῆς
3873 1315 4062 1385 λύπης.

2471 1413 2566 1466 καὶ
2589 1411 2670 1482 τῷ
2705 1411 3030 1484 ὲξηρημὲνῳ
3063 1409 3381 1482 σπαραγμῷ
3428 1410 3539 1464 τῶν
3573 1409 3922 1479 σπλάγχνων
3975 1409 4064 1479 τῆν

2471 1509 2712 1580 ἔμφυτον
2746 1509 2884 1580 πρὸς
2910 1509 3006 1562 τὸν
3049 1508 3179 1562 Υίδν
3240 1507 3517 1581 μητρικὴν
3551 1505 3919 1579 συμπάθειαν
3953 1509 4064 1559 επις

2470 1597 2668 1665 δεῖξαι.
2704 1597 2814 1650 Καὶ
2848 1596 2939 1650 διὰ
2961 1596 3066 1668 τῆς
3095 1601 3372 1671 μητρικης
3425 1597 3632 1668 ταύτης
3686 1595 4060 1669 συμπαθείας,

2471 1692 2536 1744 ἐκ
2578 1690 2791 1746 πολλῶν
2833 1689 3073 1762 καρδιῶν
3103 1689 3400 1762 λογισμοὺς
3451 1690 3948 1760 ἀποκαλυφθῆναι,
3981 1691 4062 1741 καὶ

2469 1781 2848 1852 διεὴγχθῆναι
2870 1781 2998 1846 τούς
3024 1797 3084 1834 τε
3114 1779 3259 1836 κατά
3287 1782 3594 1852 φαντασίαν
3623 1781 3726 1852 τὴν
3751 1782 3950 1848 σάρκα
3981 1796 4063 1848 φο-

2399 1835 2441 1890 Β
2472 1835 2779 1944 praui,"th
2811 1874 2905 1928 τὸν
2934 1835 3141 1944 κ’ύριον
3183 1835 3344 1944 ἡμῶν
3388 1871 3600 1944 Ἰησοῦν
3619 1835 3874 1943 Χριστὸν
3905 1835 4062 1942 τερα-

2467 1963 2850 2034 τολογοῦντας,
2884 1964 2980 2019 καὶ
3012 1965 3140 2030 τοὺς
3175 1965 3277 2020 οὐκ
3305 1967 3370 2020 tat
3399 1967 3500 2038 τῆς
3529 1965 3840 2038 Παρθένου,
3898 1960 3959 2032 εξ
3978 1966 4062 2018 οὐ-

2468 2055 2632 2127 ρανοῦ
2662 2056 2721 2110 δι
2739 2055 2946 2127 ταύτην
2975 2059 3312 2126 καταγαγεῖν
3339 2055 3951 2127 ἀπαναισχυντοῦνῡας.
4006 2054 4060 2108 ει

2465 2149 2524 2204 δὲ
2554 2150 2648 2205 καὶ
2667 2149 2972 2221 τηνικαῦτα
3001 2149 3319 2224 διελήλυθεν
3348 2151 3448 2222 τῆς
3479 2149 3760 2221 Παρθένου
3815 2149 3926 2220 τὴν
3950 2148 4059 2216 ,ψυ-

2467 2242 2570 2314 χὴν
2603 2243 2874 2314 ῥομφαία,
2900 2244 3069 2314 ἡνίκα
3094 2243 3413 2309 λελοιπότες
3449 2243 3542 2298 τὸν
3578 2243 3764 2310 παῖδα,
3818 2242 3968 2313 μετὰ
4009 2243 4062 2294 τὶ

2468 2333 2673 2406 πολλὴν
2715 2335 2836 2389 ὁδὸν
2877 2334 3152 2403 διανύσαι,
3194 2335 3272 2409 μὴ
3322 2331 3481 2408 εὗρον
3527 2333 3738 2398 τοῦτον,
3792 2332 3943 2388 ἀλλά
3977 2332 4062 2386 καὶ

2468 2425 2914 2498 ὑποστρέψαντες
2931 2427 3259 2499 ιπεζήτουν,
3280 2429 3357 2490 ὡς
3386 2428 3486 2500 ἢδη
3522 2427 3614 2482 τὸν
3643 2426 3943 2498 θησαυρὸν
3964 2427 4061 2480 ἀφ

2466 2520 2970 2586 λωλεκότες,ούδεν
3010 2522 3077 2575 ἂν
3130 2522 3216 2593 εῐη
3262 2521 3415 2592 παρά
3442 2522 3535 2574 τὸν
3563 2511 3723 2590 ὀρθδν
3779 2517 4060 2587 διανενοη-

2471 2613 2634 2686 μένον
2683 2613 2866 2682 λόγον.
2931 2614 3042 2667 Καὶ
3093 2613 3202 2685 γὰρ
3233 2614 3329 2668 καὶ
3383 2612 3684 2684 τηνικαῦτα
3722 2614 3793 2664 ὲκ
3852 2609 4057 2664 πολλῶν

2467 2705 2710 2776 καρδιῶν
2743 2705 3214 2778 ἀπεκαλύφθησαν
3234 2706 3595 2777 διαλογισμοὶ,
3623 2705 3725 2775 τῆς
3769 2704 3884 2774 μὲν
3916 2705 4062 2772 Παρ-

2472 2796 2627 2851 θένου
2660 2797 2798 2868 πρὸς
2829 2797 2924 2851 τὸν
2954 2799 3128 2852 Παῖδα
3174 2797 3462 2868 λεγούσης·
3501 2817 3519 2849 ι
3569 2796 3712 2863 Ἐγὼ
3745 2796 3850 2850 καὶ
3889 2798 3918 2849 ό
3965 2811 4061 2848 πα-

785 2873 1059 2941 vimus“;
1089 2893 1107 2926 ι
1129 2874 1307 2930 Verbo
1338 2887 1518 2932 autent
1550 2877 1895 2949 hypostatlco
1911 2889 1965 2934 et
1989 2873 2156 2937 carne
2178 2882 2368 2938 induto

2468 2889 2575 2959 τὴρ
2615 2905 2709 2943 σου
2738 2889 3070 2963 ὀδυνώμενοι
3096 2888 3400 2960 ἐζητοῦμεν
3448 2906 3530 2942 σε.
3569 2908 3588 2939 ι
3619 2887 3729 2941 Τοῦ
3759 2886 3823 2941 δέ
3868 2889 4059 2941 ἐνυπν-

786 2964 1153 3032 respondente
1183 2985 1196 3020 :
1231 2983 1250 3017 ι
1285 2964 1429 3032 Quid
1476 2977 1600 3032 est,
1642 2968 1789 3037 quod
1839 2983 1927 3024 me
1955 2972 2368 3041 quaesiveritis?

2471 2982 2673 3035 στάτου
2703 2981 2880 3047 Λόγου
2919 2981 3015 3036 καὶ
3061 2981 3243 3053 σάρκα
3271 2979 3601 3051 φορέσαντος
3646 2980 4057 3051 ἀνταπακρινο-

785 3069 967 3144 nonue
1004 3056 1262 3111 sciebatis
1315 3071 1402 3111 me
1429 3073 1550 3112 esse
1581 3057 1782 3114 debere
1817 3059 1873 3112 in
1921 3060 1986 3113 iis
2038 3077 2162 3130 quae
2192 3060 2368 3119 Patris

2475 3072 2661 3141 μὲνσρυ,
2693 3088 2713 3122 ι
2747 3071 2833 3135 Τί,
2857 3073 2942 3125 ὅτι
2977 3070 3222 3140 ἐζητεῖτέ
3251 3089 3352 3144 με;
3386 3073 3487 3126 ούκ
3519 3072 3722 3144 ᾔδειτε,
3743 3073 3834 3126 ὅτι
3857 3074 3919 3126 έν
3955 3075 4057 3134 τοις

784 3143 891 3198 mei
927 3146 1167 3199 sunt"?
1195 3164 1212 3197 ι
1250 3147 1354 3201 bne
1380 3147 1499 3217 ipso
1527 3163 1658 3202 vero
1696 3149 1961 3205 illustrem
2005 3153 2152 3210 illum
2193 3170 2365 3226 popu-

2468 3162 2562 3216 τοῦ
2589 3163 2804 3235 Πατρός
2841 3181 2945 3234 μου
2973 3163 3055 3216 δεῖ
3077 3157 3221 3217 εἶναί
3257 3181 3359 3234 με;
3407 3185 3425 3217 ι
3460 3143 3557 3218 καῖ
3613 3165 3921 3236 δηλοῦντος
3976 3166 4059 3218 τὶν

783 3236 898 3292 lum
953 3238 1248 3304 indicante,
1297 3240 1390 3308 qui
1439 3249 1494 3295 et
1535 3242 1796 3311 templum
1854 3253 1910 3298 et
1947 3245 2146 3302 domus
2188 3245 2368 3303 Patris

2473 3254 2822 3325 περιώνυμον
2848 3254 2997 3319 λαδν,
3024 3255 3082 3319 ὃς
3121 3254 3214 3309 τοῦ
3252 3255 3464 3328 Πατρὺς
3495 3255 3632 3319 νεώς
3665 3273 3727 3309 τε
3765 3258 3871 3310 καὶ
3922 3254 4061 3318 οἶκος

784 3329 1184 3400 appellabatur.
1231 3329 1366 3384 Dum
1395 3331 1540 3385 enim
1579 3333 1750 3387 Filius
1794 3331 2010 3389 Patrem
2059 3353 2222 3392 suum
2257 3339 2368 3394 cla-

785 3421 1006 3476 rissime
1029 3421 1407 3491 proﬁtebatur,
1441 3422 1587 3478 clare
1616 3423 1781 3478 etiam
1801 3426 2161 3495 cogitationes
2175 3444 2367 3484 eorum

782 3505 1198 3582 detegebant'ur,
1233 3512 1326 3581 qui
1361 3528 1486 3566 eum
1517 3513 1779 3567 dicebant
1824 3529 1933 3568 non
1982 3514 2121 3571 fabri
2171 3519 2367 3587 illium,

787 3617 889 3657 nec
923 3603 1161 3659 hominis
1194 3605 1421 3660 alterius
1453 3606 1696 3661 sobolem
1719 3646 1735 3672 ,
1767 3606 1861 3661 sed
1890 3607 2037 3662 illius
2078 3623 2201 3664 esse
2226 3650 2241 3674 ,
2275 3613 2367 3680 qui

785 3699 914 3746 ante
963 3695 1159 3748 saecula
1197 3696 1470 3764 genuerit.
1513 3695 1668 3762 Quod
1718 3711 1848 3752 vero
1881 3699 2123 3753 nonnulli
2155 3699 2366 3762 dicunt.

786 3783 1026 3854 gladium
1081 3786 1234 3840 illum
1287 3787 1534 3841 animum
1592 3787 1715 3858 ejus
1773 3791 2123 3858 pervasisse.
2177 3792 2367 3847 oborta

787 3877 1150 3942 dubitatione,
1167 3894 1237 3932 an
1259 3877 1561 3934 cruciﬁxus
1594 3879 1684 3934 ille
1712 3879 1946 3936 fortasse
1963 3897 2072 3936 non
2102 3883 2174 3938 sit
2200 3882 2366 3947 Deus,

786 3971 841 4026 id
874 3986 1148 4042 nunquam
1179 3986 1281 4043 ego
1306 3973 1536 4028 dixerim
1561 4014 1576 4038 ,
1613 3975 1866 4041 quamvis
1901 3990 1929 4028 a
1977 3977 2257 4032 nonnullis
2299 3979 2369 4033 sit

789 4066 1016 4119 dictum.

867 4200 888 4234 ι
913 4179 977 4236 Et
1011 4191 1163 4249 erat,
1204 4182 1422 4252 inquit,
1469 4183 1628 4238 Anna
1664 4183 2029 4254 prapbetissa,
2072 4184 2368 4241 Phanuelis

785 4272 918 4338 lilia,
947 4289 1011 4329 ex
1043 4274 1186 4329 tribu
1210 4275 1402 4341 Aser,»
1439 4284 1544 4330 etc.
1591 4293 1610 4326 s
1643 4274 1708 4330 Et
1734 4267 1824 4330 illa
1855 4275 2016 4331 vidua
2045 4287 2165 4332 erat
2194 4292 2367 4334 auuo-

785 4381 908 4420 rum
944 4365 1165 4421 circiter
1198 4375 1437 4436 quatuor
1481 4374 1537 4422 et
1580 4365 1860 4437 octoginta
1881 4366 1948 4420 ⁸⁸.
1981 4386 2000 4418 ι
2053 4365 2211 4422 Anna
2241 4382 2366 4438 pro-

785 4455 1050 4526 phetissa,
1080 4454 1378 4512 Phanuelis
1420 4456 1529 4512 lilia
1553 4497 1569 4523 ,
1616 4457 1701 4514 bis
1746 4455 2065 4514 dilferentia:
2097 4457 2365 4528 capitibus

2469 3345 2877 3414 ἐπωνομάζετο.
2907 3347 3016 3399 Kal
3038 3346 3146 3416 γὰρ
3177 3346 3269 3400 τὸν
3288 3347 3421 3400 ίδιον
3447 3347 3674 3418 Πατέρα
3697 3347 3901 3416 σαφῶς
3933 3350 4060 3402 ἀνα·

2471 3437 2814 3508 κηρύξαντος
2840 3437 2940 3491 τοῦ
2967 3437 3099 3491 Υίοῦ
3125 3439 3315 3508 σαφῶς
3349 3440 3836 3510 ἀπεκαλύφθησαν
3875 3443 3928 3494 οί
3955 3443 4060 3495 διαο

2469 3529 2722 3599 λογισμοὶ
2743 3531 2853 3584 τῶν
2877 3530 3143 3600 λεγόντων
3167 3532 3334 3585 αύτδν
3375 3533 3476 3587 ούκ
3513 3532 3627 3604 (67)
3659 3530 3808 3588 εῖναι
3836 3536 3937 3589 τοῦ
3980 3537 4060 3588 τέ·

2469 3639 2657 3687 κτονος
2685 3624 2818 3689 υίδν,
2849 3623 2958 3678 οὐδ’
2988 3623 3157 3696 ἄλλης
3188 3623 3336 3687 τινος
3381 3625 3625 3694 ἐπιγείου
3651 3629 3899 3696 σπορᾶς,
3925 3628 4054 3682 ἀλλὰ

2469 3714 2566 3770 τοῦ
2591 3717 2698 3787 πρὸ
2723 3716 2921 3782 αίῶνος
2942 3719 3338 3789 γεγεννηκότος
3377 3721 3562 3774 αὐτόν.
3588 3720 3695 3774 Τὸν
3750 3723 3952 3791 μέντοι
3983 3722 4058 3774 λό-

2469 3828 2588 3880 γον,
2617 3811 2710 3864 τδν
2743 3810 2995 3880 λέγοντα,
3026 3813 3308 3883 ῥομφαίαν
3332 3814 3503 3883 αὐτῆς
3531 3813 3630 3884 τὴν
3662 3814 3934 3887 ψυχὴνέξ
3960 3818 4056 3886 ἀμ-

2471 3903 2718 3973 φιϐολίας
2749 3902 3002 3970 διελθεῖν,
3037 3904 3115 3968 ὡς
3151 3906 3354 3976 μήποτ’
3406 3906 3508 3960 οὐκ
3542 3908 3628 3975 εῖη
3656 3907 3798 3971 Θεὸς
3830 3909 3862 3960 ό
3913 3925 4061 3962 σταν-

2472 3997 2826 4066 ρούμενος,εί
2857 3999 3112 4050 καίτισιν
3144 3998 3382 4070 ἐρρήθη,
3420 3998 3536 4052 ἀλλ’
3565 3999 3666 4052 ούκ
3697 3999 3766 4053 ἀν
3804 4002 3942 4072 ιμοι
3974 4004 4059 4072 ῥη.

2474 4085 2614 4156 θείη.

2545 4194 2564 4227 ι
2594 4178 2703 4231 Καὶ
2721 4172 2810 4248 ἦν,
2830 4178 3194 4248 φησὶν,⁹Αννα
3212 4180 3481 4253 προφῆτις
3499 4179 3767 4254 θυγάτηρ,
3789 4184 4058 4256 Φανουὴλ,

2468 4269 2534 4322 ὲκ
2565 4269 2738 4340 φυλῆς
2784 4269 2976 4343 ’Δσὴρ,
3008 4271 3113 4336 έως
3140 4265 3225 4337 οῦ,
3272 4292 3292 4324 ι
3317 4273 3430 4326 Καὶ
3455 4272 3593 4344 αῦτη
3626 4278 3786 4345 χεῖρα
3819 4277 3906 4339 ὡς
3934 4277 4060 4330 ἑτῶν

2467 4357 2796 4430 ὀγδοήκοντα
2843 4363 3146 4434 τεσσάρων.
3203 4381 3222 4414 ι
3253 4363 3442 4416 ’Ἅννα
3482 4365 3770 4433 προφῆτις,
3815 4366 4058 4436 θυγάτηρ

2467 4451 2732 4522 Φανουὴλ,
2761 4451 2986 4518 ταύταις
3027 4453 3400 4509 διαστέλλεται
3427 4458 3547 4520 ταῖς
3581 4457 3884 4528 διαφοραῖς
3931 4460 4056 4527 αὕτη

785 4549 1143 4619 distinguitur
1173 4563 1205 4603 a
1237 4557 1410 4604 matre
1444 4547 1720 4620 Virginis;
1754 4549 1946 4604 eadem
1989 4563 2119 4604 vero
2147 4548 2364 4619 egregio

2471 4541 2604 4612 πρὸς
2645 4542 2746 4614 την
2787 4543 2887 4615 τῆς
2929 4542 3208 4614 Παρθένου
3239 4545 3493 4617 μητέραο
3528 4545 3799 4617 διέλαμπε
3840 4549 3907 4603 δὲ
3953 4551 4058 4608 ταῖς

783 4639 1049 4694 virtutum
1077 4640 1322 4695 omnium
1362 4640 1547 4696 studio
1575 4654 1687 4709 prie
1707 4640 1923 4694 caeteris
1948 4639 2242 4694 eminebat.
2282 4639 2363 4694 Ex

784 4745 850 4784 eo
894 4731 1039 4785 enim
1066 4771 1082 4796 ,
1135 4731 1281 4801 quod
1320 4746 1352 4784 a
1393 4731 1594 4801 templo
1625 4746 1736 4785 non
1776 4730 2095 4794 recedebat,
2141 4729 2365 4799 jejuniis

785 4841 916 4881 vero
946 4835 1002 4881 et
1025 4827 1280 4896 precibus
1306 4834 1470 4881 noctu
1491 4837 1547 4880 et
1570 4824 1806 4880 interdiu
1832 4823 2086 4888 vacabat,
2115 4833 2361 4893 apparet,

784 4917 1032 4972 eamdem
1053 4919 1389 4989 reliquarum
1416 4919 1581 4974 etiam
1598 4919 1860 4974 virtutum
1886 4931 2089 4972 corona
2116 4926 2363 4971 ornatam

786 5009 980 5066 fuisse.
1017 5008 1116 5067 His
1171 5026 1301 5068 vero
1351 5011 1441 5066 illa
1484 5011 1779 5066 virtutibus
1808 5010 1955 5080 quod
2004 5010 2072 5064 ad
2118 5009 2364 5064 animum

785 5103 1051 5159 mundata
1080 5143 1097 5169 ,
1150 5116 1206 5159 et
1263 5105 1600 5160 sanctissimi
1646 5103 1884 5174 Spiritus
1932 5102 2152 5158 ofﬁcina
2197 5101 2364 5170 facta,

784 5197 1145 5268 ejusdemque
1183 5197 1438 5268 alloquiis
1481 5198 1693 5262 ditata,
1737 5196 1926 5252 eadem
1983 5196 2121 5250 hora
2177 5206 2367 5251 astans

788 5289 1175 5352 conﬁtebatur,
1206 5299 1260 5342 et
1295 5287 1624 5356 loquebatur
1657 5287 1726 5342 de
1761 5301 1828 5340 eo
1869 5286 1935 5340 ad
1981 5285 2107 5342 illos
2148 5301 2364 5353 omnes,

784 5379 879 5449 qui
915 5379 1298 5434 liberationem
1338 5376 1731 5449 Hierosolymis
1761 5377 2172 5446 exspectabant.
2223 5395 2242 5430 t
2269 5375 2372 5430 Ea-

785 5471 931 5535 dem,
968 5470 1167 5540 inquit,
1197 5469 1334 5524 hora
1366 5476 1576 5524 astans.
1608 5485 1628 5520 ι
1666 5466 1785 5534 Qua
1815 5482 1943 5523 vero
1973 5467 2063 5523 illa
2084 5468 2108 5522 ἲ
2132 5467 2227 5522 llla
2255 5481 2372 5522 om-

855 5581 900 5614 “
924 5579 1058 5638 Luc.
1095 5597 1157 5648 tt,
1189 5581 1282 5636 35.

2470 4633 2692 4704 ἀρεταῖς
2743 4637 3006 4700 ἀπάσαις.
3057 4636 3150 4690 Ἐκ
3194 4639 3305 4709 γὰρ
3349 4636 3445 4690 τοῦ
3475 4638 3553 4709 μὴ
3595 4638 3949 4708 ἀφίστασθαι
3975 4641 4054 4694 τοῦ

2473 4723 2644 4794 ίεροῦ,
2681 4727 2774 4779 καὶ
2807 4726 3103 4796 νηστείαις,
3133 4728 3226 4781 καὶ
3262 4727 3511 4800 δεήσεσιν
3553 4729 3855 4801 λατρεύειν
3900 4734 4054 4786 νύκτα

2470 4817 2565 4870 καὶ
2599 4816 2834 4888 ἡμέραν,
2863 4806 3042 4890 δῆλον,
3080 4818 3158 4884 ῶς
3177 4819 3272 4875 καὶ
3303 4821 3333 4874 ό
3356 4820 3540 4885 λοιπὸς
3577 4822 3714 4894 αὐτῇ
3741 4823 3867 4877 τῶν
3894 4826 4052 4879 ἄλλων

2470 4909 2680 4979 ἀρετῶν
2712 4912 3008 4982 συμπαρῆν
3038 4913 3220 4981 χορός.
3269 4911 3394 4982 Ὑφ’
3434 4907 3508 4967 ὧν
3544 4916 3951 4989 κεκαθαρμένη
3977 4919 4052 4970 τὴν

2472 5000 2619 5064 νοῦν,
2666 5005 2756 5056 καὶ
2785 5003 2877 5058 τοῦ
2931 5005 3200 5074 παναγίου
3225 5005 3556 5076 -Πνεύματος
3584 5007 3944 5079 γεγενημένη
3978 5007 4050 5060 59-

2472 5097 2638 5166 χεῖον,
2666 5097 2760 5150 καὶ
2783 5097 2878 5162 τὰς
2925 5098 3058 5168 παρ’
3091 5096 3258 5150 αὐτοῦ
3283 5097 3548 5168 δεχομένη
3596 5099 3905 5167 ἐμφάσεις,
3931 5101 4050 5167 αὐτῇ

2470 5190 2536 5257 τῇ
2563 5186 2682 5258 ῶρᾳ
2722 5188 2995 5242 έπιστᾶσα
3036 5188 3476 5258 ἀνθωμολογεῖτο
3507 5185 3619 5258 (68)
3655 5189 3749 5241 καὶ
3781 5191 3974 5245 ἐλάλει
3996 5191 4050 5242 τὰ

2471 5280 2602 5350 περὶ
2631 5280 2796 5334 αὐτοῦ
2840 5283 2976 5336 πᾶσι
3007 5283 3122 5344 τοῖς
3179 5281 3631 5352 προσδεχομένοις
3682 5282 3968 5354 λύτρωσιν
4004 5286 4049 5334 ἐν

2477 5372 2885 5444 Ἰερουσαλήμ(
2907 5375 3054 5444 Αὑτῇ
3073 5376 3138 5443 τῇ
3160 5372 3281 5444 ῶρα
3305 5374 3627 5434 ὲπιστᾶσα.»
3665 5374 3866 5443 φησιν.
3892 5375 4042 5442 Moti.

2475 5469 2647 5537 ποίας
2693 5465 2758 5520 Ἦ
2788 5466 2912 5519 καθ’
2943 5467 3009 5536 ἠν
3045 5466 3107 5519 τδ
3133 5464 3355 5519 Παιδίον
3385 5466 3420 5536 ἡ
3442 5465 3639 5537 Μήτηρ
3664 5469 3816 5520 καὶὸ
3861 5467 4042 5534 ἰωςὴφ

1387 5580 1434 5613 ⁸⁸
1473 5579 1606 5636 ibid.
1664 5579 1734 5636 48
1767 5595 1884 5652 seq.
1960 5581 2008 5615 ⁸⁸
2037 5578 2231 5636 Matth.
2265 5596 2387 5646 xm,
2409 5580 2501 5637 55.

2271 5693 2501 5751 NOTAE.

864 5811 980 5881 (61)
1008 5811 1108 5865 οὐκ
1137 5811 1339 5880 addidi,
1374 5809 1519 5883 quod
1551 5825 1746 5866 sensus
1787 5811 2011 5866 omnino
2044 5807 2301 5881 postulat.

2545 5808 2656 5880 (68)
2683 5807 2837 5866 Colb.
2869 5825 2969 5882 pro
2999 5807 3358 5880 ἁνθολογεῖτο.
