4174 6450
741 417 850 479 835

1899 411 2158 473 PHOTII
2206 412 2701 473 I’ATRIARCH/E
2733 414 2838 472 CP.

3896 415 4008 483 836

737 535 858 587 vitze
885 532 1046 587 tinem
1094 528 1277 585 divelli
1320 528 1576 584 noluerit.
1640 527 1791 585 Sicut
1849 543 2041 599 porro,
2107 530 2303 600 inquit,

2429 529 2684 600 npeévo'b
2763 529 2855 583 καὶ
2914 528 3297 598 εὐαγγελιστοῦ
3377 529 3619 584 Ἰωάννου
3653 529 3816 600 (η’).
3872 532 4006 584 Ὠσ-

739 630 954 696 l’etrns,
1011 627 1386 696 apostolorum
1422 624 1652 695 primus,
1695 639 1891 680 nomen
1915 640 2074 680 suum
2107 641 2173 678 ex
2207 625 2309 681 iide

739 721 980 782 inlmota,
1011 733 1174 786 quam
1219 718 1271 771 in
1302 717 1582 772 Christum
1627 727 1832 787 petram
1865 717 2146 787 probabat,
2211 733 2306 773 ac-

738 812 913 880 cepit;
945 811 1018 863 ita
1044 810 1132 864 illa
1155 825 1395 879 quoque,
1428 821 1683 880 tzmquam
1705 809 2093 879 discipularum
2113 809 2309 878 prima,

737 913 958 972 propter
1002 902 1293 972 puritatem
1354 917 1510 956 suam
1556 910 1611 955 et
1658 901 2027 962 desiderium,
2091 914 2203 969 quo
2255 899 2310 954 in

740 994 890 1046 illum
937 990 1231 1057 ferebatur,
1294 1006 1323 1045 a
1384 989 1674 1045 Servatore
1713 991 1925 1052 eodem,
1965 1005 2075 1059 quo
2116 989 2310 1050 Mater,

743 1086 964 1141 neruine
998 1094 1081 1139 est
1137 1085 1415 1154 insignita.
1474 1081 1943 1150 Quemadmodum
1995 1082 2179 1151 itaque
2232 1080 2314 1135 di-

742 1175 1077 1246 scipulorum
1134 1175 1336 1229 chorus
1390 1172 1678 1226 Dominum
1705 1172 2052 1242 sequebatur,
2089 1170 2162 1224 ita
2193 1185 2316 1224 mu-

740 1266 956 1326 lierum.
1019 1261 1228 1317 Domini
1261 1261 1608 1332 disciplinam
1645 1261 2048 1330 recipientium,
2110 1272 2312 1313 corona

739 1357 912 1410 nostri
969 1353 1178 1408 Domini
1219 1351 1446 1407 Matrem
1492 1353 1936 1407 consectabatur.
1979 1349 2316 1404 Mirabantur

733 1448 900 1513 enim,
924 1445 1121 1514 inquit,
1149 1443 1444 1513 aliquando
1465 1442 1742 1512 discipuli,
1765 1441 1910 1511 quod
1942 1456 2066 1496 cum
2092 1439 2318 1494 muliere

740 1537 1145 1610 loquebatur”.
1211 1535 1289 1591 Es
1328 1551 1440 1607 quo
1484 1535 1834 1589 manifestum
1901 1542 1986 1588 est
2023 1531 2312 1586 Dominum

742 1625 795 1680 id
828 1627 1045 1696 quidem
1081 1641 1183 1680 usu
1211 1635 1490 1695 receptum
1514 1639 1621 1678 non
1651 1621 1924 1678 habuisse.
1976 1620 2115 1677 Cum
2136 1620 2320 1690 itaque

740 1716 908 1772 Mater
954 1716 1168 1771 Domini
1201 1714 1478 1787 Evangelii
1519 1729 1743 1770 cursum
1790 1729 1897 1767 una
1925 1727 2049 1768 cum
2099 1709 2239 1766 Filio
2267 1719 2321 1764 et

740 1823 924 1865 rerum
953 1808 1250 1864 Conditore
1291 1807 1636 1878 proveheret,
1689 1805 1968 1870 mulieres,
2029 1817 2154 1874 qua
2198 1817 2320 1858 eam

2414 638 2539 691 περ,
2591 622 2776 690 φησὶν,
2815 621 2846 690 ή
2877 621 3099 690 ἀπαρχὴ
3142 619 3252 673 τῶν
3293 620 3603 674 ἀποστόλων
3625 620 3834 689 Πέτρος
3870 619 4012 674 ὠνο-

2416 711 2596 781 μάσθη
2648 712 2733 764 διὰ
2788 711 2886 782 τὴν
2940 712 3237 765 ἀσάλευτον
3292 713 3510 775 πίστιν,
3574 715 3639 783 ἢν
3694 709 3852 782 εἶχεν
3913 714 4010 766 ἐπὶ

2414 802 2646 872 Χριστὸν
2695 800 2794 872 τὴν
2829 801 3035 872 πέτραν
3059 818 3074 831 ⁸
3107 801 3248 854 οὕτω
3295 803 3387 854 καὶ
3416 801 3575 871 αὑτὴ,
3612 803 3866 873 ἀρχηγὸς
3893 803 4006 855 τῶν

2425 893 2741 964 μαθητριῶν
2770 895 3060 964 γενομένη,
3086 894 3175 947 διὰ
3203 893 3302 963 τὴν
3324 893 3665 965 καθαρότητα
3699 894 3884 961 αὐτῆς
3914 894 4008 945 καὶ

2414 986 2506 1038 τὸν
2536 987 2717 1049 πόθον,
2746 985 2805 1038 δν
2835 981 2979 1055 εἶχεν
3014 988 3091 1048 εἰς
3139 985 3319 1047 αὐτὸν,
3372 984 3559 1054 Μαρία
3589 984 3914 1051 ὁμωνύμως
3944 985 4008 1050 τῇ

2414 1076 2599 1147 Μητρὶ
2625 1077 2776 1147 παρά
2797 1074 2891 1129 τοῦ
2922 1075 3169 1147 Σωτῆρος
3195 1075 3628 1146 προσηγόρευται
3652 1091 3668 1107 ·
3701 1073 3905 1141 ὥσπερ
3936 1073 4014 1142 τῷ

2417 1165 2665 1238 Δεσπότῃ
2689 1164 2798 1218 τῶν
2816 1163 3081 1260 μαθητῶν
3126 1161 3411 1231 ἠκολούθει
3466 1163 3494 1214 δ
3531 1162 3711 1230 χορὸς,
3755 1159 3914 1211 οὕτω
3944 1161 4008 1227 τῇ

2417 1254 2684 1325 Δεσποίνῃ
2713 1247 3027 1322 καὶ⁷Μητρ⁴ι
3054 1249 3149 1304 τοῦ
3174 1251 3379 1321 Κυρίου
3412 1250 3511 1302 τῶν
3535 1247 4014 1319 μαθητευομένων

2416 1342 2690 1412 γυναικῶν
2734 1342 2763 1394 ό
2813 1341 2992 1413 χορός.
3037 1338 3376 1410 Ἐθαύμαζον
3405 1337 3534 1408 γάρ,
3569 1339 3758 1407 φησὶν,
3795 1335 3937 1388 ποτε
3962 1333 4011 1386 οἱ

2420 1433 2682 1505 μαθηταὶ,
2713 1434 2795 1486 ὅτι
2853 1433 2991 1502 μετὰ.
3035 1430 3286 1500 γυναικὸς
3325 1430 3527 1484 ἐλάλει.
3559 1429 3753 1498 Δῆλον,
3802 1426 3886 1490 ὡς
3912 1428 4011 1480 οὐκ

2417 1524 2582 1595 οὔσης
2612 1525 2863 1593 τοιαύτης
2895 1521 3190 1592 συνηθείας
3219 1518 3298 1588 τῷ
3322 1519 3533 1588 Κυρίῳ,
3557 1516 3692 1570 ἀλλά
3710 1516 3804 1569 τὸν
3836 1517 4007 1581 εὐαγ-

2419 1612 2637 1683 γελικδν
2676 1611 2877 1683 δρόμον
2921 1610 3018 1680 τῆς
3062 1609 3285 1680 Μητρὸς
3339 1607 3438 1661 τοῦ
3492 1607 3770 1683 Δεσπότου
3812 1603 4010 1667 συνεξο

3581 1681 3629 1716 ι.

2420 1705 2688 1774 ανυούσης
2713 1704 2791 1777 τῷ
2818 1703 2931 1775 Υίῷ
2958 1704 3051 1757 καὶ
3079 1697 3424 1774 Δημιουργῷ,
3457 1697 3735 1844 atellani
3766 1713 4008 1751 συνακο-

2421 1795 2707 1844 λουθοῦσαι
2738 1796 2876 1844 αὐτῇ
2907 1793 2987 1844 τῶ
3007 1792 3172 1844 κοινῶ
3193 1792 3443 1844 Amm
3476 1792 3542 1844 εκ
3659 1807 3685 1842 ν
3721 1789 4008 1844 ὑπαρχόν-

2421 1795 2707 1851 λουθοῦσαι
2738 1796 2877 1867 αὐτῇ
2907 1793 2987 1866 τῷ
3007 1792 3172 1865 κοινῷ
3193 1792 3444 1865 Δεσπότῃ
3476 1792 3542 1844 εκ
3556 1789 3685 1844 δαν
3721 1789 4010 1859 ὑπαρχόν-

737 1900 1163 1966 comitabantur,
1195 1899 1478 1955 communl
1499 1897 1732 1953 Domino
1761 1897 1991 1967 ejusque
2023 1893 2311 1965 discipulis

2429 1907 2523 1944 των
2582 1891 2771 1954 αὐταῖς
2818 1887 3137 1958 ἀναγκαίοις
3160 1926 3176 1951 ,
3239 1887 3334 1942 καὶ
3382 1888 3495 1950 τοῖς
3556 1882 3826 1955 μαθηταῖς
3893 1879 4014 1949 διη-

737 2006 804 2046 ει
832 1989 1186 2048 facultatibus
1216 1993 1332 2048 suis
1368 1989 1778 2046 ministrabant.

740 2142 1064 2212 QUASSTIO
1094 2143 1253 2202 CLIX
1273 2143 1460 2219 [CoisL
1484 2141 1818 2208 CLXXXIX,
1843 2138 2321 2211 Tanr.CLXXIX].

744 2322 883 2388 Quid
909 2323 1174 2396 signiﬁcat
1209 2322 1343 2377 illud
1375 2338 1393 2376 :
1452 2342 1470 2374 ι
1490 2323 1572 2376 Ea:
1600 2336 1680 2374 me
1706 2320 1817 2390 ipso
1843 2334 1944 2373 non
1974 2318 2221 2388 loquor“
2248 2317 2314 2371 is

2427 1981 2638 2037 κόνουν.

2932 2132 3269 2190 ΕΡΩΤΗΣΙΣ
3327 2129 3496 2188 ΡΝΘ’.

2521 2316 2581 2370 Τί
2617 2315 2750 2369 ἐστι
2782 2315 2850 2369 τό
2866 2299 2898 2346 ·’
2917 2330 2937 2364 ι
2966 2312 3115 2383 Ἐγὼ
3141 2312 3244 2368 ἀπ’
3270 2309 3531 2381 ἐμαυτοῦ
3556 2311 3629 2364 οὐ
3655 2307 3821 2364 λαλῶ
3845 2324 3872 2375 ς
3911 2324 3939 2361 s

1141 2503 1396 2553 Editarum
1415 2515 1444 2550 a
1469 2500 1646 2550 Wolﬁo
1666 2496 1904 2563 vigesima
1923 2497 2139 2549 secunda
2163 2499 2222 2561 (I.
2243 2510 2312 2560 c.,
2335 2511 2384 2561 p.
2408 2495 2631 2549 786—789.
2662 2495 2886 2547 Galland.
2915 2495 2949 2543 I.
2976 2507 3004 2544 c
3028 2531 3042 2556 ,
3065 2508 3113 2557 p.
3136 2491 3345 2544 "In-7&5
3371 2504 3420 2541 n.
3441 2491 3547 2555 58).

823 2676 1259 2734 Pseudomessiae
1287 2689 1353 2729 ex
1385 2689 1444 2729 se
1467 2673 1605 2744 ipsis
1627 2671 2013 2741 loquebantur,
2046 2685 2156 2726 non
2192 2685 2321 2726 vero

745 2787 812 2827 ex
843 2770 979 2839 lege,
1018 2781 1118 2822 nec
1168 2780 1232 2820 es
1279 2762 1581 2835 prepttetis,
1615 2763 1710 2818 sed
1755 2777 1822 2818 ex
1847 2777 1947 2818 sua
1965 2762 2230 2817 sententia
2269 2771 2324 2816 et

747 2859 993 2915 arbitrio.
1063 2856 1264 2910 Contra
1311 2852 1569 2908 Servatur
1634 2869 1667 2908 a
1709 2852 1824 2924 lege
1869 2867 1973 2908 non
2016 2851 2322 2916 recedebat,

749 2965 858 3005 non
919 2948 1203 3002 omittebat
1245 2945 1560 3015 prophetas,
1619 2944 1716 2999 sed
1745 2943 1981 3009 dicebat,
2032 2958 2181 2998 nunc
2203 2939 2324 3011 qui-

747 3043 868 3096 dem
899 3057 912 3093 :
951 3039 1153 3094 «Recte
1202 3037 1342 3092 dixit
1364 3036 1595 3091 Isaias”
1619 3052 1635 3101 ;
1659 3053 1679 3086 ι
1713 3049 1859 3088 nunc
1893 3047 2022 3088 vero
2053 3053 2066 3088 :
2097 3051 2115 3085 ι
2136 3030 2329 3087 Nonne

752 3132 803 3184 in
860 3129 977 3199 lege
1013 3135 1196 3182 vestra
1227 3125 1491 3194 scriptum
1530 3123 1706 3191 est",
1736 3141 1754 3175 ι
1804 3131 1860 3178 et
1912 3123 2149 3194 plurima
2178 3122 2327 3193 ejus-

753 3222 898 3276 modi
949 3219 1074 3274 alia.
1152 3217 1422 3283 Quoniam
1483 3216 1669 3286 igitur,
1722 3215 1816 3285 qui
1869 3224 1995 3271 ante
2045 3213 2326 3269 Christum

2501 2669 2563 2723 0i
2587 2667 2962 2739 ψευδόχριστοι
2982 2666 3072 2736 ἀφ’
3104 2664 3312 2719 έαυτῶν
3341 2663 3586 2731 ὶλάλουν,
3605 2664 3702 2719 οὐκ
3722 2666 3785 2719 in
3804 2667 4014 2738 νόμου,

2430 2765 2530 2814 οὐκ
2560 2762 2626 2814 έκ
2663 2760 2982 2831 προφητῶν.
3039 2759 3155 2814 ἀλλ’
3181 2759 3289 2813 ἀπὸ
3331 2759 3430 2830 τῆς
3459 2758 3597 2824 ίδίας
3627 2759 3858 2830 γνώμης
3919 2761 4018 2814 καὶ

2430 2849 2607 2923 ὁρμῆς
2633 2865 2646 2878 ·
2678 2849 2707 2901 δ
2738 2849 2794 2902 δὲ
2819 2849 3008 2920 Σωτὴρ
3035 2850 3136 2903 οὐκ
3159 2849 3375 2920 ἀπέστη
3407 2850 3595 2919 νόμου,
3627 2849 3724 2902 οὐκ
3767 2851 4016 2918 έγκατα·

2431 2940 2680 2994 λέλοιπεν
2733 2941 3039 3010 προφήτας,
3092 2940 3209 2993 ἀλλ’
3242 2940 3397 3009 ἔλεγε
3439 2939 3534 2993 νῦν
3579 2939 3694 3010 μιν,
3733 2957 3751 2990 ι
3803 2939 4014 3003 Καλῶς

2433 3029 2585 3085 εἶπεν
2628 3032 2876 3095 Ἡσαΐας·
2913 3030 3008 3084 νῦν
3035 3031 3111 3096 δὲ,
3149 3049 3167 3082 ι
3205 3031 3280 3085 Οὐ
3305 3031 3616 3103 γέγραπται
3650 3035 3706 3085 έν
3745 3031 3821 3101 τῷ
3859 3032 4020 3101 νόμῳ

2435 3123 2606 3194 ὑμῶν,
2633 3141 2650 3174 ι
2676 3123 2769 3177 καὶ
2799 3122 2967 3194 μυρία
2996 3123 3241 3177 τοιαῦτα.
3260 3123 3415 3176 Ἐπεὶ
3432 3122 3525 3177 οὖν
3550 3123 3598 3175 oi
3622 3120 3871 3186 ἐλθόντες
3909 3122 4020 3192 πρὸ

2432 3215 2690 3284 Χριστοῦ,
2725 3218 2820 3269 καὶ
2848 3215 2907 3268 τὸ
2929 3214 3139 3268 ἑκείνου
3167 3213 3483 3286 περιθέντες
3511 3215 3720 3276 έαυτοῐς
3761 3213 4020 3284 κακούρ-

753 3311 1066 3374 veniebant,
1123 3309 1354 3379 ejusque
1404 3322 1604 3361 nomen
1660 3305 1796 3360 male
1841 3305 1946 3361 sibi
1991 3304 2324 3370 tribuebant,

2430 3323 2541 3373 γως
2569 3307 2762 3375 ὗνομα,
2794 3307 2895 3359 οὐκ
2925 3307 3033 3359 ἀπὸ
3065 3307 3175 3360 τῶν
3205 3307 3366 3378 ἱερῶν
3395 3305 3644 3378 Γραφῶν,
3670 3305 3780 3359 ἀλλ’
3814 3306 3888 3358 tat
3919 3308 4022 3375 τῆς

754 3416 862 3456 non
898 3414 963 3454 ex
996 3398 1169 3454 sacris
1215 3397 1456 3461 Litteris,
1482 3397 1576 3452 sed
1615 3411 1682 3451 ex
1717 3411 1816 3451 sua
1847 3395 2084 3452 amentia
2115 3408 2330 3449 errores

755 3491 1034 3555 serebant;
1066 3489 1190 3543 ideo
1252 3486 1517 3543 Servator
1551 3495 1736 3540 noster
1780 3486 1855 3540 ait
1893 3503 1908 3539 :
1943 3503 1963 3538 s
1997 3486 2110 3555 Ego
2145 3499 2211 3539 ex
2245 3497 2332 3538 me

755 3577 873 3646 ipso
914 3590 1022 3631 non
1051 3575 1273 3644 loquor,
1303 3575 1446 3630 sicut
1467 3575 1601 3630 illi.»
1656 3573 1735 3628 Es
1757 3589 1816 3630 se
1849 3574 1964 3644 ipso
1999 3574 2145 3629 enim
2180 3571 2330 3642 loqui

757 3665 896 3721 idem
947 3676 1052 3730 est,
1107 3674 1269 3736 atque
1308 3675 1503 3735 praeter
1549 3664 1889 3735 Scripturam
1916 3679 2128 3719 sacram
2159 3663 2327 3733 loqui.

757 3760 913 3825 Quod
991 3771 1120 3813 vero
1181 3757 1717 3828 pseudomessiarum
1781 3765 1834 3811 et
1890 3755 2333 3826 pseudopmplie-

759 3859 936 3902 tarum
987 3846 1080 3911 sit,
1139 3862 1158 3898 ι
1184 3859 1250 3900 ex
1279 3859 1338 3900 se
1362 3845 1497 3914 ipsis
1527 3845 1740 3914 loqui,»
1781 3843 1836 3898 id
1903 3842 2046 3898 Deus
2091 3843 2208 3913 ipse
2238 3855 2334 3912 per

760 3935 1078 4007 prophetam
1107 3932 1449 3989 Ezechielem
1494 3941 1844 3995 testatusest,
1895 3929 2086 3984 dicens
2124 3944 2139 3982 :
2186 3923 2331 3981 «Non

761 4027 888 4082 misi
929 4040 1025 4081 eos
1057 4042 1073 4093 ;
1100 4039 1168 4081 ex
1227 4039 1288 4080 se
1342 4023 1476 4094 ipsis
1524 4030 1654 4080 sunt
1699 4021 1898 4088 locuti;
1949 4035 2018 4076 ex
2041 4019 2205 4075 corde
2232 4031 2334 4074 suo

760 4121 1127 4190 loquuntur.)
1193 4115 1463 4182 Quoniam
1520 4114 1705 4184 itaque
1753 4111 2241 4183 pseudopropheta
2268 4124 2335 4164 es

761 4227 819 4266 se
851 4209 985 4280 ipsis
1012 4206 1399 4278 loquebantur,
1453 4204 1596 4259 hanc
1645 4203 1939 4258 amentiam
1973 4217 2004 4256 a
2040 4215 2100 4258 se
2144 4199 2336 4256 amoli-

762 4313 871 4357 tur.
915 4299 1166 4371 lmproba
1194 4297 1340 4353 enim
1375 4294 1691 4351 Judaeorum
1739 4309 1870 4365 gens
1897 4308 2148 4350 erronem
2179 4292 2334 4349 illum

762 4407 924 4457 esse,
1001 4399 1056 4447 et
1139 4389 1404 4445 mundum
1472 4394 1782 4459 pervertere
1881 4385 2334 4441 calumniabatur.

765 4483 1056 4552 Propterea
1112 4481 1298 4537 aiebat
1329 4496 1343 4534 :
1401 4497 1419 4532 ι
1445 4476 1557 4551 Ego
1585 4493 1651 4534 es
1679 4491 1766 4533 me
1793 4477 1910 4548 ipso
1937 4491 2044 4532 non
2072 4477 2288 4547 loquor,
2313 4495 2332 4529 ι

762 4575 856 4630 sed
896 4587 962 4629 ex
1003 4572 1137 4642 lege,
1203 4587 1270 4627 ex
1300 4570 1582 4642 prophetis
1620 4587 1634 4625 :
1680 4583 1802 4638 qua:
1827 4584 1895 4622 ex
1937 4567 2096 4624 Patre
2118 4567 2171 4622 in
2198 4568 2333 4638 lege,

2437 3397 2572 3458 ιδίας
2609 3397 2957 3462 ἀπονοίαςτά
2996 3397 3099 3468 τῆς
3151 3398 3363 3467 πλάνης
3405 3395 3824 3468 προυϐάλλοντο,
3861 3395 4022 3465 λέγει

2432 3489 2460 3541 ὁ
2481 3487 2672 3558 Σωτήρ
2702 3501 2717 3517 ’
2759 3506 2777 3540 ι
2821 3486 2962 3556 Ἐγὼ
2997 3488 3092 3542 ἀπ’
3122 3488 3364 3560 ἐμαυτοῦ
3394 3491 3453 3542 οὐ
3475 3487 3639 3550 λαλῶ.
3661 3487 3848 3559 ὥσπερ
3871 3490 4024 3543 ἰκετ-

2434 3593 2532 3631 νοι.
2573 3596 2593 3630 ι
2623 3578 2695 3631 Ίδ
2727 3577 2836 3650 γὰρ
2861 3579 2955 3648 ἀφ’
2995 3578 3193 3634 ἑαυτοῦ
3224 3579 3427 3645 λαλεῖν,
3459 3578 3520 3632 τδ
3558 3578 3663 3642 ἔξω
3691 3577 3798 3631 τῶν
3846 3579 4023 3649 ἱερῶν

2434 3669 2666 3741 Γραφῶν
2705 3673 2820 3725 ἐστι
2868 3671 3069 3726 λαλεῖν.
3106 3671 3226 3725 Ὀτι
3253 3671 3310 3724 δὲ
3356 3670 3417 3724 τὸ
3450 3671 3544 3738 ἀφ’
3588 3669 3776 3724 ἑαυτοῦ
3825 3668 4022 3724 λαλεῖν

2436 3760 2836 3831 ψευδοχρίστων
2856 3763 2972 3816 ἐστὶ
2994 3762 3088 3816 καὶ
3114 3761 3598 3834 ψευδοπροφητῶν,
3626 3761 3772 3830 λέγει
3803 3761 3899 3815 διὰ
3923 3762 4022 3816 τοῦ

2435 3854 2715 3924 προφήτου
2735 3851 2828 3907 τοῦ
2867 3852 3114 3924 Ἐζεκιὴλ
3143 3852 3254 3922 (ῚΞ)
3284 3855 3311 3907 ὀ
3333 3853 3464 3918 Θεός
3484 3868 3496 3882 ·
3531 3871 3550 3905 ι
3578 3854 3689 3907 Οὐκ
3715 3853 4024 3907 ἀπέστειλα

2435 3943 2651 4009 αὐτοὺς,
2677 3944 2770 4012 ἀφ’
2807 3943 3014 3998 έαυτῶν
3041 3944 3340 4015 ἐλάλησαν·
3364 3945 3428 3998 έκ
3445 3943 3546 4014 τῆς
3575 3943 3801 4017 καρδίας
3830 3943 4024 3998 αὐτῶν

2437 4033 2785 4103 φθέγγονται.
2825 4054 2844 4087 ι
2891 4035 3047 4089 Ἐπεὶ
3081 4031 3175 4089 οὖν
3196 4037 3244 4089 οἱ
3274 4035 3718 4106 ψευδοπροφῆται
3742 4035 3836 4104 ἀφ’
3886 4035 4021 4090 sau-

2436 4125 2544 4178 τῶν
2584 4127 2906 4198 ἑκήρυττον,
2943 4126 3150 4198 ταύτην
3179 4128 3545 4200 ἀποδυόμενος
3590 4127 3688 4198 τὴν
3753 4128 4021 4182 ἀπόνοιαν

2440 4219 2682 4289 (καὶγὰρ
2712 4219 3010 4290 ὲδυσφήμιι
3040 4219 3172 4292 (72⁸)
3206 4221 3266 4274 τὸ
3295 4220 3587 4291 ἀχάριστον
3605 4220 3711 4274 τῶν
3749 4220 4022 4276 Ἰουδαίων

2439 4308 2590 4372 ἔθνος
2635 4309 2834 4364 πλάνον
2887 4311 3047 4363 αὑτὸν
3078 4310 3195 4382 (75)
3242 4313 3335 4364 καὶ⁷
3387 4311 3596 4382 πλανᾷν
3647 4310 3737 4364 τὸν
3779 4311 4016 4380 κόσμον)

2439 4399 2526 4453 διά
2547 4399 2704 4453 τοῦτο
2733 4399 2916 4469 έλεγεν
2933 4417 2946 4431 ·
2969 4419 2987 4454 ι
3013 4401 3152 4471 Ἐγὼ
3176 4402 3272 4456 an!
3297 4401 3537 4474 ἐμαυτοῦ
3560 4402 3621 4456 οὐ
3648 4401 3816 4465 λαλῶ,
3849 4420 3871 4455 s
3903 4403 4019 4456 ἀλλ’

2438 4490 2547 4545 ἀπὸ
2581 4493 2772 4560 νόμου,
2806 4491 2915 4547 ἀπὸ
2962 4491 3069 4547 τῶν
3114 4493 3433 4565 προφητῶν,
3466 4495 3567 4549 ὅσα
3617 4495 3825 4565 ηκουσα
3858 4495 4020 4566 παρά

2439 4583 2532 4637 τοῦ
2567 4584 2776 4655 Πατρδς
2803 4585 2860 4637 έν
2888 4585 3055 4657 νόμῳ,
3087 4585 3143 4639 έν
3163 4587 3500 4657 προφήταις·
3537 4588 3603 4640 έκ
3631 4585 3933 4656 προσώπου
3965 4586 4021 4640 δὲ

763 4676 817 4719 et
865 4664 919 4718 in
957 4662 1239 4735 prophetis
1285 4661 1491 4717 audivi.
1553 4659 1748 4748 Habito
1786 4674 1914 4714 vero
1943 4659 2007 4714 ad
2039 4660 2324 4714 humanam

2432 4673 2541 4744 τῆς
2566 4646 2771 4746 σαρκὸς
2791 4646 2965 4731 ταῦτα
2995 4646 3164 4745 λέγει,
3309 4646 3388 4740 sui;
3422 4646 3794 4748 διάλυσιν-τῆς
3822 4677 4021 4730 Bum-

765 4767 917 4809 suam
941 4760 1195 4808 naturam
1238 4759 1529 4822 respectu,
1567 4758 1623 4803 et
1653 4747 1722 4803 ad
1759 4749 2121 4804 amoliendam
2179 4747 2340 4803 mali-

2443 4765 2643 4837 δούσης
2660 4767 2934 4832 ὑπονοίας·
2966 4787 2984 4821 ι
3021 4767 3212 4839 Ὑμεῖς
3229 4769 3308 4833 δὲ,
3334 4771 3434 4824 ὅσα
3452 4769 3585 4840 ήκού
3595 4785 3721 4825 σατε
3748 4768 3908 4842 παρά
3924 4768 4020 4824 τοῦ

765 4862 927 4918 gnam
949 4845 1101 4902 illam
1135 4844 1204 4901 de
1245 4857 1306 4901 se
1330 4843 1719 4914 suspicionem,
1775 4843 1849 4898 ita
1883 4842 2145 4913 loquitur.
2183 4859 2203 4894 ι
2235 4839 2324 4897 Vo:

2443 4857 2650 4928 πατρὸς
2680 4856 2833 4928 ὑμῶν
2880 4857 2974 4913 τοῦ
3003 4858 3268 4915 διαϐόλου.
3319 4878 3338 4913 ι
3366 4859 3451 4914 Τὰ
3480 4839 3601 4931 γὰρ
3664 4859 3759 4914 τοῦ
3812 4839 4020 4932 πατρὸς

766 4950 919 5005 vero,
941 4953 960 4988 ι
991 4935 1161 5000 addit,
1217 4952 1237 4988 ι
1265 4947 1352 5000 ea,
1381 4933 1709 5006 (loquimini)
1737 4947 1857 5003 quae
1886 4947 1950 4988 es
1978 4942 2130 5004 patre
2161 4943 2324 4989 vestri

2445 4949 2646 5020 κλῆρος
2671 4948 2877 5018 γίνεται
2900 4954 3010 5016 τοῖς
3035 4952 3212 5016 παισὶ,
3246 4952 3339 5006 καὶ
3376 4951 3466 5006 διά
3515 4950 3671 5006 τοῦτο
3705 4952 3776 5004 τὰ
3807 4952 4019 5005 ἑκείνου

765 5027 1013 5096 diabolo,
1037 5027 1348 5084 audivistis.
1385 5045 1405 5079 ι
1447 5024 1601 5083 Sicut
1623 5026 1790 5094 enim,
1835 5039 1955 5095 qua:
1978 5026 2154 5097 patris
2192 5033 2339 5091 sunt,

767 5120 1101 5177 hereditatis
1151 5120 1272 5177 loco
1327 5118 1455 5175 llliis
1475 5119 1800 5191 obtingunt,
1834 5118 1909 5174 ita
1940 5126 1994 5173 et
2036 5132 2159 5189 qua:
2193 5117 2340 5174 illius

2446 5037 2656 5106 γίνεται
2695 5037 2804 5092 τῶν
2846 5037 3228 5111 κληρονόμων·
3254 5039 3329 5102 ὡς
3367 5038 3481 5092 ἴσον
3513 5036 3746 5092 ἐνταῦθα
3781 5037 4020 5109 καθορᾶ-

2449 5125 2594 5194 σθαι,
2626 5127 2718 5180 καὶ
2746 5129 2825 5192 είς
2851 5130 3045 5184 ταυτὸν
3078 5131 3315 5186 συνιέναι
3377 5131 3439 5185 τὸ
3467 5129 3528 5197 έξ
3567 5129 3777 5185 ἑαυτῶν
3811 5129 4018 5195 λαλεῖν,

836 5323 882 5357 ⁸³
917 5322 1076 5383 Joan.
1114 5341 1189 5393 iv,
1219 5325 1315 5379 27.
1344 5323 1391 5356 ”
1430 5320 1588 5380 Joan.
1621 5335 1731 5387 xlv,
1755 5321 1841 5376 to.
1875 5321 1917 5352 "
1987 5322 2182 5380 Matth.
2218 5339 2310 5392 xv,
2347 5326 2399 5379 7.
2432 5325 2477 5356 "
2503 5322 2661 5381 Joan.
2689 5341 2744 5390 κ,
2776 5326 2865 5381 34.

2283 5503 2519 5564 ΝΟΤΑΕ.

834 5667 973 5736 (πο)
1015 5667 1263 5720 Ἰωάννου
1296 5664 1470 5720 habeo
1497 5679 1561 5736 ea
1588 5662 1830 5736 goliiert.

837 5731 963 5805 (ny
985 5737 1233 5792 Alludere
1252 5737 1467 5790 videtur
1490 5734 1556 5788 ad
1588 5731 1789 5805 Esech.
1822 5750 1942 5805 x_m,
1967 5734 2026 5789 ϐ.

833 5803 971 5878 (72‘)
1011 5808 1241 5864 Verbum
1270 5806 1569 5876 ἐδυσφήμει
1619 5803 1792 5862 debeo
1832 5803 2161 5870 Colbertino,
2197 5805 2340 5877 quod

2451 5665 2505 5720 in
2528 5665 2699 5721 altero
2721 5667 2922 5722 deerat.

2519 5735 2632 5805 (75)
2670 5737 2758 5792 Sic
2779 5738 2963 5808 scribo
2995 5751 3093 5807 pro
3117 5736 3316 5808 πλάνον
3332 5734 3500 5808 αὐτῷ,
3523 5736 3744 5806 quando
3772 5734 4009 5797 .Colbert.

2449 5807 2591 5863 idem
2628 5807 2765 5863 mate
2796 5825 2809 5862 :
2844 5807 3059 5862 πλάνων
3088 5807 3270 5864 αὐτόν.
