4174 6450
736 395 842 462 339
1902 396 2162 456 PIIOTII
2203 395 2384 454 PATF

2376 395 2708 457 ilARCH/E
2737 398 2846 459 ΟΡ.
3911 397 4024 465 846

738 526 755 557 ι
789 505 1051 572 Quamvis
1099 503 1291 569 multa,
1359 504 1556 574 inquit,
1612 504 1872 561 miracula
1914 505 2093 560 ederet
2130 502 2322 567 Iesus.
2354 514 2386 568 Α

2376 514 2400 569 ι
2431 505 2596 558 αὑτοῦ
2628 507 2881 579 θεότητα,
2917 507 3112 571 Πολλά,
3138 509 3292 580 φησὶ,
3323 509 3526 580 σημεῖα
3557 508 3894 578 ποιήσαντος
3925 507 4024 561 τοῦ

732 598 896 652 Judaei
930 605 1114 652 tamen
1147 613 1254 651 non
1282 597 1595 664 credebant,
1640 607 1701 652 ut
1745 597 2058 666 impleretur
2111 595 2319 651 dictum

2444 596 2616 666 Ἰησοῦ
2653 597 2766 667 (78)
2818 597 2919 650 οὐκ
2961 598 3291 652 ἐπίστευσαν
3331 599 3381 651 oi
3429 598 3694 662 Ἰουδαῖοι,
3749 598 3843 649 ἵνα
3880 598 4025 665 πλη-

737 685 888 738 lsaia:
920 703 933 738 :
985 683 1231 749 Domine,
1268 685 1394 755 quis
1429 685 1658 740 credidit
1689 684 1851 740 dictis
1892 685 2120 746 nostris,
2149 694 2202 738 et
2226 683 2318 738 cui

2435 685 2580 754 ρωθῇ
2615 685 2676 737 τὸ
2703 685 2867 755 ῥηθὲν
2894 688 2998 740 ὑπὸ
3027 687 3123 741 τοῦ
3163 688 3426 742 Ἡσαΐου·
3481 707 3499 739 ι
3535 687 3731 759 Κύριε,
3767 689 3861 750 τίς
3899 687 4025 740 επί-

740 779 1019 832 brachium
1057 777 1274 832 Domini
1307 786 1391 832 est
1427 777 1744 834 revelatum‘
1773 778 1797 832 ?
1831 796 1849 827 ι
1881 775 1999 847 lpse
2033 786 2324 845 ncmpe,et

2430 792 2654 829 στευσεν
2687 779 2752 847 τῇ
2785 779 2923 850 ἀκοῇ
2974 780 3153 850 ἡμῶν,
3195 782 3290 834 καὶ
3316 781 3346 833 ὁ
3392 778 3628 849 βραχίων
3663 780 3886 848 Κυρίου
3919 779 4025 831 τίνι

732 870 942 940 justitia
979 870 1119 939 ejus.
1158 887 1177 918 ι
1213 869 1395 939 Prope
1424 870 1570 925 enim
1602 878 1707 934 est,
1741 878 1799 923 ut
1825 869 2037 938 justitia
2072 883 2191 922 mea
2223 868 2323 923 ad-

2428 867 2789 942 ἀπεκαλύφθη
2809 886 2856 932 ;t
2881 871 3042 934 αὐτὸς
3066 873 3247 926 τοίνυν
3269 871 3364 925 καὶ
3375 872 3747 942 δικαιοσύνη.ι
3772 871 4025 939 Ἐγγίζει

739 961 936 1014 veniat.
970 979 988 1010 ι
1020 958 1138 1028 Ipse
1165 960 1350 1029 itaque
1400 971 1455 1014 et
1503 960 1764 1015 Servator
1791 967 1898 1023 est,
1931 969 1985 1013 et
2014 958 2320 1012 brachium.

2429 960 2537 1033 γάρ
2563 963 2596 1033 ἡ
2625 961 2941 1033 δικαιοσύνη
2972 980 3074 1032 μου
3093 963 3524 1033 παραγενέσθαι.
3551 982 3572 1015 ι
3593 963 3769 1026 sses;
3785 962 3894 1014 καὶ
3912 962 4024 1012 Σω-

743 1050 1031 1120 Propterea
1081 1060 1137 1104 et
1182 1049 1388 1107 Paulus
1438 1052 1623 1105 omnia
1681 1051 2020 1121 complexus,
2069 1049 2124 1104 in
2153 1064 2322 1104 unum

2429 1055 2554 1125 τὴρ,
2605 1054 2768 1117 αὐτὸς
2807 1056 2900 1107 καὶ
2943 1054 3205 1124 βραχίων.
3239 1054 3340 1107 Διά
3387 1054 3546 1107 τοῦτο
3598 1055 3695 1108 καὶ
3743 1056 3772 1106 ὁ
3812 1051 4029 1112 Παῦλος

741 1140 972 1204 confert,
998 1140 1222 1196 dicens:
1263 1159 1281 1191 ι
1318 1139 1422 1206 Qui
1471 1139 1648 1196 factus
1693 1140 1850 1195 nobis
1895 1149 1981 1196 est
2028 1154 2059 1194 a
2090 1138 2200 1194 Deo
2232 1153 2325 1194 sa-

2431 1141 2746 1214 περιλαϐὼν
2792 1142 3010 1196 ἅπαντα
3041 1145 3117 1206 είς
3145 1144 3204 1196 ἓν
3249 1142 3532 1211 ἀναφέρει,
3586 1141 3810 1209 λέγων.ο
3857 1160 3878 1192 ι
3935 1144 4027 1202 '0;

745 1233 971 1302 pientia,
1027 1241 1081 1288 et
1125 1233 1508 1299 sanctificatio,
1531 1242 1586 1288 et
1629 1233 1880 1289 Iiberatio
1909 1233 1952 1286 '.
1991 1251 2012 1285 ι
2062 1230 2164 1286 llic
2190 1231 2322 1286 oriri

2431 1236 2694 1306 ἐγεννήθη
2733 1237 2869 1308 ἡμῖν
2919 1235 3029 1290 ἀπὸ
3069 1235 3206 1290 Θεοῦ
3255 1237 3416 1306 σοφία
3471 1237 3561 1289 καὶ
3614 1234 3910 1303 ἁγιασμὸς
3941 1234 4028 1285 καὶ

744 1325 903 1378 nobis
921 1324 1050 1380 fecit
1078 1333 1257 1380 ortum
1281 1324 1676 1395 iustissimum.
1708 1345 1728 1377 ι
1751 1324 1891 1381 Ecce
1918 1325 2088 1387 enim,
2123 1323 2321 1392 inquit,

2428 1327 2830 1398 ἀπολύτρωσις.
2878 1346 2899 1382 ι
2934 1323 3103 1390 Οὗτος
3147 1328 3280 1397 ἡμῖν
3319 1326 3595 1380 ἀνέτειλεν
3625 1325 3914 1394 ἀνατολὴν
3952 1323 4027 1374 5t-

744 1415 874 1470 oriri
911 1415 1110 1470 faciam
1142 1417 1308 1471 domo
1353 1414 1574 1470 Davidis
1604 1425 1787 1470 ortum
1831 1425 2103 1480 sanctum,
2142 1424 2198 1470 et
2233 1429 2322 1469 re-

2431 1420 2612 1474 καίαν.
2648 1439 2666 1472 ι
2718 1420 2850 1474 Ἰδοὺ
2884 1421 3016 1492 γὰρ,
3060 1421 3249 1488 φησιν,
3279 1417 3528 1472 ἀνατελῶ
3577 1416 3661 1487 τῷ
3690 1417 3839 1486 οἴκῳ
3866 1416 4031 1468 Δαιιδ

744 1506 926 1576 gnabit
961 1503 1072 1560 Rex
1103 1506 1287 1576 justus
1314 1507 1357 1559 ³.
1384 1524 1403 1558 ι
1437 1507 1603 1561 Ortus
1630 1505 1815 1574 itaque
1845 1520 1989 1561 unus
2017 1513 2126 1568 est,
2158 1504 2318 1558 multi

2429 1510 2692 1582 ἀνατολὴν
2706 1510 2945 1577 δικαίαν,
2970 1511 3067 1563 καὶ
3089 1508 3400 1581 βασιλεύσει
3427 1507 3682 1579 βασιλεὺς
3726 1507 3970 1570 δίκαιος.
4003 1524 4018 1556 ι

747 1611 874 1650 vero
931 1596 1176 1664 eiusdem
1227 1596 1388 1652 radii.
1447 1595 1603 1650 Radii
1664 1597 1876 1652 scilicet
1934 1596 2322 1660 humanitatis,

2429 1602 2544 1655 Μία
2566 1603 2665 1672 μὲν
2692 1597 2785 1656 οὖν
2809 1604 2842 1672 ἠ
2873 1602 3130 1673 ἀνατολὴ,
3162 1601 3352 1655 πολλαὶ
3379 1601 3439 1654 δδ
3465 1601 3639 1671 αὐτῆς
3666 1603 3726 1654 al
3761 1601 3989 1662 ἀκτῖνες
4015 1614 4028 1629 °

745 1689 1087 1754 sanationis,
1130 1689 1282 1759 pacis
1329 1706 1343 1743 :
1397 1689 1538 1743 radii
1568 1688 1823 1758 justitite,
1860 1687 2212 1758 pluriumque
2242 1687 2322 1742 si-

2430 1695 2646 1756 ἀκτῖνες
2668 1691 3104 1764 φιλανθρωπίας,
3137 1691 3354 1757 ίάσεως,
3372 1691 3630 1762 εἰρήνης·
3657 1690 4024 1759 δικαιοσύνης

749 1783 981 1837 milium.
1013 1781 1313 1853 Propterea
1343 1784 1510 1838 etiam
1545 1783 1710 1838 David
1730 1783 2058 1839 vaticinatus
2078 1782 2319 1838 cecinit:

2431 1785 2671 1849 ἀκτῖνες,
2701 1785 2797 1837 καὶ
2828 1785 3044 1854 μυρίων
3072 1783 3269 1838 ἀλλων.
3303 1783 3396 1837 Διὸ
3426 1784 3522 1837 καὶ
3549 1785 3579 1838 ὀ
3624 1782 3795 1836 Δαϐὶδ
3831 1781 4033 1852 προθεο

752 1895 770 1926 ι
813 1871 870 1928 In
911 1874 1106 1930 diebus
1136 1875 1257 1944 ejus
1305 1875 1514 1930 orietur
1541 1874 1758 1945 justitia
1787 1911 1804 1938 ,
1857 1884 1910 1928 et
1950 1874 2102 1945 pacis
2146 1873 2323 1944 copia,
2361 1875 2400 1934 Β

2384 1875 2638 1941 ισπίζων
2666 1871 2832 1950 ᾖδενο
2889 1893 2911 1929 ι
2968 1876 3244 1932 ’Δνατελεῐ
3271 1878 3331 1932 εν
3373 1879 3495 1940 ταῖς
3553 1876 3795 1947 ἡμέραις
3860 1873 4032 1928 αὑτοῦ

745 1965 921 2020 donec
953 1966 1080 2020 luna
1112 1966 1396 2022 aboleatur
1414 1966 1454 2021 ⁸.
1497 1986 1516 2019 ι
1550 1966 1648 2022 llic
1699 1965 1863 2036 igitur
1905 1975 2060 2021 ortus
2106 1981 2174 2020 ex
2217 1966 2328 2021 alto

2433 1967 2752 2037 δικαιοσύνη
2783 1967 2878 2022 καὶ
2909 1967 3116 2038 πλῆθος
3147 1969 3400 2039 εἰρήνης,
3429 1965 3538 2027 ἓως
3563 1960 3625 2021 οὗ
3651 1962 4033 2034 ἀπαναιριθῇ

745 2069 898 2124 reque
927 2065 1092 2125 atque
1121 2071 1188 2111 ex
1233 2067 1381 2112 terra
1423 2057 1654 2127 contigit
1685 2073 1698 2110 :
1751 2070 1817 2112 ex
1846 2057 1959 2112 alto
1986 2057 2209 2128 quidem
2242 2070 2329 2112 se-

2433 2063 2467 2132 ἡ
2508 2061 2730 2130 σελήνη.
2769 2078 2790 2113 ι
2816 2059 2967 2132 Δῦτη
3016 2059 3148 2129 γοῦν
3185 2062 3219 2131 ἡ
3249 2059 3484 2130 ἀνατολὴ
3512 2058 3572 2124 ἑξ
3605 2057 3776 2127 ὕψους
3813 2057 4034 2110 ἀνέτει-

747 2147 986 2202 cundtun
1013 2148 1282 2215 divinam,
1315 2164 1383 2206 ex
1409 2159 1555 2206 terra
1585 2157 1769 2206 autem
1793 2149 2092 2205 secundum
2127 2149 2329 2204 buma-

2433 2152 2546 2214 λεν,
2577 2153 2676 2210 καὶ
2695 2152 2805 2206 ἀπὸ
2828 2152 2928 2223 τῆς
2952 2150 3053 2223 τῆς
3070 2168 3085 2183 ·
3109 2150 3170 2218 ἑξ
3185 2151 3356 2221 ὕψους
3380 2151 3479 2223 μὲν
3497 2150 3638 2205 κατά
3651 2150 3754 2219 τὴν
3765 2147 4032 2218 θειότητι,

749 2250 873 2290 nam
914 2245 1190 2290 naturam.

2435 2245 2544 2299 ἀπὸ
2574 2245 2676 2314 τῆς
2705 2243 2763 2298 δὲ
2785 2245 2932 2299 κατά
2959 2245 3059 2316 τὴν
3087 2242 3421 2315 οἰκονομίαν.

777 2407 1106 2472 θυιΕΞΤΙΟ
1138 2406 1297 2465 CLXI
1331 2400 1528 2482 (Caici.
1562 2409 1744 2478 CXCI,
1795 2410 1960 2465 Taur.
1990 2409 2296 2486 CLXXXI].
2952 2420 3282 2475 ΕΡΩΤΗΣΙΣ
3309 2419 3482 2480 pay.

754 2587 893 2656 Quid
934 2589 1245 2660 signiﬁcat:
1284 2609 1302 2642 ι
1325 2589 1558 2674 Quodet
1593 2593 1711 2674 ipsa
1737 2602 1982 2674 creatura
2012 2592 2329 2652 liberabitur

2438 2597 2500 2654 Τί
2519 2597 2747 2669 δηλοῖμ
2785 2598 2907 2674 Ὅτι
2934 2597 3214 2674 καί-αὕτη
3248 2598 3288 2674 ᾖ
3319 2602 3520 2674 κτίσις
3543 2598 4035 2674 {Ariaspe-rarior-

1279 2679 1312 2715 a
1345 2664 1593 2716 servitute
1615 2663 1704 2716 '?r
1726 2672 1830 2718 etc.
2583 2663 2596 2669 ’
2706 2663 2814 2724 ται
2835 2673 2927 2725 dm

2583 2663 2596 2669 ’
2706 2663 2814 2724 ται
2835 2668 2954 2725 ἀπὸ
2980 2667 3087 2739 τῆς
3120 2663 3424 2736 δουλείας,
3447 2688 3466 2722 ι
3487 2663 3586 2722 καί
3612 2669 3730 2732 ἐξ.;

959 2841 1210 2890 Editarum
1250 2855 1276 2891 ιι
1315 2841 1494 2892 Wolﬁo
1515 2844 1753 2907 vigesima
1780 2851 1953 2909 quarta
1983 2845 2041 2909 (l.
2065 2858 2132 2908 c.,
2157 2860 2207 2909 p.
2233 2845 2465 2900 790-800.
2509 2848 2734 2901 Galland.
2764 2864 2811 2912 p.
2839 2849 3066 2913 “5-747,
3090 2866 3142 2903 ιι.
3165 2853 3335 2914 ιο).-
3360 2851 3415 2902 ιιι
3441 2853 3583 2901 ltom.
3608 2865 3708 2911 rm,
3733 2851 3816 2901 21.

825 2989 1106 3045 Serviebat
1141 3001 1400 3046 creatura
1455 2991 1702 3059 homini,
1760 3007 1865 3047 non
1906 3002 1966 3047 ut
2021 2993 2212 3063 digno,
2258 2995 2341 3050 sol

2536 2995 2878 3050 Ἐδούλευσεν
2915 2999 2948 3068 ἡ
2976 2997 3157 3061 κτίσις
3194 2996 3275 3068 τῷ
3303 2995 3598 3069 ἀνθρώπῳ,
3624 2996 3720 3065 οὐχ
3747 2995 3827 3060 ὡς
3872 2997 4021 3069 ἀξίῳ

756 3082 984 3148 scilicet,
1035 3093 1092 3138 et
1120 3083 1272 3149 luna,
1305 3091 1359 3138 et
1386 3096 1555 3148 astra,
1609 3092 1664 3139 ct
1691 3094 1860 3151 terra,
1888 3100 2119 3156 quaeque
2147 3085 2201 3140 in
2229 3086 2338 3143 illis

2445 3086 2595 3156 ἥλιος
2623 3088 2717 3141 καὶ¹
2746 3087 2968 3158 σελήνη,
2999 3087 3095 3141 καὶ
3127 3087 3303 3160 ἄστρα
3331 3091 3427 3143 καὶ
3453 3088 3551 3158 γῆ,
3590 3087 3686 3142 καὶ
3713 3088 3781 3142 τά
3813 3089 3884 3141 ιν
3941 3090 4037 3143 αὑ-

759 3187 886 3233 sunt
915 3195 927 3229 :
957 3191 1089 3237 non,
1132 3175 1384 3245 inquam,
1419 3189 1479 3230 ut
1505 3175 1693 3244 digno.
1747 3175 1885 3230 Nam
1930 3187 1984 3232 et
2013 3177 2341 3247 prmvarica—
2367 3218 2407 3276 ο

2389 3218 2412 3276 3
2445 3178 2592 3239 τοῖςο
2624 3177 2722 3246 οὐχ
2759 3177 2834 3240 ὼς
2862 3177 2998 3247 ἀξίῳ
3039 3178 3097 3231 δὶ
3131 3178 3252 3249 (καὶ
3296 3178 3407 3250 γάρ
3448 3178 3770 3250 παραϐάτης
3807 3175 3889 3249 ἦν
3943 3179 4037 3234 καὶ

761 3279 848 3324 tus
899 3276 1038 3327 erat.
1072 3275 1126 3321 et
1182 3281 1357 3336 paenae
1410 3267 1706 3322 obnoxius.
1777 3265 2059 3323 Serviebat
2121 3265 2409 3337 itaque,’

2389 3265 2412 3276 ’
2451 3268 2747 3339 ὑπόδικος),
2773 3269 2910 3323 ἀλλὰ
2924 3269 3021 3323 τοῦ
3044 3269 3179 3324 Θεοῦ
3202 3269 3474 3324 δουλεύειν
3503 3270 3938 3343 προστάξαντος,
3963 3272 4037 3334 ὡς

764 3361 873 3416 Deo
903 3360 977 3413 ita
1005 3359 1257 3429 jubente,
1295 3373 1363 3412 ne
1395 3357 1578 3429 imago
1607 3373 1709 3414 sua
1758 3361 1980 3430 penitus
2030 3359 2350 3429 deturpare-

2450 3360 2517 3414 ἂν
2557 3361 2632 3431 μὴ
2679 3360 2790 3432 (79)
2814 3360 3107 3433 ἐξυϐρισθῇ
3148 3361 3238 3415 διὰ
3277 3363 3497 3416 πάντων
3551 3363 3586 3432 ἠ
3631 3361 3816 3426 εἰκὼν,
3862 3363 3916 3415 εί
3948 3364 4041 3415 καὶ

765 3464 875 3516 tur,
905 3450 1158 3520 quamvis
1189 3451 1535 3520 deliquisset.
1593 3450 1729 3506 Cum
1761 3451 1944 3522 itaque
1973 3451 2156 3507 omnis
2187 3465 2346 3506 crea-

2451 3453 2690 3525 παρὲϐη.
2716 3453 2905 3524 Πάσης
2945 3453 3126 3508 τοίνυν
3154 3457 3255 3526 τῆς
3285 3454 3517 3519 κτίσεως
3549 3453 3981 3523 στασιαζούσης,
4014 3457 4044 3508 ὁ

766 3556 887 3598 tura
929 3543 1192 3598 rebellem
1249 3557 1308 3597 se
1359 3542 1602 3609 sisteret,
1659 3542 1805 3598 Deus
1834 3553 2013 3599 tamen
2041 3551 2351 3598 creaturam

2451 3543 2586 3607 Θεὸς
2615 3544 2826 3600 κελεύει
2855 3547 2920 3616 τῇ
2952 3545 3128 3599 κτίσει
3177 3545 3254 3616 μὴ
3286 3546 3547 3617 ἀφηνιᾷν,
3582 3545 3721 3600 ἀλλά
3765 3546 4040 3616 παρέχειν

766 3636 1062 3705 imperium
1115 3649 1224 3687 non
1253 3635 1564 3690 detrectare
1604 3634 1794 3705 jussit,
1839 3634 1933 3691 sed
1965 3635 2135 3690 solem
2170 3635 2354 3690 radios

2456 3637 2554 3706 μὲν
2579 3637 2670 3690 τὸν
2696 3637 2851 3708 ἥλιον
2870 3637 2970 3706 τὴν
3000 3637 3194 3691 ἑαυτοῦ
3218 3639 3436 3702 ἀκτῖνα,
3469 3639 3568 3710 τὴν
3602 3639 3704 3709 γῆν
3729 3641 3861 3701 τοὺς
3908 3656 4040 3708 καρ-

768 3742 922 3793 suos,
959 3736 1160 3780 terram
1197 3725 1404 3797 fruges,
1430 3740 1582 3781 mare
1609 3727 1810 3796 pisces,
1842 3741 2164 3797 mercesque
2191 3726 2352 3792 alias,

2454 3731 2612 3795 ποὺς,
2637 3734 2734 3802 τὴν
2767 3732 3046 3784 Θάλασσαν
3083 3731 3236 3802 ἰχθῦς
3298 3733 3393 3784 καὶ
3455 3731 3554 3795 τάς
3589 3731 3867 3802 ἐμπορίας
3898 3748 3914 3762 ο
3949 3735 4041 3783 καὶ

768 3827 824 3873 et
859 3817 1085 3873 condita
1119 3833 1336 3888 quoque
1363 3828 1561 3873 caetera
1613 3834 1698 3884 ea,
1756 3833 1877 3889 quae
1931 3818 2056 3873 usui
2105 3827 2161 3872 et
2198 3832 2354 3872 com-

2453 3821 2683 3875 ἕκαστον
2713 3821 2822 3874 τῶν
2856 3821 3194 3892 κτισμάτων,
3227 3821 3326 3893 τὴν
3363 3821 3424 3888 ἐξ
3460 3821 3672 3875 ἑαυτῶν
3717 3822 3917 3892 χρείαν
3947 3825 4042 3878 καὶ

771 3911 938 3964 modo
991 3910 1171 3964 forent
1225 3909 1578 3974 horninibus,
1648 3909 1908 3966 exhibere
1955 3910 2144 3964 voluit.
2201 3908 2353 3964 llauc

2452 3913 2721 3982 ὠφέλειαν
2788 3915 2903 3977 τοῖς
2971 3913 3304 3983 ἀνθρώποις.
3359 3913 3579 3984 Ταύτην
3631 3915 3963 3984 επιγυμνῶν
4016 3917 4041 3968 ὁ

778 4006 1106 4060 sententiam
1141 4005 1514 4074 explicaturus
1543 4006 1844 4078 Apostolus
1874 4007 1948 4061 ait
1992 4026 2004 4062 :
2050 4025 2069 4058 ι
2109 4005 2352 4061 Sollicita

2466 4004 2793 4067 Ἀπόστολος
2820 4004 2918 4073 τὴν
2946 4004 3158 4080 ἔννοιαν
3187 4003 3388 4073 φάσκει
3413 4021 3427 4035 ·
3459 4024 3478 4057 ι
3521 4005 3584 4060 Ἦ
3611 4007 3720 4077 γάρ
3749 4006 4042 4079 ἀποκαρα-

775 4095 920 4148 enim
957 4097 1293 4164 exspectatio
1344 4106 1614 4152 creatura:
1664 4098 2058 4154 revelationem
2113 4097 2352 4152 filiorum

2453 4094 2606 4147 δοκία
2662 4095 2761 4166 τῆς
2801 4094 3033 4158 κτίσεως
3072 4095 3171 4165 τὴν
3203 4096 3553 4166 ἀποκάλυψιν
3597 4096 3705 4151 τῶν
3761 4097 3903 4150 υἱῶν
3951 4098 4046 4152 τοῦ

778 4186 868 4241 Dei
898 4194 1198 4255 exspectat.
1238 4185 1478 4242 Vanitati
1532 4188 1678 4244 enim
1720 4202 1970 4245 creatura
2020 4205 2129 4244 non
2160 4197 2354 4258 sponte

2453 4186 2588 4241 Θεοῦ
2617 4187 3003 4258 ἀπεκδέχεται·
3036 4189 3101 4259 τῇ
3132 4186 3242 4257 γάρ
3284 4187 3611 4258 ματαιότητι
3643 4190 3675 4258 ἡ
3707 4189 3895 4252 κτίσις
3948 4191 4046 4241 ὑπ-

783 4293 881 4333 sua
938 4287 1023 4332 est
1070 4277 1340 4348 subjecta,
1399 4279 1494 4335 sed
1551 4290 1773 4351 propter
1821 4296 1970 4345 eum,
1997 4281 2092 4351 qui
2123 4281 2227 4335 sub
2258 4294 2354 4349 spe

2455 4279 2624 4350 ετάγη
2642 4279 2740 4350 οὐχ
2764 4279 2985 4344 ἑκοῦσα,
3003 4279 3138 4333 ἀλλά
3157 4279 3245 4334 διά
3265 4279 3358 4332 τὸν
3376 4280 3716 4344 ὑποτάξαντα
3737 4283 3823 4333 ἐπ’
3844 4281 4043 4335 ἑλπίδι.

781 4369 1013 4436 subjecit
1040 4386 1054 4422 :
1085 4369 1344 4438 quoniam
1399 4377 1454 4423 et
1487 4368 1602 4438 ipsa
1635 4369 1728 4424 illa
1757 4378 2007 4424 creatura
2034 4368 2353 4424 liberabitur

2454 4370 2536 4424 ὅτι
2559 4370 2652 4424 καὶ
2682 4369 2822 4440 αὑτὴ
2847 4371 2882 4441 ἠ
2916 4370 3095 4434 κτίσις
3130 4369 3629 4442 ἐλευθερωθήσεται
3659 4371 3768 4425 ἀπὸ
3793 4373 3905 4443 τῆς
3926 4372 4045 4426 δου-

775 4477 807 4516 a
838 4461 1102 4516 servitute
1143 4460 1512 4530 corruptionis
1563 4462 1619 4515 in
1655 4461 1958 4516 libertatem
1993 4462 2180 4532 gloriae
2210 4461 2353 4517 tilio-

2454 4465 2601 4528 λείας
2633 4464 2732 4534 τῆς
2764 4462 2970 4534 φθορᾶς
2998 4464 3078 4525 εἰς
3114 4463 3212 4534 τὴν
3242 4461 3561 4534 ἐλευθερίαν
3589 4461 3688 4531 τῆς
3738 4461 3908 4532 δόξης
3939 4463 4046 4516 τῶν

779 4568 899 4605 rum
927 4549 1021 4604 Dei
1047 4551 1090 4605 ⁸.
1125 4568 1144 4602 ι
1173 4547 1287 4606 Hoc
1313 4552 1496 4620 itaque
1521 4551 1675 4607 dico:
1705 4549 1999 4621 Postquam
2031 4551 2164 4606 vidit
2199 4552 2344 4608 Deus
2379 4563 2422 4618 Ι)

2399 4564 2422 4618 )
2451 4555 2658 4608 τέκνων
2685 4552 2779 4607 τοῦ
2804 4552 2969 4606 Θεοῖν
3003 4573 3022 4605 ι
3055 4549 3164 4605 οἷόν
3187 4568 3245 4604 τι
3265 4551 3411 4618 λέγω
3429 4568 3444 4582 ·
3479 4551 3565 4615 Ὡς
3591 4547 3730 4603 εἶδεν
3749 4553 3777 4602 ὁ
3799 4551 3945 4614 Θεὸς
3963 4554 4047 4604 τὸν

783 4645 1062 4700 hominem
1099 4643 1336 4715 lapsum,
1388 4653 1702 4700 creaturam
1734 4659 1861 4700 vero
1890 4644 2175 4700 servitium
2205 4645 2357 4716 lapso

2461 4645 2748 4717 ἄνθρωπον
2792 4645 3120 4706 ἐκπεσόντα,
3175 4644 3273 4697 καὶ
3304 4643 3406 4712 τὴν
3439 4643 3617 4697 κτίσιν
3665 4643 4050 4697 ἀνανεύουσαν

787 4740 1174 4808 denegantem,
1205 4736 1549 4807 compescuit
1587 4736 1734 4796 illam
1760 4736 1925 4792 etiam
1959 4736 2207 4803 invitam,
2239 4751 2356 4794 ser-

2463 4736 2598 4808 πρδς
2626 4735 2933 4808 ὑπηρεσίαν
2960 4735 3054 4788 τοῦ
3076 4735 3478 4807 ἡμαρτηκότος,
3515 4733 3852 4804 ἐχαλίνωσεν
3879 4735 4048 4805 αὐτὴν

782 4829 1004 4898 vireque
1063 4842 1184 4882 eam
1236 4826 1445 4897 jussit,
1502 4826 1646 4883 sicut
1697 4825 1850 4893 olim,
1908 4825 2128 4897 quando
2174 4826 2357 4893 homo,

2463 4829 2654 4900 καὶμὴ
2687 4829 2971 4893 θέλουσαν,
2999 4829 3093 4881 καὶ
3121 4826 3409 4880 ἐκέλευσεν
3430 4826 3724 4896 ὑπηρετεῖν
3755 4825 4047 4895 πρότερον,

785 4922 1069 4992 praeceptis
1097 4918 1352 4982 audiens,
1381 4920 1589 4991 regiam
1627 4920 2152 4990 imperatoriamquc
2183 4919 2360 4991 digni-

2466 4919 2630 4991 ἡνίκα
2663 4919 2724 4972 τὸ
2752 4917 3028 4989 βασιλικὸν
3058 4915 3237 4985 ἑαυτῷ
3272 4916 3368 4968 καὶ
3415 4913 3646 4986 ἀρχικὸν
3683 4914 3787 4982 τὴν
3824 4914 4050 4984 ἐντολὴν

787 5023 952 5069 tatem
983 5021 1187 5067 sartam
1219 5021 1529 5082 tectumque
1562 5012 1835 5068 servabat.
1867 5009 2183 5067 Creaturam
2215 5011 2357 5067 enim

2466 5011 2751 5081 φυλάττων
2802 5009 3156 5072 συνδιέσωζεν
3178 5023 3193 5038 ο
3222 5005 3488 5078 ᾐσχύνετο
3518 5005 3625 5077 γὰρ
3654 5005 3688 5075 ἡ
3745 5004 3934 5069 κτίσις
3967 5008 4051 5059 τὸν

785 5105 1018 5176 pudebat
1048 5118 1194 5168 cum,
1239 5102 1335 5173 qui
1363 5103 1519 5173 lapsu
1549 5103 1821 5173 captivum
1871 5118 1933 5159 se
1974 5102 2200 5167 fecerat,
2251 5101 2361 5157 De-

2470 5100 2816 5172 αίχμάλωτον
2842 5102 2907 5171 τῇ
2929 5097 3242 5170 παραϐάσει
3271 5095 3480 5167 Κύριον
3498 5094 3938 5166 ἐπιγράφεσθαι,
3961 5097 4049 5150 καὶ

786 5198 994 5251 minum
1052 5209 1392 5264 agnoscere,
1444 5195 1604 5265 eique
1660 5196 1889 5261 servire,
1940 5209 2103 5266 quem
2153 5195 2360 5266 peccati

2467 5195 2823 5265 ιξυπηρετεῑν
2865 5189 3034 5261 αὐτῷ,
3071 5187 3169 5258 τῆς
3202 5187 3480 5259 ἁμαρτίας
3507 5186 3671 5240 αὐτὸν
3705 5184 3903 5258 ὁρῶσα
3932 5187 4049 5242 δοῦ-

786 5302 1001 5344 servum
1055 5285 1257 5343 factum
1288 5301 1409 5344 esse
1456 5286 1692 5344 videbat.
1743 5285 2005 5344 Conditor
2031 5295 2211 5343 autem
2245 5300 2354 5342 non

2464 5285 2554 5340 λον
2582 5286 2871 5356 γενόμενον
2895 5299 2909 5313 ⁶
2947 5283 3061 5337 ἀλλ’
3109 5283 3394 5337 ἐκέλευσεν
3423 5286 3451 5336 ὁ
3491 5284 3729 5354 Κτίστης
3762 5281 3838 5354 μὴ
3893 5283 4051 5353 ἐξαρ-

860 5443 877 5473 ι
900 5441 1058 5499 Jean.
1091 5458 1189 5508 ut,
1218 5443 1311 5508 s7,
1340 5426 1442 5511 ss;
1477 5441 1580 5500 lsa.
1611 5459 1726 5512 Lm,
1765 5443 1815 5498 ι.
1891 5445 1911 5476 ι
1937 5442 2100 5499 lCor.
2131 5458 2171 5508 ι,
2203 5442 2293 5498 so.
2369 5444 2390 5475 ι
2414 5439 2508 5496 ιον

2414 5439 2616 5498 lcrem.
2650 5455 2808 5504 mu,
2849 5441 2902 5495 5.
2977 5442 2998 5472 ⁸
3035 5440 3175 5499 l'sal.
3203 5419 3375 5506 util,
3409 5442 3459 5494 7.
3535 5442 3557 5475 '
3599 5440 3760 5498 Rom.
3800 5454 3932 5508 vtu,
3963 5442 4046 5496 Si.

791 5511 814 5545 ⁸
846 5511 1006 5570 Rom.
1041 5529 1158 5581 vttt,
1195 5513 1295 5579 l9,
1343 5513 1434 5568 20.

2261 5665 2489 5723 NOT/E.

861 5824 973 5894 (78)
1000 5823 1158 5882 Colb.
1193 5839 1290 5897 pro
1317 5825 1456 5882 υἱοῦ.

2543 5823 2653 5894 (ἵ9)
2685 5825 2760 5896 μή
2799 5823 2980 5879 addidi
2999 5837 3065 5879 ex
3088 5821 3240 5879 Colb.
