4174 6450
151 466 252 535 841

1100 464 1198 524 AD
1228 461 1819 523 AMPHILOCHIUM
1852 458 2199 533 QUi‘ESTIO
2236 457 2432 520 CLXI.

3301 454 3417 519 διε

150 577 355 631 νεῖσθαι
384 577 476 630 τὸν
501 576 844 647 παραϐάτην,
880 574 997 627 ἀλλ’
1022 575 1394 629 ἐπιδεικνύναι
1421 573 1514 628 τοῦ
1542 570 1726 627 κοινοῦ

1860 571 2105 641 ιιιιιοεετο
2147 570 2281 640 legis
2305 571 2654 631 violatorem,
2688 570 2780 623 sed
2814 569 2997 640 potius
3023 570 3395 637 locupletissi-

151 669 419 721 Δεσπύτου
448 667 547 737 τὴν
575 667 805 737 ἄφθονον
836 667 1016 737 χάριν,
1045 668 1137 721 καὶ
1170 669 1233 719 τὸ
1274 666 1373 737 τῆς
1409 665 1730 738 εὐεργεσίας

152 760 512 830 ἀμετάθετον·
545 746 1016 828 ἐπαγγειλάμενος
1039 759 1135 813 καὶ
1166 760 1232 830 τῇ
1276 759 1476 824 κτίσει,
1535 759 1730 827 ὅτιπερ

152 848 638 918 ἀνακαινιξομένου
669 848 763 901 καὶ
795 847 1258 920 ἐλευθερουμένου
1287 846 1381 901 τοῦ
1416 847 1719 918 φθαρέντος

155 941 251 994 καὶ⁵
294 939 823 1010 αἰχμαλωτισθέντας
877 939 1170 1010 ἀνθρώπου
1216 939 1733 1010 άνακαινισθήσεται

156 1033 253 1085 καὶ
279 1032 438 1101 αὕτη·
468 1028 670 1085 ώσανεὶ
699 1032 906 1101 ἔλεγεν·
940 1030 1177 1086 Ἔπεσεν
1207 1033 1240 1103 ή
1269 1026 1463 1095 εἰκὼν,
1489 1033 1582 1086 καὶ
1605 1030 1734 1084 ώλίο

158 1125 357 1195 σθησεν
401 1123 491 1179 δια
529 1124 626 1195 τὴν
682 1124 1020 1197 παράϐασιν,
1058 1125 1154 1179 καὶ
1193 1124 1478 1195 φθείρεται
1510 1124 1597 1178 διὰ
1633 1124 1734 1195 τὴν

157 1216 486 1286 παρακοήν·
539 1215 776 1286 ἀνάσχου
834 1215 1120 1271 δουλεῦσαι
1165 1218 1236 1288 τῇ
1290 1215 1385 1271 τοῦ
1436 1216 1736 1287 φθαρέντος

157 1306 356 1376 φθορᾷ,
397 1306 485 1359 ἶνα
514 1306 643 1360 ὅταν
672 1306 836 1360 αύτὺν
861 1306 1196 1373 ἀνακαινίζω
1222 1307 1322 1377 τὴν
1348 1308 1490 1378 ἐμὴν
1527 1308 1734 1371 εἰκόνα,

157 1396 249 1448 τὸν
282 1396 554 1464 φθαρέντα
593 1396 900 1469 ἄνθρωπον,
934 1398 1031 1451 σὺν
1072 1396 1223 1468 αύτῷ
1260 1399 1357 1451 καὶ
1395 1398 1453 1451 σὲ
1480 1398 1578 1469 τὴν
1621 1398 1740 1451 κτί-

160 1504 250 1539 σιν
305 1489 659 1555 ἀνακαινῐσω,
725 1490 819 1542 καὶ
872 1490 1167 1561 σύνθρονον
1214 1490 1381 1547 αὑτοῦ
1436 1491 1537 1561 τῆς
1585 1489 1743 1560 δόξης

161 1582 418 1648 ποιήσω’
474 1580 967 1652 συγκατεσπάσθης
1023 1582 1193 1637 αὑτοῦ
1248 1586 1317 1654 τῇ
1373 1582 1739 1654 ταλαιπωρίᾳ,

161 1674 549 1741 συναναστήσῃ
574 1676 638 1743 τῇ
670 1672 815 1745 δόξῃ.
847 1675 912 1728 Ti
946 1674 1003 1729 δέ
1032 1675 1148 1729 ἐστι
1190 1675 1253 1729 τδ
1278 1676 1377 1746 τὴν
1404 1676 1581 1730 κτίσιν
1609 1675 1743 1746 φεύ-

161 1777 285 1826 γειν
307 1763 405 1830 τὴν
436 1761 529 1814 τοῦ
561 1762 850 1832 ἀνθρώπου
868 1764 1230 1832 δεσποτείανς
1259 1764 1421 1835 Λέγει
1444 1766 1575 1835 γὰρ,
1612 1782 1630 1816 ι
1664 1767 1742 1836 Τῇ

166 1849 538 1920 ματαιότητιὴ
556 1850 843 1921 κτίσιςούχ
869 1852 1116 1923 ὑπετάγη
1138 1896 1153 1910 .
1182 1872 1200 1905 ι
1228 1854 1364 1925 Ποία
1391 1854 1731 1924 ματαιότητις

1836 676 1978 715 mam
2013 660 2325 715 communis
2349 658 2561 714 Domini
2589 660 2843 730 gratiam,
2878 659 3410 729 beneﬂcentiamque

1834 750 2230 805 immutabilem
2289 749 2671 804 demonstrare
2704 748 2852 802 illam
2898 746 3167 817 iubebat;
3228 749 3421 802 eidem.

1834 854 2097 899 creatura
2124 841 2421 913 pollicitus,
2472 840 2588 896 fore
2628 850 2704 906 ut,
2761 840 2855 894 ubi
2890 840 3053 893 homo
3085 840 3327 909 perditus
3356 850 3418 894 et

1834 940 2083 1009 captivus
2110 944 2423 1000 renovatus,
2481 944 2536 991 et
2565 935 2619 989 in
2653 934 2925 1005 integrum
2958 934 3250 987 restitutus
3295 933 3412 987 fite-

1836 1032 1929 1096 rit,
1964 1031 2078 1100 ipsa
2106 1044 2327 1099 quoque
2365 1037 2690 1093 renovetur;
2736 1026 2894 1097 quasi
2922 1025 3130 1082 diceret
3163 1043 3177 1078 :
3212 1024 3414 1080 cecidit

1838 1120 2037 1191 imago,
2074 1131 2127 1176 et
2163 1130 2387 1191 peccato
2437 1134 2539 1174 suo
2587 1117 2806 1181 defecit.
2859 1130 3065 1188 perque
3093 1115 3413 1172 inobedien-

1839 1214 1968 1268 tiam
2000 1228 2155 1268 suam
2192 1212 2455 1282 perditur.
2519 1212 2743 1266 Sustine
2770 1210 2954 1280 itaque
2981 1209 3188 1265 servire
3215 1208 3412 1279 perditi

1841 1303 1989 1358 illius
2042 1302 2418 1372 corruptioni,
2491 1309 2572 1365 ut,
2600 1299 2822 1370 quando
2870 1299 3165 1371 imaginem
3212 1315 3413 1362 meam,

1843 1395 2119 1450 hominem
2152 1394 2308 1448 illum
2340 1393 2635 1464 perditum,
2670 1406 3034 1455 renovavero,
3062 1400 3117 1447 et
3158 1400 3231 1454 te,
3264 1405 3419 1445 crea-

1845 1495 2045 1549 turam,
2079 1500 2189 1540 una
2256 1500 2381 1540 cum
2435 1484 2555 1554 ipso
2606 1497 2886 1543 renovem.
2945 1483 3243 1554 gloriaeque
3298 1482 3421 1552 ejus

1850 1585 2159 1631 consortem
2194 1572 2449 1630 eﬂiciam.
2499 1572 2581 1628 'l'u
2612 1572 2859 1644 quidem,
2913 1588 3033 1640 quae
3061 1587 3158 1643 per
3189 1572 3419 1628 calami-

1848 1676 2012 1723 tatem
2042 1666 2164 1737 ejus
2197 1665 2366 1722 simul
2392 1664 2654 1735 depressa
2682 1680 2765 1727 es,
2818 1664 3005 1732 gloria:
3052 1679 3274 1734 quoque
3300 1662 3422 1732 ejus

1850 1761 2117 1830 particeps
2157 1774 2428 1830 resurges.
2454 1757 2599 1825 Quid
2627 1772 2759 1813 vero
2792 1756 2922 1812 illud
2953 1756 3055 1811 sibl
3085 1757 3219 1823 vult,
3275 1756 3426 1827 quod

1856 1860 2108 1907 creatura
2139 1849 2377 1906 hominis
2404 1848 2710 1904 dominium
2743 1847 3024 1917 refugiat?
3054 1848 3145 1903 Ait
3173 1849 3421 1905 seiliaat:

175 1941 297 2008 Ἀφ’
317 1935 380 1993 οὗ
410 1942 475 1994 ἀν
504 1942 751 2014 ἐκτραπῇ
776 1945 804 1996 6
830 1943 1117 2017 ἄνθρωπος
1142 1943 1237 1998 τοῦ
1259 1944 1416 2010 Θεοῦ,
1444 1946 1742 2016 ματαιότης

1860 1960 1875 1994 ι
1908 1941 2169 1996 Creatura
2199 1940 2425 1995 vanitati
2457 1955 2562 1994 non
2592 1948 2678 1996 est
2695 1939 2963 2010 subjecta.
3000 1959 3019 1993 ι
3073 1941 3174 1997 Cui
3209 1942 3424 1995 vanita-

163 2029 437 2085 καλεῖται.
494 2033 760 2086 ’Δκουσον
810 2033 1099 2103 ψάλλοντος
1149 2035 1314 2089 Δαϐίδ
1341 2053 1354 2067 ·
1397 2056 1415 2087 ι
1473 2035 1620 2107 Πλὴν
1675 2037 1746 2089 τά

164 2120 461 2187 σύμπαντα
522 2122 819 2194 ματαιότης
876 2126 984 2188 πᾶς
1033 2124 1324 2198 ἄνθρωπος
1376 2124 1506 2191 ζῶν.
1562 2145 1581 2179 ι
1634 2127 1747 2191 Πᾶς

162 2209 458 2281 ἄνθρωπος
488 2213 715 2281 μάταιός
743 2214 914 2279 ἐστιν,
945 2217 973 2269 6
1017 2216 1108 2269 τδν
1147 2216 1281 2269 Θεὸν
1321 2217 1748 2287 καταλιμπάνων

164 2302 266 2354 καὶ
295 2302 362 2354 τά
400 2304 602 2372 μάταια
636 2305 1018 2374 μεταδιώκων·
1057 2306 1286 2377 ἔστησεν
1332 2310 1359 2361 6
1408 2307 1537 2372 Θεὸς
1570 2309 1745 2377 ἀγγέ-

164 2392 295 2455 λους
328 2394 468 2447 κατά
491 2396 556 2449 τὰ
588 2396 827 2466 κλίματα
866 2397 978 2468 (80)
1011 2400 1106 2467 τῆς
1132 2398 1465 2471 οἰκουμένης
1497 2400 1593 2454 Eva
1617 2400 1748 2455 ἐκα-

166 2497 299 2534 στον
328 2484 728 2554 ἐπιτροπεύειν,
762 2487 838 2549 ώς
882 2487 975 2541 καὶ
1017 2488 1223 2559 Μωσῆς
1270 2488 1418 2558 λέγει
1458 2490 1592 2562 (81),
1634 2490 1752 2554 eve;

164 2574 405 2627 ἐκάστου
439 2575 654 2640 ἔθνους·
686 2577 881 2649 ἔστησε
931 2578 1007 2644 δὲ,
1056 2580 1145 2633 ἴνα
1192 2581 1291 2651 τὴν
1338 2580 1545 2652 ἄψυχον
1574 2582 1754 2636 κτίσιν

165 2664 569 2732 χαλινώσωσιν,
594 2668 767 2739 ὴλιον,
800 2669 893 2721 καὶ
922 2668 1170 2740 σελήνην,
1199 2670 1292 2723 καὶ
1331 2668 1628 2735 θάλασσαν,
1660 2672 1755 2726 καὶ

167 2754 302 2822 γῆν,
338 2754 430 2808 καὶ
459 2755 526 2809 τά
558 2758 617 2808 ἐν
646 2758 829 2821 αὐτοῖς
866 2759 1160 2830 ὑπηρετεῖν
1205 2761 1271 2831 τῇ
1318 2759 1413 2813 τοῦ
1464 2760 1753 2831 ἀνθρώπου

168 2845 496 2902 ἀπολαύσει.
530 2848 699 2903 Πάλιν
729 2851 777 2902 οι
806 2850 1028 2919 ἄγγελοι
1055 2850 1345 2922 ἐτρύχοντο
1368 2852 1719 2924 ὑπηρετούμε
1737 2883 1751 2896 ο

169 2956 260 2990 νοι
288 2940 527 3005 ἀναξίοις
560 2944 655 2994 καὶ
688 2941 845 3012 δίκης
892 2944 1096 3013 ἐνόχοις
1143 2941 1486 3014 ἀνθρὼποις’
1517 2944 1613 2998 καὶ
1652 2945 1759 3015 μά-

169 3031 338 3081 λιστα
395 3031 628 3100 ὁρῶντες
684 3033 881 3097 αὐτοὺς
929 3033 1023 3106 τὴν
1080 3035 1413 3105 Δεσποτικὴν
1460 3033 1615 3100 ἀξίαν
1648 3039 1759 3099 τοῖς

170 3121 421 3185 εἰδώλοις
455 3125 794 3190 ἀνάπτοντας
835 3127 927 3179 καὶ
966 3128 1319 3198 άνιεροῦντας
1348 3146 1359 3156 ·
1387 3128 1582 3198 ἔφερεν
1628 3130 1662 3198 ἡ
1687 3128 1759 3199 γῆ

171 3215 274 3265 τὸν
304 3209 473 3277 οἶκον,
498 3217 594 3270 καὶ
615 3217 663 3270 oi
693 3217 870 3286 βωμοὶ
915 3217 1012 3280 τὰς
1053 3218 1285 3282 σπονδάς
1317 3219 1563 3289 ἐδέχοντο
1585 3236 1600 3252 ο
1638 3220 1761 3283 τοὺς

174 3305 378 3367 ἄλλους
437 3277 813 3376 καρποὺς-καὶ
855 3311 966 3374 τοῖς
995 3277 1245 3374 εἰδώλοις
1266 3277 1579 3365 ἀνετίθεντο
1604 3328 1618 3343 ·
1671 3277 1759 3366 διά
1790 3277 1832 3335 C

174 3397 344 3448 τοῦτο
395 3398 727 3469 ἐδυσφόρουν
770 3400 817 3452 οἱ
853 3398 1075 3468 ἄγγελοι
1107 3401 1175 3454 τά
1208 3401 1283 3471 μὴ
1344 3401 1472 3456 δντα
1526 3403 1761 3474 ὁρῶντες

174 3488 311 3541 ἀντὶ
350 3487 443 3539 τοῦ
479 3489 629 3550 δντος
659 3488 980 3559 τιμώμενα’
1025 3490 1276 3544 ἐντεῦθεν
1329 3490 1550 3561 λέγεται
1582 3496 1674 3546 καὶ
1708 3496 1766 3546 τὸ

178 3580 374 3647 ἕτερον
401 3579 620 3648 ζήτημα
650 3579 709 3631 τὸ
763 3581 843 3642 εις
872 3580 965 3634 τὸν
1014 3582 1303 3652 προφήτην
1336 3583 1762 3655 ἀναφερόμενον.

189 3688 209 3717 ε
253 3663 463 3719 Ἦλθεν
511 3669 648 3739 πρὸς
685 3669 869 3735 αὐτὸν,
919 3672 1105 3740 φησὶν,
1165 3674 1194 3723 6
1246 3674 1477 3741 ἄγγελος
1503 3674 1765 3745 Γαϐριὴλ,

182 3762 288 3813 καὶ
315 3760 463 3828 λέγει
495 3760 643 3829 αύτῷ
666 3778 679 3792 ·
712 3761 930 3832 Δανιὴλ,
972 3765 1000 3816 6
1044 3763 1230 3827 δοῦλος
1260 3765 1354 3818 τοῦ
1378 3766 1537 3829 Θεοῦ,
1574 3768 1667 3836 ἀφ’
1701 3765 1768 3839 ἧς

179 3851 408 3920 ἡμέρας
438 3851 667 3920 προέθου
710 3852 960 3905 κακῶσαι
989 3852 1086 3923 τὴν
1110 3854 1289 3925 ψυχήν
1318 3872 1411 3909 σου
1450 3856 1628 3909 ἔναντι
1656 3860 1766 3913 Κυ-

183 3942 338 4014 ρίου,
370 3941 748 4012 είσηκούσθηή
771 3942 955 4012 δέησίς
979 3961 1095 4011 σου,
1128 3947 1220 3998 καὶ
1249 3945 1563 4019 ἀπεστάλην
1587 3952 1771 4018 άπαγ-

181 4035 374 4104 γεῖλαι
403 4051 485 4088 σοι
523 4035 591 4088 τά
628 4035 851 4105 ῥήματα
874 4034 1080 4090 ταῦτα·
1114 4038 1231 4090 ἀλλ’
1267 4040 1293 4091 6
1322 4038 1505 4110 ἄρχων
1538 4041 1637 4109 τῆς
1669 4041 1767 4111 βα-

182 4128 403 4191 σιλείας
433 4128 656 4198 Περσῶν
677 4129 909 4199 ἀντέστη
940 4146 1051 4197 μοι,
1074 4129 1124 4181 εἰ
1160 4130 1234 4201 μὴ
1269 4130 1508 4202 Μιχαὴλ,
1539 4135 1567 4185 6
1590 4133 1773 4204 ἄρχων

179 4218 291 4272 τοῦ
324 4220 508 4282 ἔθνους
535 4220 709 4290 ὑμῶν,
738 4217 903 4291 ἦλθεν
925 4222 1004 4284 εἰς
1032 4221 1309 4293 βοήθειαν.
1347 4240 1365 4274 ι
1420 4222 1774 4295 ’Δπορήσειεν

182 4314 309 4383 γὰρ
346 4313 411 4366 άν
442 4329 544 4375 τις,
569 4314 618 4364 εἰ
647 4315 675 4367 6
705 4313 804 4381 τῆς
834 4314 1095 4385 Περσίδος
1124 4314 1502 4384 ἐπιτροπεύων
1543 4315 1773 4385 ἄγγελος

182 4405 351 4475 παρά
372 4404 505 4458 Θεοῦ
534 4405 919 4476 ἐπιτροπεύειν
946 4406 1228 4468 τέτακται,
1261 4406 1525 4471 ώσαύτως
1549 4408 1607 4462 δέ
1638 4410 1773 4462 καὶὸ

180 4497 463 4570 Γαϐριὴλ,
494 4499 841 4566 ἀνακομίσων
865 4498 975 4569 (82)
1002 4498 1092 4551 τὸν
1124 4498 1343 4569 Ἰσραὴλ
1369 4500 1468 4571 τῆς
1492 4500 1773 4572 αἰχμαλω-

1847 2035 1884 2088 ti
1912 2035 1935 2088 3
1963 2032 2380 2103 Quamprimum
2425 2032 2591 2087 homo
2639 2047 2670 2087 a
2708 2031 2815 2088 Deo
2843 2048 2903 2087 se
2932 2033 3155 2096 avertit,
3210 2034 3425 2088 vanitas

1848 2137 2092 2183 vocatur.
2142 2126 2276 2180 Audi
2313 2124 2569 2181 Davidem
2617 2134 2943 2181 canentem:
3014 2144 3032 2177 ε
3101 2125 3206 2181 Sed
3240 2128 3425 2183 omnia

1849 2219 2082 2283 vanitas,
2118 2217 2300 2272 omnis
2354 2216 2518 2271 homo
2550 2216 2738 2270 vivens
2771 2216 2842 2269 ’.ι
2900 2216 3091 2271 Umnis
3120 2217 3285 2271 homo
3334 2231 3431 2269 va-

1852 2324 1955 2365 nus
2008 2318 2114 2374 est,
2173 2308 2268 2379 qui
2313 2306 2480 2363 Deum
2524 2307 2747 2371 deserit,
2798 2316 2853 2361 et
2911 2321 3049 2361 vana
3085 2316 3429 2361 consectans.

1854 2401 1996 2456 Deus
2023 2398 2249 2470 angelos
2279 2412 2375 2469 per
2403 2396 2583 2452 varias
2628 2395 2778 2452 orbis
2808 2404 2989 2466 partes
3019 2395 3313 2465 disposuit,
3373 2401 3433 2449 ut

1853 2491 2052 2563 singuli
2081 2504 2294 2555 eorum,
2318 2490 2467 2561 quod
2497 2496 2552 2545 et
2586 2487 2764 2544 Moses
2792 2489 2888 2549 ait.
2919 2489 3153 2557 singulis
3181 2489 3434 2559 gentibus

1854 2582 2092 2654 praesint.
2129 2580 2428 2638 Constituit
2461 2595 2591 2636 vero
2618 2580 2765 2645 ideo,
2822 2590 2882 2634 ut
2907 2590 3219 2636 creaturam
3257 2580 3437 2635 inani-

1859 2683 2055 2728 matam
2104 2680 2414 2736 coerceant,
2468 2671 2659 2737 solem,
2709 2681 2764 2725 et
2793 2670 3007 2734 lunam,
3069 2678 3123 2725 et
3156 2685 3327 2735 mare,
3381 2680 3437 2725 et

1857 2776 2079 2831 terram,
2103 2776 2161 2820 ιιι
2180 2780 2302 2836 qua!
2328 2765 2381 2819 in
2410 2764 2517 2819 illis
2546 2774 2693 2827 sunt,
2723 2763 3009 2817 hominum
3037 2764 3231 2818 usibus
3261 2764 3436 2817 inser-

1858 2858 2025 2910 viant.
2077 2856 2159 2910 Ab
2186 2857 2354 2910 altera
2388 2864 2538 2925 parte
2564 2855 2821 2910 dolebant
2853 2854 3059 2924 angeli,
3118 2854 3437 2910 hominibus

1862 2949 2098 3019 indignis
2147 2963 2427 3019 piceaeque
2479 2947 2735 3002 obnoxiis
2790 2948 3125 3011 servientes,
3163 2946 3217 2999 in
3246 2946 3439 3015 primis

1860 3055 1983 3095 cum
2013 3040 2278 3099 viderent.
2331 3053 2426 3094 eos
2476 3037 2688 3093 Domini
2741 3036 3060 3107 dignitatem
3115 3036 3441 3104 cultumque

1863 3132 1917 3187 in
1954 3131 2097 3186 idola
2148 3128 2446 3185 transferre
2505 3136 2560 3183 et
2613 3139 2951 3183 convertere.
3012 3125 3179 3181 Terra
3230 3126 3444 3181 ferebat

1865 3222 2073 3285 vinum,
2104 3220 2299 3275 altaria
2329 3233 2457 3274 vero
2500 3218 2847 3273 deastroruin
2891 3216 3153 3272 libamina
3206 3218 3443 3287 excipie-

1866 3316 2027 3373 bant:
2064 3314 2207 3368 sicut
2233 3322 2287 3367 et
2314 3312 2452 3366 alios
2483 3309 2697 3365 fructus
2729 3310 2891 3364 idolis
2921 3322 3109 3365 sacros
3135 3324 3256 3366 esse
3276 3309 3440 3380 jube-

1867 3402 2198 3474 bant.A:1gre
2226 3403 2409 3473 itaque
2427 3400 2672 3457 ferebant
2698 3400 2901 3471 angeli,
2931 3414 2995 3454 ea
3019 3414 3140 3470 qua:
3159 3414 3267 3454 non
3294 3413 3443 3463 sunt,

1868 3513 1966 3568 pro
1992 3512 2079 3561 eo,
2112 3496 2205 3566 qui
2237 3504 2340 3559 est,
2399 3494 2503 3549 coli
2543 3492 2807 3547 videntes.
2859 3491 3000 3548 Hine
3025 3491 3356 3563 intelligitur
3392 3504 3447 3546 et

1868 3592 2096 3645 alterum
2128 3586 2259 3642 illud
2285 3587 2596 3657 quesitum,
2644 3585 2788 3653 quod
2846 3585 2913 3639 ad
2947 3583 3267 3655 prophetam
3324 3598 3448 3653 spe-

1869 3686 2023 3731 ctat:
2062 3694 2080 3727 ι
2123 3674 2283 3730 Venit
2341 3674 2410 3729 ad
2443 3674 2619 3737 illum,
2677 3673 2878 3743 inquit,
2939 3674 3170 3744 angelus
3201 3670 3443 3733 Gabriel.

1870 3769 2109 3838 dicitque
2140 3767 2215 3821 illi
2240 3785 2252 3821 :
2290 3764 2500 3831 Daniel,
2532 3780 2690 3821 serve
2713 3764 2827 3827 Dei,
2861 3780 2928 3821 ex
2952 3781 3063 3833 quo
3092 3766 3182 3820 die
3204 3766 3446 3819 animam

1872 3871 2022 3916 tuam
2055 3876 2244 3915 coram
2306 3859 2535 3912 Domino
2605 3856 2848 3926 atlligere
2895 3858 3162 3921 statuisti,
3193 3857 3449 3911 exaudita

1872 3966 1953 4010 est
1989 3953 2228 4023 precatio
2257 3961 2369 4017 tua,
2400 3965 2615 4021 egoque
2648 3951 2854 4006 missus
2883 3964 3031 4012 sum,
3061 3960 3120 4004 ut
3152 3950 3252 4005 tibi
3284 3950 3451 4004 verba

1876 4047 1989 4101 hazc
2045 4044 2371 4100 renuntiem.
2436 4042 2543 4097 Sed
2605 4057 2773 4113 regno
2826 4040 3119 4098 Persarum
3159 4043 3452 4110 prarfectus

1874 4137 2163 4193 restitisset
2214 4136 2372 4199 mihi,
2430 4136 2532 4190 nisi
2588 4133 2845 4200 Michael,
2902 4136 2997 4206 qui
3052 4137 3199 4205 genti
3259 4146 3455 4192 vestra:

1875 4238 2091 4299 praeest,
2124 4227 2329 4282 auxilio
2358 4227 2599 4282 venisset
2621 4227 2697 4282 “.i
2728 4225 2827 4281 llic
2850 4227 3184 4282 dubitaverit
3218 4228 3450 4297 aliquis,

1875 4320 1967 4389 qui
2000 4318 2114 4373 tieri
2144 4318 2399 4387 potuerit.
2455 4319 2499 4373 si
2538 4316 2787 4387 angulus.
2834 4314 3036 4372 Persia:
3081 4318 3392 4388 praefectus,
3426 4338 3457 4372 a

1879 4413 2009 4478 Deo,
2045 4419 2104 4463 ut
2130 4410 2204 4465 illi
2250 4419 2526 4479 praeesset,
2570 4410 2924 4475 constitutus,
2958 4410 3321 4480 similiterque
3350 4408 3458 4464 Ga-

1878 4503 2012 4558 briel
2040 4502 2107 4558 ad
2142 4500 2398 4557 lsraclem
2450 4516 2514 4556 ex
2570 4501 2889 4570 captivitate
2917 4502 3288 4557 reducendum
3328 4501 3462 4557 mis-

182 4594 327 4656 σίας
356 4593 507 4661 παρὰ
536 4590 671 4645 Θεοῦ
700 4591 1059 4658 ἀπέσταλται,
1098 4593 1216 4655 πῶς
1234 4593 1383 4665 αύτῷ
1412 4594 1520 4649 τῶν
1551 4596 1757 4668 Περσῶε

1879 4609 1972 4649 sus
2003 4592 2193 4660 fuerit,
2244 4600 2305 4647 ut
2353 4590 2430 4647 illi
2462 4588 2752 4646 Persarum
2797 4590 3095 4660 praefectus
3130 4592 3462 4647 resisteret?

176 4689 210 4739 6
239 4687 435 4755 ἄρχων
467 4682 783 4748 ἀνθίστατο;
833 4683 1032 4755 Λυθειη
1062 4683 1109 4737 δ⁹
1149 4684 1216 4738 ἀν
1243 4684 1305 4738 τὸ
1352 4685 1776 4761 διαπορούμενον

177 4775 298 4832 ὦδε
324 4794 339 4810 ⁸
382 4776 440 4830 Ὀ
479 4776 679 4845 κόσμος
710 4775 1158 4848 εἰδωλολατρείας
1187 4779 1567 4851 ἐπεπλήρωτο.
1610 4782 1674 4834 Oi
1717 4781 1776 4835 et

178 4868 445 4939 ἄγγελοι,
478 4869 529 4921 οἱ
564 4867 870 4936 ἐφεστῶτες
903 4866 1011 4920 τῶν
1033 4867 1223 4935 ἐθνῶν,
1256 4870 1649 4941 ἠγανάκτησαν
1683 4872 1777 4925 καὶ

178 4958 502 5014 ἐθλίϐοντο’
530 4957 875 5029 αἰχμάλωτος
905 4958 961 5012 δέ
986 4959 1185 5029 Δανιὴλ
1208 4961 1287 5021 εἰς
1315 4959 1611 5014 Βαϐυλῶνα
1638 4959 1779 5031 μετὰ

178 5054 311 5108 τῶν
336 5051 622 5123 ὁμοφύλων
657 5052 927 5123 ἀπαχθεὶς
953 5052 1054 5123 τὴν
1083 5051 1413 5119 θεογνωσίαν
1438 5054 1738 5125 ἐκήρυττεν
1757 5069 1773 5085 ·

178 5139 467 5201 ὡσαύτως
496 5139 591 5193 καὶ
619 5140 668 5192 οἱ
695 5144 841 5210 τρεῖς
872 5141 1077 5205 παῖδες,
1113 5139 1206 5203 οὓς
1239 5141 1299 5194 τὺ
1340 5140 1450 5212 πῦρ
1475 5142 1554 5205 εἰς
1585 5141 1777 5214 ἱλαρὰς

180 5234 383 5304 αὔρας
422 5232 519 5302 τὴν
563 5232 865 5304 καυστικὴν
902 5233 1134 5303 δύναμιν
1178 5232 1421 5303 άμεϊψαν
1477 5232 1773 5304 ἀνέψυχενη-

178 5324 280 5379 διὸ
310 5322 407 5377 καὶ
438 5322 665 5387 πολλοὺς
691 5324 789 5393 τῆς
834 5323 1118 5396 εἱδωλικῆς
1158 5326 1598 5397 μεταστήσαντες
1641 5324 1778 5379 πλά-

271 5502 302 5533 '
330 5499 477 5556 Psal.
525 5515 755 5567 xxxviii,
784 5502 837 5557 5.
914 5502 935 5533 '
973 5503 1104 5557 Dan.
1141 5519 1193 5565 ε.
1251 5502 1317 5556 li
1368 5518 1502 5573 seqq

1884 4686 2172 4741 Enimvero
2220 4684 2400 4739 omnis
2432 4683 2547 4739 haec
2575 4682 2846 4738 dubitatio
2890 4682 3051 4739 facile
3098 4685 3180 4739 sic
3210 4685 3463 4748 expediec

1886 4788 1992 4835 tur.
2020 4778 2191 4834 Totus
2217 4776 2368 4832 orbis
2418 4774 2725 4831 idololatria
2779 4774 3062 4830 scatebat:
3098 4778 3277 4846 angeli
3312 4791 3459 4843 vero,

1883 4869 2134 4941 gentibus
2163 4866 2424 4937 prafeeti,
2463 4865 2895 4934 indignabantur
2927 4874 2982 4920 et
3011 4882 3152 4937 aegre
3174 4884 3286 4922 rem
3318 4869 3463 4923 terc-

1884 4961 2033 5014 bant.
2070 4959 2278 5013 Interea
2317 4954 2528 5020 Daniel,
2567 4970 2693 5009 cum
2726 4954 2944 5010 civibus
2975 4958 3093 5012 suis
3133 4956 3463 5030 Babylonem

1883 5040 2127 5123 captivus
2150 5049 2348 5104 ductus
2378 5046 2549 5102 divini
2584 5044 2838 5102 Numinis
2871 5048 3244 5118 cognitionem
3279 5050 3463 5105 instil-

1886 5141 2045 5194 labat.
2079 5137 2220 5192 Idem
2252 5134 2524 5190 faciebant
2555 5142 2667 5188 tres
2701 5134 2877 5205 pueri,
2903 5150 3044 5205 quos
3074 5137 3236 5206 ignis,
3268 5138 3464 5193 urendi

1884 5231 2195 5287 facultatem
2230 5242 2353 5282 cum
2381 5224 2630 5296 jucunda
2665 5240 2799 5281 aura
2840 5236 3189 5296 permutans,
3249 5244 3465 5283 recrea-

1884 5324 1977 5379 bat
2006 5325 2045 5373 '.
2085 5320 2192 5375 lloc
2222 5317 2366 5375 facto
2397 5317 2558 5373 iidem
2584 5315 2911 5383 effecerunt,
2942 5328 3002 5375 ut
3031 5320 3212 5385 multi,
3238 5321 3308 5376 ab
3342 5320 3463 5376 ido-

1596 5504 1617 5534 ⁹
1651 5502 1783 5556 Dan.
1843 5516 1923 5566 ut,
1962 5499 2027 5553 :5
2059 5516 2212 5569 seqq.

1737 5676 1977 5733 ‘NOTA‘I.

267 5844 395 5911 (80)
428 5844 505 5916 ita
543 5844 725 5916 scribo
765 5858 861 5916 pro
883 5841 1157 5916 κλήματα.
1475 5907 1483 5916 ι
1537 5908 1545 5916 _

274 5916 398 5985 (8|)
425 5912 605 5971 Mosen
637 5912 687 5969 id
713 5913 931 5985 quidem
962 5912 1145 5967 dicere
1186 5928 1297 5971 non
1326 5912 1568 5965 memini.

1964 5836 2076 5906 (82)
2106 5836 2193 5891 Sic
2227 5832 2405 5889 scribo
2439 5846 2533 5901 pro
2565 5830 2904 5899 ἀνακομίσω.
