4174 6450
715 376 819 440 843

1866 376 2130 439 ΡΗΟΤΙΙ
2167 380 2673 442 ΡΛΤΒΙΛΠΟΙῙῈ
2702 382 2810 440 CP.

3874 377 3984 442 ειι

716 489 948 545 lolatriae
1003 500 1187 542 errore
1216 487 1476 553 revocati,
1545 485 1714 543 Deum
1771 503 1960 544 verum
2024 491 2322 551 colcrcnta

2425 511 2490 562 ης
2518 493 2787 546 θεοσεϐεῖν
2819 493 3262 561 παρεσκεύασαν.
3309 491 3366 546 '0
3394 486 3487 546 οὖν
3533 492 3634 562 τῆς
3669 491 3850 564 ἀρχῆς
3874 494 3988 546 τιῐιν

719 582 901 635 Persis
957 579 1140 648 itaque
1199 575 1490 647 praefectus
1538 577 1766 648 angelus
1824 579 2114 646 gaudebat,
2162 595 2288 633 cum

725 674 930 727 videret
966 670 1130 724 Deum
1167 672 1218 722 in
1257 670 1506 738 partibus
1538 671 1651 724 suis
1707 669 1827 724 loco
1862 669 2128 723 idolorum
2160 671 2287 724 coli.

725 759 952 814 Videbat
1027 761 1115 812 ille
1186 758 1780 812 Nabucliodouosorem
1835 773 1933 826 pro
1988 773 2096 824 eo,
2147 758 2294 828 quod

723 853 849 908 olim
901 851 1006 906 diis
1045 866 1199 905 sacra
1254 850 1432 904 facere
1479 851 1742 920 cogebat,
1811 861 1866 904 et
1916 851 2295 921 in'imorigeros

723 944 983 999 extremis
1032 943 1312 1011 suppliciis
1368 943 1710 1010 subjiciebat,
1764 957 1910 995 nunc
1947 942 2166 995 tandem
2199 957 2290 996 ve-

725 1048 844 1085 rum
874 1031 1040 1085 Deum
1075 1031 1310 1084 maxime
1333 1031 1612 1085 celebrare
1640 1040 1695 1084 et
1719 1031 1901 1086 dicere
1929 1049 1940 1084 :
1977 1050 1995 1082 ι
2029 1031 2296 1094 Sedrach,

725 1125 952 1190 Misach,
989 1124 1302 1195 Abdenago,
1331 1124 1472 1178 servi
1507 1123 1602 1178 Dei
1632 1125 1832 1179 excelsi
1862 1125 1945 1190 ‘°;
1975 1143 1991 1174 ι
2021 1133 2074 1178 ct
2095 1125 2294 1180 similia

726 1217 904 1286 plura.
945 1216 1216 1281 Quoniam
1258 1217 1443 1284 itaque
1489 1216 1649 1271 divus
1683 1216 1869 1270 Daniel
1907 1217 2071 1270 Deum
2107 1232 2298 1286 preca-

726 1310 909 1369 batur,
962 1317 1023 1362 ut
1083 1307 1516 1364 hebdomadibus
1585 1308 1694 1362 illis
1751 1308 2117 1378 septuaginta,
2178 1322 2300 1375 qua

729 1400 1031 1470 captivitati
1066 1409 1286 1455 statuta:
1323 1401 1647 1470 e_rant,jam
1676 1399 2098 1465 consummatis,
2126 1398 2301 1454 Israe-

729 1494 852 1548 litas
902 1509 964 1548 ex
997 1507 1218 1548 carcere
1255 1493 1545 1558 educeret;
1593 1503 1648 1547 et
1680 1491 1900 1546 Gabriel
1934 1503 2200 1561 prteterea
2235 1492 2302 1546 ad

730 1583 1064 1640 afferendum
1094 1583 1170 1637 illi
1200 1583 1474 1651 nuntium,
1525 1585 1727 1639 missus
1766 1594 1901 1646 erat,
1957 1584 2177 1639 Persico
2205 1586 2305 1640 im-

731 1678 882 1746 perio
914 1675 1196 1744 pra:l'cctus
1226 1673 1462 1730 Gabrieli
1498 1677 1715 1742 restitit,
1743 1677 2100 1732 contristatus
2126 1694 2189 1733 ex
2216 1694 2303 1745 eo,

733 1768 878 1836 quod
908 1776 1070 1828 terra,
1105 1765 1192 1820 cui
1225 1773 1472 1834 praeerat,
1535 1765 1585 1819 in
1629 1765 1914 1835 pristinam
1955 1767 2286 1836 impietatem

2395 583 2620 652 Περσῶν
2667 582 2984 651 ἐφεστηκὼς
3018 582 3248 649 ἄγγελος
3292 582 3530 652 ἔχαιρεν,
3586 583 3732 652 ὀρῶν
3770 585 3830 635 ἐν
3868 587 3986 644 τοῖς

2395 672 2559 725 αὑτοῦ
2587 673 2774 742 μέρεσι
2803 674 2891 725 τὸν
2919 671 3051 723 Θεὸν
3083 673 3202 724 ἀντί
3228 672 3335 724 τῶν
3367 671 3602 725 εἰδώλων
3639 672 3988 739 λατρευόμεο

2396 782 2502 817 νον.
2537 764 2641 816 Τὸν
2681 763 3155 833 Ναϐουχοδονόσορ
3211 761 3356 832 ἐώρα
3392 764 3512 815 ἀντὶ
3561 763 3656 816 τοῦ
3695 780 3985 829 καταναγ-

2398 855 2584 918 κάζειν
2615 853 2765 906 θύειν
2814 852 3074 915 εἰδώλοις,
3118 855 3211 906 καὶ
3245 854 3497 920 ἐσχάταις
3526 853 3649 914 τοὺς
3684 851 3763 920 μὴ
3803 850 3986 901 πειθο·

2401 947 2596 1018 μένους
2629 944 2950 999 ὐποϐάλλειν
2979 944 3288 1015 τιμωρίαις,
3320 944 3586 1015 λαμπρῶς
3626 940 3987 1004 θεολογοῦντα

2401 1037 2493 1090 καὶ
2529 1037 2772 1105 λέγοντα,
2807 1054 2826 1088 ε
2869 1036 3095 1106 Σεδράχ,
3127 1035 3334 1098 Μισάκ,
3380 1033 3744 1100 ’Λϐδεννα-ίὼ,
3784 1034 3836 1084 οἰ
3869 1032 3985 1083 δοῦ·

2400 1127 2480 1179 λοι
2541 1127 2634 1180 τοῦ
2688 1126 2823 1179 Θεοῦ
2867 1124 2961 1179 τοῦ
3011 1126 3236 1192 ὑψίστου
3264 1141 3278 1155 σ
3315 1145 3333 1179 ι
3392 1127 3484 1176 καὶ
3519 1123 3689 1176 πολλὰ
3730 1121 3985 1175 τοιαῦτα.

2415 1219 2566 1272 Ἐπεὶ
2593 1215 2686 1272 οὖν
2706 1221 2734 1272 ὁ
2754 1219 3020 1290 μακάριος
3040 1217 3236 1288 Δανιὴλ
3255 1218 3426 1269 ἐδεῖτο
3451 1216 3542 1268 τοῦ
3572 1215 3730 1277 θεοῦ,
3763 1214 3988 1285 πληρω-

2405 1311 2604 1364 θέντων
2632 1310 2741 1363 τῶν
2793 1309 3163 1380 ἑϐδομήκοντα
3214 1308 3370 1374 ἐτῶν,
3407 1308 3514 1361 τῶν
3544 1308 3636 1360 ἐπὶ
3695 1309 3765 1376 τῇ
3827 1307 3992 1374 αἰχμ-

2405 1403 2611 1473 αλωσίᾳ
2659 1401 3056 1473 διορισθέντων,
3117 1402 3414 1468 ἀναγαγεῖν
3457 1401 3554 1468 τῆς
3605 1398 3992 1467 αἰχμαλωσίας

2405 1495 2496 1549 τὸν
2538 1495 2776 1566 Ἰσραὴλ,
2794 1493 3074 1564 ἀπεστάλη
3106 1493 3162 1546 δὲ
3190 1493 3228 1544 Γ
3231 1491 3426 1562 αϐριὴλ
3459 1489 3699 1561 μηνῦσαι
3722 1489 3882 1558 αὐτῷ
3906 1489 3992 1557 τὴν

2408 1587 2730 1658 ἀνάρρησιν,
2761 1583 3080 1640 ἀνθίσταται
3101 1581 3178 1652 τῷ
3207 1580 3449 1652 Γαϐριὴλ
3499 1582 3527 1633 ό
3567 1581 3669 1648 τῆς
3713 1579 3992 1648 Περσικῆς

2409 1679 2581 1749 ἀρχῆς
2605 1677 2906 1745 ἐπιστάτης
2930 1673 3290 1745 λυπούμενος,
3309 1674 3392 1726 δτι
3421 1671 3583 1736 πάλιν
3607 1673 3640 1741 ἡ
3665 1670 3738 1741 γῆ
3763 1670 3910 1739 (83),
3934 1664 3992 1741 ἧς

2413 1769 2721 1833 ἐπεστάτει,
2749 1769 2860 1821 τῶν
2915 1767 3250 1822 διδασκάλων
3290 1765 3390 1834 τῆς
3433 1765 3716 1828 εὐσεϐείας
3784 1763 3994 1816 ἐκεῖθεν

735 1867 792 1913 et
854 1873 1071 1913 errores
1142 1869 1398 1921 veteres,
1473 1857 1713 1912 reductis
1774 1857 1899 1912 inde
1953 1858 2065 1912 reri
2125 1859 2305 1914 cultus

2425 1859 2909 1929 ίινακομισθὲντων,
2940 1861 3022 1923 είς
3053 1858 3152 1930 τὴν
3182 1859 3464 1930 προτέραν
3489 1856 3834 1926 ἀναστρέψει
3871 1855 3992 1909 ἀσέο

736 1950 1075 2015 doctoribus,
1135 1950 1343 2003 ruitura
1375 1948 1668 2003 videretur.
1703 1947 1922 2003 Restitit
1967 1964 2135 2014 vero,
2188 1967 2297 2006 non

737 2057 1009 2114 pugnans,
1066 2042 1159 2096 sed
1189 2042 1262 2094 ita
1305 2041 1775 2111 causzejustitiam
1803 2041 2117 2096 edisserens
2147 2059 2161 2094 :
2197 2042 2310 2096 Cur

739 2135 945 2188 reditus
972 2142 1122 2188 tanto
1143 2133 1325 2188 studio
1359 2133 1621 2203 urgetur?
1644 2131 1833 2198 Quoad
1867 2133 2105 2202 populus
2141 2133 2311 2189 Israc-

744 2225 927 2279 liticus
958 2233 1157 2279 terram
1193 2223 1424 2293 patriam
1462 2223 1764 2288 habitabat,
1823 2232 1875 2278 et
1897 2239 2158 2294 prospere
2190 2241 2314 2297 age-

743 2314 852 2375 bat,
880 2327 1022 2382 strpe
1053 2313 1104 2366 in
1134 2312 1497 2367 idololatriam
1519 2312 1766 2367 divertit:
1790 2312 1903 2383 jam
1923 2328 2049 2369 vero
2074 2317 2316 2385 peregri-

744 2421 866 2460 nam
905 2404 1166 2466 incolens.
1221 2419 1357 2474 pure
1403 2404 1574 2461 Deum
1626 2405 1775 2470 colit,
1829 2421 1928 2462 nec
1956 2407 2087 2462 colit
2118 2410 2316 2476 solum,

744 2498 839 2552 sed
885 2507 940 2552 et
981 2513 1078 2568 pro
1129 2498 1281 2552 cultu
1333 2497 1438 2553 hoc
1490 2497 1703 2553 fortiter
1750 2506 1975 2568 pugnat,
2007 2499 2320 2571 multosque

745 2590 1048 2643 errantium
1088 2588 1152 2642 ad
1182 2604 1371 2643 verum
1395 2588 1567 2642 Deum
1594 2587 1833 2643 adducit.
1865 2587 2318 2659 Quandoquidem

746 2695 872 2750 ergo
909 2689 962 2734 et
993 2680 1121 2746 illis,
1169 2681 1262 2750 qui
1310 2681 1539 2749 gratiam
1596 2689 1939 2750 receperunt,
1991 2681 2149 2746 nihil,
2177 2680 2319 2751 quod

749 2771 946 2824 animae
971 2770 1268 2825 salutarius
1305 2770 1398 2834 sit,
1435 2770 1639 2836 evenit,
1688 2777 1742 2824 et
1777 2770 1921 2835 illos,
1978 2774 2070 2839 qui
2107 2785 2200 2838 per
2227 2785 2322 2825 eos

749 2876 936 2916 verum
972 2862 1138 2915 Deum
1191 2863 1372 2915 colere
1421 2861 1778 2931 inceperunt,
1841 2861 2110 2931 impietas,
2143 2872 2326 2917 extre-

751 2967 901 3007 mum
935 2953 1205 3006 malorum
1238 2953 1509 3019 omnium,
1543 2952 1649 3008 sibi
1677 2953 1875 3007 iterum
1906 2953 2174 3009 obnoxios
2202 2953 2326 3008 red-

751 3043 877 3109 dat;
925 3058 1106 3097 nonne
1156 3051 1464 3112 praestaret,
1516 3043 1560 3099 si
1604 3041 1768 3098 Israel
1804 3059 1952 3099 nunc
1981 3044 2198 3114 quidem
2259 3059 2327 3099 ex

2415 1954 2566 2006 ϐειαν
2592 1953 2688 2007 καὶ
2721 1951 2929 2021 πλάνην
2954 1968 2970 1984 ’
3003 1950 3294 2005 ἀνθίστατο
3327 1950 3383 2003 δὲ
3413 1951 3474 2003 οὐ
3505 1949 3842 2019 μαχόμενος,
3870 1946 3996 1999 ἀλλά

2413 2044 2936 2116 δικαιολογούμενος⁸
2966 2044 3062 2107 Τίς
3094 2045 3127 2114 ὴ
3161 2042 3386 2112 σπουδὴ,
3413 2041 3608 2109 λέγων,
3647 2039 3746 2109 τῆς
3778 2039 3995 2103 ἀνόδου;

2413 2139 2513 2211 τὴν
2543 2140 2750 2193 οἰκείαν
2782 2138 2950 2193 οίκῶν
3009 2135 3246 2206 πατρίδα
3271 2137 3300 2188 ὁ
3339 2135 3558 2205 Ἰσραὴλ
3587 2134 3684 2185 καὶ
3736 2131 3994 2185 εὐπαθῶν

2416 2234 2496 2294 εἰς
2552 2227 2968 2299 είδωλολατρίαν
3023 2227 3284 2289 πολλάκις
3330 2224 3652 2290 ὲξώλισθεν·
3700 2221 3798 2275 νῦν
3838 2222 3898 2274 δὲ
3944 2221 3998 2274 οὐ

2419 2323 2676 2393 καθαρῶς
2723 2321 2941 2375 εὐσεϐεῖ
2985 2321 3168 2392 μόνον.
3224 2317 3360 2373 ἀλλά
3414 2317 3510 2372 καί
3565 2315 3873 2386 ὐπεραθλεῖ
3911 2317 4002 2384 τῆς

2420 2414 2723 2478 εὐσεϐείας,
2757 2412 2854 2468 καὶ
2883 2411 3092 2465 πολλῶν
3120 2409 3228 2463 τῶν
3258 2406 3694 2476 πεπλανημένων
3729 2403 3876 2474 πρὸς
3918 2404 4005 2454 τὸν

2423 2507 2675 2578 ἀληθινὸν
2717 2503 3104 2575 ἐπιστρέφουσι
3131 2503 3223 2554 τὸν
3276 2499 3429 2554 Θεόν.
3468 2499 3597 2552 Ὅτε
3633 2492 3730 2550 οὖν
3767 2496 3872 2553 καὶ
3901 2497 4007 2556 τοῖς

2423 2595 2520 2666 τὴν
2551 2594 2712 2666 χάριν
2743 2592 3061 2662 δεχομένοις
3080 2589 3229 2644 οὐδὲν
3260 2587 3400 2643 κατά
3423 2586 3605 2657 ψυχὴν
3628 2584 4007 2641 λυσιτελέστε-

2429 2705 2520 2759 ρον
2552 2685 2927 2751 ἐπακολουθεῖ,
2960 2685 3055 2738 καὶ
3079 2684 3206 2747 τούς
3232 2681 3474 2734 εὐσεϐεῖν
3506 2680 3572 2732 δι’
3606 2680 3810 2742 αὐτοὺς
3842 2677 4008 2748 ἀρξα-

2431 2779 2623 2850 μένους
2664 2776 2775 2846 (84)
2804 2777 2864 2829 τὸ
2917 2775 3147 2844 ἔσχατον
3195 2773 3385 2839 κακὸν,
3431 2774 3463 2842 ἡ
3503 2771 3817 2830 δυσσέϐεια,
3855 2771 4011 2822 πάλιν

2431 2869 2777 2941 ὑποχειρίους
2809 2869 2974 2932 ποιεῖ,
2999 2866 3163 2920 πόσον
3195 2860 3264 2935 ἦν
3293 2865 3519 2934 ἄμεινον
3550 2862 3644 2916 καὶ
3669 2862 3760 2915 τὸν
3793 2861 4012 2931 Ἰσραὴλ

2429 2961 2567 3023 τέως
2590 2959 2691 3025 τῆς
2723 2957 3104 3029 αἰχμαλωσίας
3136 2955 3212 3027 μὴ
3257 2957 3579 3023 ἀναγαγεῖν,
3611 2956 3707 3008 καὶ
3735 2955 3871 3016 τούς
3892 2955 4013 3023 ἀρτι

2432 3051 2572 3121 προς
2608 3050 2668 3103 τὺ
2724 3047 2841 3118 φῶς
2887 3047 3295 3116 ἀναϐλέψαντας
3345 3046 3444 3115 τῆς
3496 3044 3829 3113 θεογνωσίας
3864 3045 3922 3096 ἐν
3951 3045 4015 3114 τῇ

752 3135 1066 3204 captivitate
1099 3152 1205 3190 non
1236 3137 1583 3204 educeretur,
1637 3137 1714 3191 illi
1752 3152 1898 3202 vero,
1947 3138 2038 3208 qui
2071 3138 2322 3195 salutaris

2434 3143 2569 3212 αὐτῇ
2595 3142 2879 3212 συντηρεῖν
2902 3139 3192 3210 εὐσεϐείᾳί
3224 3135 3581 3207 Ἀπεστάλην,
3615 3137 3742 3207 φὴς,
3770 3133 3866 3187 τὸν
3894 3132 4017 3187 λαὸν

756 3225 851 3282 Dei
877 3226 1203 3298 cognitionis
1231 3226 1408 3283 lucem
1439 3228 1550 3298 jam
1576 3236 1846 3298 spectant,
1902 3228 1956 3281 in
1990 3229 2179 3282 eadem
2211 3228 2322 3298 pie-

2432 3209 2880 3306 άποκαταστησαι
2909 3237 2977 3306 τῇ
3017 3231 3265 3305 πατρίδι.
3298 3231 3434 3302 Ποία
3461 3230 3680 3301 πατρίδι
3721 3228 3838 3300 (85)
3866 3245 3882 3294 ;
3920 3228 4018 3280 Ἦν

758 3327 870 3374 tate
899 3319 1402 3374 conservarentur?
1448 3318 1529 3374 Tu
1580 3318 1800 3388 quidem
1849 3319 2076 3373 missum
2125 3328 2177 3373 te
2226 3319 2330 3381 ais,

760 3419 821 3466 ut
862 3413 1119 3481 populum
1173 3414 1360 3480 patriae
1419 3427 1533 3467 suae
1575 3412 1856 3467 restituas.
1910 3411 2041 3476 Quae
2091 3426 2221 3466 vero
2249 3423 2336 3467 est

761 3505 848 3560 illa
874 3506 1044 3576 patria
1070 3506 1091 3558 ?
1135 3504 1208 3559 Ea
1244 3506 1430 3576 utique
1457 3521 1621 3576 quam
1645 3505 1952 3561 habitantes
1995 3515 2048 3561 et
2074 3505 2337 3561 daemoni-

759 3599 864 3653 bus
895 3614 1050 3653 sacra
1075 3597 1335 3654 facientes
1354 3637 1370 3661 .
1399 3598 1686 3653 nidoribus
1712 3607 1767 3653 et
1790 3597 2096 3652 idololatria
2127 3598 2337 3668 pollue-

762 3700 910 3745 runt.
945 3689 1134 3744 Nonne
1157 3691 1350 3746 horum
1384 3698 1608 3746 accusat
1653 3705 1747 3745 eos
1775 3687 2043 3744 Jeremias
2093 3689 2282 3744 dicens
2313 3704 2328 3741 :

769 3802 789 3836 ε
819 3782 1132 3838 Secundum
1200 3799 1488 3838 numerum
1531 3782 1746 3838 urbium
1797 3791 2014 3836 tuarum
2059 3791 2213 3836 erant
2241 3780 2338 3835 tibi

765 3876 862 3941 dii,
895 3890 928 3930 o
963 3873 1125 3941 Juda,
1177 3885 1229 3929 et
1260 3876 1560 3932 secundum
1601 3874 1744 3929 bivia
1781 3872 2082 3929 Jerusalem
2130 3871 2340 3929 saerill-

766 3969 932 4023 cahas
984 3965 1243 4022 Baali“?
1278 3987 1296 4020 ι
1325 3966 1481 4022 Tunc
1527 3968 1750 4037 quidem
1795 3981 1824 4019 a
1879 3963 1990 4020 Deo
2035 3967 2339 4022 innumeris

766 4061 1047 4117 beneﬂciis
1087 4061 1514 4125 inundabantur,
1565 4059 1660 4114 sed
1706 4058 1790 4113 vel
1844 4058 1923 4114 sic
1969 4074 1997 4112 a
2048 4061 2253 4113 malitia
2283 4067 2338 4115 et

768 4151 1046 4222 impietate
1074 4167 1170 4207 sua
1203 4168 1314 4206 non
1349 4152 1703 4209 desistebant.
1757 4149 1876 4206 Jam
1900 4166 2031 4206 vero
2056 4154 2342 4208 innumera

769 4249 910 4300 mala
947 4246 1340 4314 perpetiuntur,
1382 4233 1558 4315 neque
1602 4253 1780 4299 tamen
1824 4258 1856 4297 a
1907 4243 2016 4298 Deo
2058 4243 2340 4299 recedunt.

768 4335 904 4404 Quis
952 4336 1116 4406 igitur
1159 4336 1364 4391 reditus
1387 4334 1596 4390 fructus
1641 4335 1784 4389 erit?
1815 4334 2000 4403 Itaque
2034 4334 2343 4389 resistentia

771 4427 863 4482 hic
889 4434 1006 4481 erat
1033 4440 1141 4480 non
1171 4425 1298 4480 mali
1318 4425 1585 4480 adversus
1614 4424 1839 4479 bonum.
1867 4421 1988 4477 Non
2012 4423 2158 4477 enim
2188 4423 2342 4488 dicit,

770 4517 1067 4588 pugnabat,
1101 4517 1196 4574 sed
1250 4518 1560 4573 resistebat.
1615 4515 1768 4586 Sapo
1815 4515 1963 4568 enim
2015 4515 2180 4569 datur
2211 4516 2342 4570 rcsi-
2376 4551 2418 4606 υ

772 4611 972 4666 stentia
1000 4611 1135 4680 justi
1167 4611 1434 4666 adversus
1465 4611 1688 4676 bouum,
1742 4610 1885 4665 sicut
1915 4623 2057 4678 saepe
2087 4607 2340 4663 Immani-

772 4714 856 4759 tas
885 4704 1066 4759 obstat
1099 4703 1224 4774 legi,
1254 4711 1309 4758 et
1343 4703 1429 4758 lex
1455 4702 1802 4759 humanitati.
1855 4700 1968 4758 Lex
1994 4701 2137 4756 enim
2169 4700 2340 4754 delin-

772 4805 1028 4865 quentem
1061 4796 1255 4866 punit;
1316 4802 1372 4850 at
1419 4795 1708 4851 clementia
1735 4795 1878 4864 regis
1906 4792 2158 4848 eumdem
2193 4807 2338 4862 saepe

774 4888 1086 4954 miseratur,
1137 4897 1192 4945 et
1233 4904 1263 4945 a
1324 4902 1487 4960 pana
1534 4887 1749 4943 liberat.
1803 4885 1987 4957 Pugna
2038 4886 2222 4956 itaque
2254 4885 2342 4941 hic

2435 3328 2711 3392 οἰκοῦντες
2729 3329 2957 3399 ἐμίαναν
2983 3327 3220 3392 κνίσαις,
3242 3325 3459 3395 δαίμοσι
3477 3323 3721 3386 θύοντες,
3750 3320 3848 3375 καὶ
3873 3320 4022 3373 εἰδω-

2436 3418 2720 3489 λομανίαις
2744 3434 2757 3446 ·
2812 3417 2874 3470 οὐ
2931 3415 3108 3469 ταῦτα
3139 3416 3436 3486 κατηγορεῖ
3484 3411 3658 3480 λέγων
3696 3410 3979 3479 Ἱερεμίας
4003 3423 4016 3435 ·

2445 3532 2464 3564 ι
2502 3511 2641 3566 Κατ’
2684 3507 2917 3580 ἀριθμὸν
2963 3507 3072 3560 τῶν
3123 3503 3328 3560 πόλεών
3373 3521 3466 3558 σου
3505 3499 3648 3574 ἦσαν
3669 3503 3718 3555 οἱ
3749 3500 3866 3555 θεοί
3905 3517 4017 3564 σου,

2450 3601 2625 3656 Ἰούδα
2645 3617 2659 3632 ·
2695 3599 2788 3653 καὶ
2823 3596 2963 3652 κατά
2989 3596 3061 3651 τά
3101 3595 3344 3666 ἀμφόδια
3379 3591 3737 3663 Ἰερουσαλὴμ
3762 3590 3926 3652 ἔθυες
3952 3593 4015 3659 τῇ

2441 3695 2586 3749 Βαάλ
2620 3693 2753 3766 (86)·
2797 3712 2816 3746 ι
2858 3691 3074 3764 μυρίοις
3100 3689 3222 3743 τότε
3257 3687 3407 3759 παρά
3433 3684 3567 3740 Θεοῦ
3598 3683 4020 3756 περιεκλύξοντο

2442 3788 2685 3858 ἀγαθοῖς,
2721 3787 2814 3841 καὶ
2864 3784 2966 3856 τῆς
2997 3783 3195 3846 κακίας
3237 3782 3332 3836 καὶ
3380 3778 3634 3842 ἀσεϐείας
3662 3777 3761 3831 οὐκ
3808 3774 4022 3846 ἀνεχώ-

2446 3895 2609 3956 ρουνο
2643 3879 2814 3951 μυρία
2870 3878 2966 3932 νῦν
3027 3877 3358 3948 ὑπομένουσι
3410 3872 3576 3937 κακά,
3621 3870 3714 3925 καὶ
3752 3868 3852 3923 τοῦ
3887 3867 4021 3922 Θεοῦ

2443 3975 2541 4029 οὐκ
2564 3974 2910 4043 ἀφίστανται.
2939 3970 3006 4025 Τί
3037 3970 3154 4024 ποτ’
3192 3963 3285 4023 οὖν
3339 3967 3490 4022 ἔσται
3526 3966 3588 4018 τὸ
3633 3964 3729 4033 τῆς
3754 3962 4022 4015 ἐπανόδου

2444 4066 2667 4138 κέρδος;
2699 4061 2807 4117 Ἦν
2826 4062 3062 4132 τοίνυνὴ
3094 4059 3402 4123 ἀντίστασις
3429 4058 3490 4110 οὐ
3522 4054 3691 4110 κακοῦ
3719 4054 3861 4124 πρὸς
3894 4056 4026 4121 ἀγα·

2445 4155 2572 4208 θόν·
2604 4154 2666 4207 οὐ
2706 4152 2816 4224 γὰρ
2853 4147 3026 4216 εἶπεν,
3065 4150 3322 4220 ἐμάχετο,
3357 4148 3496 4212 ἀλλ’,
3529 4145 3822 4200 ἀνθίστατο
3853 4159 3872 4175 ο
3938 4144 4025 4198 καὶ

2446 4247 2554 4317 γάρ
2576 4244 2691 4298 ἔστι
2721 4242 2981 4307 πολλάκις
3015 4241 3330 4304 ἀντίστασις
3358 4237 3569 4292 δικαίου
3602 4235 3736 4309 πρὸς
3789 4233 4023 4302 ἀγαθὸν,

2446 4337 2521 4400 ὡς
2584 4334 2903 4389 ἀνθίσταται
2957 4331 3216 4394 πολλάκις
3264 4329 3416 4400 νόμῳ
3471 4324 3885 4399 φιλανθρωπία,
3940 4324 4026 4378 καὶ

2449 4424 2828 4497 φιλανθρωπία
2861 4424 3045 4495 νόμος.
3070 4423 3129 4477 '0
3156 4422 3320 4493 νόμος
3344 4421 3436 4475 τὸν
3487 4421 3894 4491 ἀμαρτήσαντα.
3937 4433 4023 4469 κο-

2447 4515 2621 4581 λάζει.
2656 4513 3040 4586 Φιλανθρωπία
3066 4512 3322 4576 πολλάκις
3354 4511 3622 4582 βασιλέως
3646 4509 3735 4562 τὸν
3766 4508 4025 4576 ἀμαρτή·

2449 4624 2616 4660 σαντα
2655 4606 2814 4673 ἐλεεῖ,
2845 4606 2939 4659 καὶ
2975 4603 3276 4677 ἐξαρπάζει
3317 4603 3416 4673 τῆς
3441 4600 3730 4673 τιμωρίας.
3755 4592 3884 4651 Ὧδ’
3933 4590 4019 4649 οὖν

2447 4701 2479 4770 ἡ
2515 4699 2661 4771 μάχη
2691 4699 2791 4752 οὐκ
2819 4697 3064 4752 ἐναντίου
3092 4699 3228 4770 πρὸς
3254 4696 3520 4760 ἐναντίον,
3555 4691 3691 4747 ἀλλά
3722 4686 4023 4760 συγγενοῦς

2449 4792 2583 4863 πρὸς
2612 4790 2890 4860 συγγενές.
2919 4790 3058 4844 Οὔτε
3083 4788 3192 4861 γὰρ
3221 4787 3504 4842 τὸδίκαιον
3535 4783 3639 4849 ἔξω
3662 4780 4019 4853 ἀγαθὸτητος,

2450 4884 2573 4938 οὔτε
2597 4884 2659 4938 τὸ
2686 4883 2887 4953 ἀγαθὸν
2913 4884 3022 4949 ἔξω
3051 4879 3399 4952 δικαιοσύνης
3428 4878 3764 4950 εὑρίσκεται.

773 4991 858 5036 est
888 4996 995 5036 non
1051 4981 1255 5037 inimici
1308 4983 1572 5038 adversus
1620 4979 1926 5047 inimicum,
1989 4977 2083 5034 sed
2114 4977 2331 5049 cognati
2372 4977 2634 5043 adversus
2691 4986 3004 5048 cognatum.
3037 4973 3225 5046 Neque
3286 4974 3430 5033 enim
3463 4969 3674 5042 iustitia
3705 4967 3822 5024 sine
3858 4961 4019 5018 boui-

776 5081 907 5139 tate,
937 5089 1114 5146 neque
1145 5074 1361 5131 bonitas
1385 5075 1545 5130 datur
1573 5074 1693 5130 sine
1723 5072 1954 5143 iustitia.

853 5281 894 5311 ιο
934 5276 1070 5331 Dan.
1102 5290 1184 5342 tu,
1213 5274 1304 5330 ‘28.
1386 5275 1424 5307 "
1458 5271 1656 5329 εισι-(ειη.
1713 5289 1774 5338 ιι,
1824 5267 1914 5324 28.

2291 5448 2518 5505 ΝΟΤΑΣ.

860 5674 968 5740 (83)
997 5672 1174 5727 Codex
1211 5673 1338 5740 ἡγῇ,
1372 5669 1530 5732 male,
1564 5676 1616 5722 et
1654 5679 1800 5728 mox,
1833 5660 2120 5730 ἐπεστάτῃ.

859 5746 966 5812 (⁸4)
992 5743 1146 5798 Colb.
1183 5757 1280 5810 pro
1305 5741 1656 5812 ἀρχομένουὲ
1697 5806 1727 5812 ,,
1839 5803 1846 5809 .

864 5806 972 5885 (85)
1002 5815 1134 5884 Ποία
1159 5806 1589 5882 πατρίὄιζιίουοο
1613 5806 1943 5863 Colbcrtino.

2449 5651 2635 5764 “(SE2
2669 5651 2767 5709 Ubi
2797 5658 2976 5708 tamen
3016 5646 3174 5705 hodie
3231 5644 3426 5718 legitur
3466 5643 3599 5700 ικαὶ
3636 5643 3753 5714 μετ’
3797 5637 4011 5712 aptium

2457 5739 2632 5775 atoowv
