  <div class='ocr_page' id='page_1' title='image "/cluster/home/n/w/nwhite01/storage/ocr_20150623/101/nnc1.0046980164/446.png"; bbox 0 0 4174 6450; ppageno 0'>
   <div class='ocr_carea' id='block_1_1' title="bbox 183 413 294 480">
    <p class='ocr_par' dir='ltr' id='par_1_1' title="bbox 183 413 294 480">
     <span class='ocr_line' id='line_1_1' title="bbox 183 413 294 480; baseline -0.027 0"><span class='ocrx_word' id='word_1_1' title='bbox 183 413 294 480; x_wconf 70' lang='grc'><strong>845</strong></span> 
     </span>
    </p>
   </div>
   <div class='ocr_carea' id='block_1_2' title="bbox 1134 421 2475 498">
    <p class='ocr_par' dir='ltr' id='par_1_2' title="bbox 1134 421 2475 498">
     <span class='ocr_line' id='line_1_2' title="bbox 1134 421 2475 498; baseline 0.005 -20"><span class='ocrx_word' id='word_1_2' title='bbox 1134 421 1235 479; x_wconf 79' lang='lat' dir='ltr'><strong>AD</strong></span> <span class='ocrx_word' id='word_1_3' title='bbox 1282 422 1865 485; x_wconf 80' lang='lat' dir='ltr'><strong>AMPHILOCHIUM</strong></span> <span class='ocrx_word' id='word_1_4' title='bbox 1905 425 2248 498; x_wconf 62' lang='lat' dir='ltr'><strong>QUESTIO</strong></span> <span class='ocrx_word' id='word_1_5' title='bbox 2280 426 2475 486; x_wconf 74' lang='lat' dir='ltr'><strong>CLXI.</strong></span> 
     </span>
    </p>
   </div>
   <div class='ocr_carea' id='block_1_3' title="bbox 3333 433 3436 493">
    <p class='ocr_par' dir='ltr' id='par_1_3' title="bbox 3333 433 3436 493">
     <span class='ocr_line' id='line_1_3' title="bbox 3333 433 3436 493; baseline 0.019 -2"><span class='ocrx_word' id='word_1_6' title='bbox 3333 433 3436 493; x_wconf 76' lang='lat'><strong>846</strong></span> 
     </span>
    </p>
   </div>
   <div class='ocr_carea' id='block_1_4' title="bbox 259 523 1767 615">
    <p class='ocr_par' dir='ltr' id='par_1_4' title="bbox 259 523 1757 609">
     <span class='ocr_line' id='line_1_4' title="bbox 259 523 1757 609; baseline 0.004 -23"><span class='ocrx_word' id='word_1_7' title='bbox 259 530 382 586; x_wconf 84' lang='grc' dir='ltr'>ὐτι</span> <span class='ocrx_word' id='word_1_8' title='bbox 414 534 512 602; x_wconf 84' lang='grc' dir='ltr'>τῆς</span> <span class='ocrx_word' id='word_1_9' title='bbox 559 533 806 600; x_wconf 77' lang='grc' dir='ltr'><strong>κτίσεως,</strong></span> <span class='ocrx_word' id='word_1_10' title='bbox 851 523 1037 607; x_wconf 70' lang='grc' dir='ltr'>φησὶν,</span> <span class='ocrx_word' id='word_1_11' title='bbox 1067 537 1141 599; x_wconf 84' lang='grc' dir='ltr'>ὠς</span> <span class='ocrx_word' id='word_1_12' title='bbox 1175 538 1518 609; x_wconf 84' lang='grc' dir='ltr'>προείρηται,</span> <span class='ocrx_word' id='word_1_13' title='bbox 1552 541 1757 594; x_wconf 88' lang='grc' dir='ltr'>διακει-</span> 
     </span>
    </p>
   </div>
   <div class='ocr_carea' id='block_1_5' title="bbox 1869 523 3431 615">
    <p class='ocr_par' dir='ltr' id='par_1_5' title="bbox 1929 542 3431 615">
     <span class='ocr_line' id='line_1_5' title="bbox 1929 542 3431 615; baseline -0.001 -18"><span class='ocrx_word' id='word_1_14' title='bbox 1929 542 2249 597; x_wconf 86' lang='lat' dir='ltr'><strong>Creaturam</strong></span> <span class='ocrx_word' id='word_1_15' title='bbox 2276 546 2371 608; x_wconf 86' lang='lat' dir='ltr'><strong>ait,</strong></span> <span class='ocrx_word' id='word_1_16' title='bbox 2400 545 2549 615; x_wconf 86' lang='lat' dir='ltr'><strong>quod</strong></span> <span class='ocrx_word' id='word_1_17' title='bbox 2564 554 2690 601; x_wconf 87' lang='lat' dir='ltr'><strong>ante</strong></span> <span class='ocrx_word' id='word_1_18' title='bbox 2716 544 2922 600; x_wconf 90' lang='lat' dir='ltr'><strong>dictum</strong></span> <span class='ocrx_word' id='word_1_19' title='bbox 2955 555 3037 599; x_wconf 86' lang='lat' dir='ltr'><strong>est</strong></span> <span class='ocrx_word' id='word_1_20' title='bbox 3057 584 3080 611; x_wconf 75' lang='lat'><strong>,</strong></span> <span class='ocrx_word' id='word_1_21' title='bbox 3101 544 3240 598; x_wconf 86' lang='lat' dir='ltr'><strong>male</strong></span> <span class='ocrx_word' id='word_1_22' title='bbox 3300 546 3431 597; x_wconf 61' lang='lat' dir='ltr'><strong>ani--</strong></span> 
     </span>
    </p>
   </div>
   <div class='ocr_carea' id='block_1_6' title="bbox 190 621 1758 703">
    <p class='ocr_par' dir='ltr' id='par_1_6' title="bbox 190 621 1758 703">
     <span class='ocr_line' id='line_1_6' title="bbox 190 621 1758 703; baseline 0.006 -27"><span class='ocrx_word' id='word_1_23' title='bbox 190 624 359 695; x_wconf 80' lang='grc' dir='ltr'>μένης</span> <span class='ocrx_word' id='word_1_24' title='bbox 389 624 485 678; x_wconf 73' lang='grc' dir='ltr'>καὶ</span> <span class='ocrx_word' id='word_1_25' title='bbox 515 625 951 698; x_wconf 79' lang='grc' dir='ltr'><strong>ἀγανακτούσης,</strong></span> <span class='ocrx_word' id='word_1_26' title='bbox 984 628 1071 698; x_wconf 77' lang='grc' dir='ltr'><strong>ἐφ’</strong></span> <span class='ocrx_word' id='word_1_27' title='bbox 1101 621 1146 697; x_wconf 75' lang='grc' dir='ltr'><strong>ᾧ</strong></span> <span class='ocrx_word' id='word_1_28' title='bbox 1178 631 1274 684; x_wconf 73' lang='grc' dir='ltr'>καὶ</span> <span class='ocrx_word' id='word_1_29' title='bbox 1300 630 1509 684; x_wconf 98' lang='grc' dir='ltr'>ἄκουσα</span> <span class='ocrx_word' id='word_1_30' title='bbox 1537 632 1616 703; x_wconf 82' lang='grc' dir='ltr'><strong>τῷ</strong></span> <span class='ocrx_word' id='word_1_31' title='bbox 1649 649 1758 685; x_wconf 87' lang='grc' dir='ltr'>πα-</span> 
     </span>
    </p>
   </div>
   <div class='ocr_carea' id='block_1_7' title="bbox 190 721 1763 797">
    <p class='ocr_par' dir='ltr' id='par_1_7' title="bbox 190 721 1763 797">
     <span class='ocr_line' id='line_1_7' title="bbox 190 721 1763 797; baseline 0.005 -24"><span class='ocrx_word' id='word_1_32' title='bbox 190 721 402 794; x_wconf 78' lang='grc' dir='ltr'>ραδᾶτη</span> <span class='ocrx_word' id='word_1_33' title='bbox 437 725 665 793; x_wconf 84' lang='grc' dir='ltr'>παρεῖχε</span> <span class='ocrx_word' id='word_1_34' title='bbox 696 724 794 793; x_wconf 81' lang='grc' dir='ltr'>τὴν</span> <span class='ocrx_word' id='word_1_35' title='bbox 819 724 1028 795; x_wconf 82' lang='grc' dir='ltr'>χρείαν,</span> <span class='ocrx_word' id='word_1_36' title='bbox 1059 725 1153 778; x_wconf 78' lang='grc' dir='ltr'>καὶ</span> <span class='ocrx_word' id='word_1_37' title='bbox 1178 725 1523 797; x_wconf 67' lang='grc' dir='ltr'>ἰξυηρέτει,</span> <span class='ocrx_word' id='word_1_38' title='bbox 1550 728 1643 781; x_wconf 77' lang='grc' dir='ltr'>καὶ</span> <span class='ocrx_word' id='word_1_39' title='bbox 1664 728 1763 797; x_wconf 68' lang='grc' dir='ltr'><strong>ἀτ-</strong></span> 
     </span>
    </p>
   </div>
   <div class='ocr_carea' id='block_1_8' title="bbox 189 813 1763 888">
    <p class='ocr_par' dir='ltr' id='par_1_8' title="bbox 189 813 1763 888">
     <span class='ocr_line' id='line_1_8' title="bbox 189 813 1763 888; baseline 0.006 -24"><span class='ocrx_word' id='word_1_40' title='bbox 189 813 364 878; x_wconf 72' lang='grc' dir='ltr'>γὲλων</span> <span class='ocrx_word' id='word_1_41' title='bbox 398 814 714 883; x_wconf 79' lang='grc' dir='ltr'><strong>ἀχθομένων</strong></span> <span class='ocrx_word' id='word_1_42' title='bbox 743 817 837 869; x_wconf 72' lang='grc' dir='ltr'><strong>ἐπὶ</strong></span> <span class='ocrx_word' id='word_1_43' title='bbox 870 817 935 886; x_wconf 73' lang='grc' dir='ltr'>τῇ</span> <span class='ocrx_word' id='word_1_44' title='bbox 970 815 1064 868; x_wconf 82' lang='grc' dir='ltr'>τοῦ</span> <span class='ocrx_word' id='word_1_45' title='bbox 1094 817 1557 888; x_wconf 81' lang='grc' dir='ltr'>εὐεργετουμένου</span> <span class='ocrx_word' id='word_1_46' title='bbox 1585 821 1763 886; x_wconf 86' lang='grc' dir='ltr'>ἀγνω-</span> 
     </span>
    </p>
   </div>
   <div class='ocr_carea' id='block_1_9' title="bbox 192 903 1763 977">
    <p class='ocr_par' dir='ltr' id='par_1_9' title="bbox 192 903 1763 977">
     <span class='ocr_line' id='line_1_9' title="bbox 192 903 1763 977; baseline 0.005 -22"><span class='ocrx_word' id='word_1_47' title='bbox 192 903 423 975; x_wconf 80' lang='grc' dir='ltr'>μοσύνῃ,</span> <span class='ocrx_word' id='word_1_48' title='bbox 456 905 550 958; x_wconf 66' lang='lat' dir='ltr'><strong>xui.</strong></span> <span class='ocrx_word' id='word_1_49' title='bbox 584 904 706 959; x_wconf 86' lang='grc' dir='ltr'>ὅλου</span> <span class='ocrx_word' id='word_1_50' title='bbox 749 906 1088 970; x_wconf 76' lang='grc' dir='ltr'>κακωθέντος</span> <span class='ocrx_word' id='word_1_51' title='bbox 1139 907 1237 961; x_wconf 85' lang='grc' dir='ltr'>τοῦ</span> <span class='ocrx_word' id='word_1_52' title='bbox 1283 908 1490 977; x_wconf 77' lang='grc' dir='ltr'>κόσμου</span> <span class='ocrx_word' id='word_1_53' title='bbox 1538 909 1628 963; x_wconf 82' lang='grc' dir='ltr'><strong>διά</strong></span> <span class='ocrx_word' id='word_1_54' title='bbox 1662 909 1763 975; x_wconf 88' lang='grc' dir='ltr'><strong>τάς</strong></span> 
     </span>
    </p>
   </div>
   <div class='ocr_carea' id='block_1_10' title="bbox 190 990 1760 1071">
    <p class='ocr_par' dir='ltr' id='par_1_10' title="bbox 190 990 1760 1071">
     <span class='ocr_line' id='line_1_10' title="bbox 190 990 1760 1071; baseline 0.006 -26"><span class='ocrx_word' id='word_1_55' title='bbox 190 994 559 1064; x_wconf 88' lang='grc' dir='ltr'>παρανομίας.</span> <span class='ocrx_word' id='word_1_56' title='bbox 586 1014 605 1047; x_wconf 82' lang='grc' dir='ltr'><strong>ι</strong></span> <span class='ocrx_word' id='word_1_57' title='bbox 632 997 740 1049; x_wconf 80' lang='grc' dir='ltr'><strong>Καὶ</strong></span> <span class='ocrx_word' id='word_1_58' title='bbox 768 997 879 1068; x_wconf 82' lang='grc' dir='ltr'>γὰρ</span> <span class='ocrx_word' id='word_1_59' title='bbox 902 992 1061 1060; x_wconf 73' lang='grc' dir='ltr'>εἶδεν,</span> <span class='ocrx_word' id='word_1_60' title='bbox 1097 1000 1280 1069; x_wconf 69' lang='grc' dir='ltr'>φησιν,</span> <span class='ocrx_word' id='word_1_61' title='bbox 1305 999 1333 1051; x_wconf 84' lang='grc' dir='ltr'><strong>δ</strong></span> <span class='ocrx_word' id='word_1_62' title='bbox 1355 990 1487 1063; x_wconf 80' lang='grc' dir='ltr'>Θεὸς</span> <span class='ocrx_word' id='word_1_63' title='bbox 1507 1000 1604 1071; x_wconf 82' lang='grc' dir='ltr'>τὴν</span> <span class='ocrx_word' id='word_1_64' title='bbox 1632 1000 1760 1069; x_wconf 84' lang='grc' dir='ltr'>γῆν,</span> 
     </span>
    </p>
   </div>
   <div class='ocr_carea' id='block_1_11' title="bbox 190 1077 1764 1163">
    <p class='ocr_par' dir='ltr' id='par_1_11' title="bbox 190 1077 1764 1163">
     <span class='ocr_line' id='line_1_11' title="bbox 190 1077 1764 1163; baseline 0.007 -28"><span class='ocrx_word' id='word_1_65' title='bbox 190 1084 290 1136; x_wconf 71' lang='grc' dir='ltr'>καὶ</span> <span class='ocrx_word' id='word_1_66' title='bbox 325 1077 392 1155; x_wconf 78' lang='grc' dir='ltr'>ἦν</span> <span class='ocrx_word' id='word_1_67' title='bbox 421 1086 864 1159; x_wconf 81' lang='grc' dir='ltr'>κατεφθαρμένη,</span> <span class='ocrx_word' id='word_1_68' title='bbox 913 1089 996 1142; x_wconf 85' lang='grc' dir='ltr'>ὅτι</span> <span class='ocrx_word' id='word_1_69' title='bbox 1038 1089 1397 1162; x_wconf 77' lang='grc' dir='ltr'><strong>κατέφθειρεν</strong></span> <span class='ocrx_word' id='word_1_70' title='bbox 1436 1092 1585 1146; x_wconf 78' lang='grc' dir='ltr'>πᾶσα</span> <span class='ocrx_word' id='word_1_71' title='bbox 1627 1092 1764 1163; x_wconf 73' lang='grc' dir='ltr'>σὰρξ</span> 
     </span>
    </p>
   </div>
   <div class='ocr_carea' id='block_1_12' title="bbox 189 1172 1766 1251">
    <p class='ocr_par' dir='ltr' id='par_1_12' title="bbox 189 1172 1766 1251">
     <span class='ocr_line' id='line_1_12' title="bbox 189 1172 1766 1251; baseline 0.006 -26"><span class='ocrx_word' id='word_1_72' title='bbox 189 1177 292 1241; x_wconf 80' lang='grc' dir='ltr'>τὴν</span> <span class='ocrx_word' id='word_1_73' title='bbox 314 1176 430 1228; x_wconf 76' lang='grc' dir='ltr'>ὁδὸν</span> <span class='ocrx_word' id='word_1_74' title='bbox 455 1176 646 1246; x_wconf 83' lang='grc' dir='ltr'>αὐτῆς.</span> <span class='ocrx_word' id='word_1_75' title='bbox 684 1195 703 1229; x_wconf 91' lang='grc' dir='ltr'><strong>ι</strong></span> <span class='ocrx_word' id='word_1_76' title='bbox 732 1178 847 1231; x_wconf 84' lang='grc' dir='ltr'>Οὐκ</span> <span class='ocrx_word' id='word_1_77' title='bbox 873 1172 942 1248; x_wconf 78' lang='grc' dir='ltr'>ἦν</span> <span class='ocrx_word' id='word_1_78' title='bbox 978 1179 1011 1249; x_wconf 77' lang='grc' dir='ltr'>ἡ</span> <span class='ocrx_word' id='word_1_79' title='bbox 1040 1178 1233 1245; x_wconf 79' lang='grc' dir='ltr'><strong>κτίσις,</strong></span> <span class='ocrx_word' id='word_1_80' title='bbox 1289 1180 1408 1234; x_wconf 84' lang='grc' dir='ltr'>οταν</span> <span class='ocrx_word' id='word_1_81' title='bbox 1461 1181 1766 1251; x_wconf 76' lang='grc' dir='ltr'>ὑπέστησεν</span> 
     </span>
    </p>
   </div>
   <div class='ocr_carea' id='block_1_13' title="bbox 187 1265 1766 1343">
    <p class='ocr_par' dir='ltr' id='par_1_13' title="bbox 187 1265 1766 1343">
     <span class='ocr_line' id='line_1_13' title="bbox 187 1265 1766 1343; baseline 0.006 -27"><span class='ocrx_word' id='word_1_82' title='bbox 187 1265 377 1328; x_wconf 81' lang='grc' dir='ltr'>αὐτοῖς</span> <span class='ocrx_word' id='word_1_83' title='bbox 404 1268 431 1319; x_wconf 83' lang='grc' dir='ltr'>ὀ</span> <span class='ocrx_word' id='word_1_84' title='bbox 458 1266 593 1328; x_wconf 74' lang='grc' dir='ltr'>Θεὸς</span> <span class='ocrx_word' id='word_1_85' title='bbox 618 1268 712 1320; x_wconf 80' lang='grc' dir='ltr'>ἀπ’</span> <span class='ocrx_word' id='word_1_86' title='bbox 746 1269 918 1339; x_wconf 82' lang='grc' dir='ltr'>ἀρχῆς</span> <span class='ocrx_word' id='word_1_87' title='bbox 940 1285 953 1298; x_wconf 90' lang='grc'>·</span> <span class='ocrx_word' id='word_1_88' title='bbox 980 1270 1081 1323; x_wconf 76' lang='grc' dir='ltr'>οὐκ</span> <span class='ocrx_word' id='word_1_89' title='bbox 1119 1266 1186 1341; x_wconf 78' lang='grc' dir='ltr'>ἦν</span> <span class='ocrx_word' id='word_1_90' title='bbox 1230 1274 1341 1334; x_wconf 88' lang='grc' dir='ltr'>τοῖς</span> <span class='ocrx_word' id='word_1_91' title='bbox 1374 1272 1597 1343; x_wconf 79' lang='grc' dir='ltr'><strong>ἄστροις</strong></span> <span class='ocrx_word' id='word_1_92' title='bbox 1626 1275 1655 1325; x_wconf 85' lang='grc' dir='ltr'><strong>δ</strong></span> <span class='ocrx_word' id='word_1_93' title='bbox 1676 1272 1766 1326; x_wconf 76' lang='grc' dir='ltr'><strong>οὐ·</strong></span> 
     </span>
    </p>
   </div>
   <div class='ocr_carea' id='block_1_14' title="bbox 193 1352 1766 1431">
    <p class='ocr_par' dir='ltr' id='par_1_14' title="bbox 193 1352 1766 1431">
     <span class='ocr_line' id='line_1_14' title="bbox 193 1352 1766 1431; baseline 0.006 -26"><span class='ocrx_word' id='word_1_94' title='bbox 193 1352 378 1421; x_wconf 84' lang='grc' dir='ltr'>ρανδς,</span> <span class='ocrx_word' id='word_1_95' title='bbox 409 1354 506 1417; x_wconf 66' lang='grc' dir='ltr'>ὡς</span> <span class='ocrx_word' id='word_1_96' title='bbox 561 1355 621 1408; x_wconf 80' lang='grc' dir='ltr'><strong>τὸ</strong></span> <span class='ocrx_word' id='word_1_97' title='bbox 646 1356 795 1426; x_wconf 83' lang='grc' dir='ltr'>πρὶν,</span> <span class='ocrx_word' id='word_1_98' title='bbox 816 1358 943 1411; x_wconf 89' lang='grc' dir='ltr'>ἄνευ</span> <span class='ocrx_word' id='word_1_99' title='bbox 980 1359 1124 1421; x_wconf 69' lang='grc' dir='ltr'>τινος</span> <span class='ocrx_word' id='word_1_100' title='bbox 1154 1359 1465 1429; x_wconf 82' lang='grc' dir='ltr'><strong>μιάσματος</strong></span> <span class='ocrx_word' id='word_1_101' title='bbox 1485 1362 1766 1431; x_wconf 72' lang='grc' dir='ltr'>καταλαμο</span> 
     </span>
    </p>
   </div>
   <div class='ocr_carea' id='block_1_15' title="bbox 188 1442 1765 1522">
    <p class='ocr_par' dir='ltr' id='par_1_15' title="bbox 188 1442 1765 1522">
     <span class='ocr_line' id='line_1_15' title="bbox 188 1442 1765 1522; baseline 0.006 -27"><span class='ocrx_word' id='word_1_102' title='bbox 188 1444 429 1511; x_wconf 87' lang='grc' dir='ltr'>πόμενος</span> <span class='ocrx_word' id='word_1_103' title='bbox 454 1462 468 1477; x_wconf 78' lang='grc' dir='ltr'><strong>ο</strong></span> <span class='ocrx_word' id='word_1_104' title='bbox 508 1446 609 1499; x_wconf 88' lang='grc' dir='ltr'>οὐκ</span> <span class='ocrx_word' id='word_1_105' title='bbox 647 1442 715 1517; x_wconf 80' lang='grc' dir='ltr'>ἦν</span> <span class='ocrx_word' id='word_1_106' title='bbox 753 1449 784 1518; x_wconf 74' lang='grc' dir='ltr'><strong>ἠ</strong></span> <span class='ocrx_word' id='word_1_107' title='bbox 833 1449 903 1519; x_wconf 84' lang='grc' dir='ltr'><strong>τῆ</strong></span> <span class='ocrx_word' id='word_1_108' title='bbox 954 1451 1080 1513; x_wconf 81' lang='grc' dir='ltr'>τοὺς</span> <span class='ocrx_word' id='word_1_109' title='bbox 1116 1452 1364 1521; x_wconf 82' lang='grc' dir='ltr'>καρποὺς</span> <span class='ocrx_word' id='word_1_110' title='bbox 1406 1452 1765 1522; x_wconf 83' lang='grc' dir='ltr'>ἀμολύντους,</span> 
     </span>
    </p>
   </div>
   <div class='ocr_carea' id='block_1_16' title="bbox 185 1535 1767 1610">
    <p class='ocr_par' dir='ltr' id='par_1_16' title="bbox 185 1535 1767 1610">
     <span class='ocr_line' id='line_1_16' title="bbox 185 1535 1767 1610; baseline 0.01 -23"><span class='ocrx_word' id='word_1_111' title='bbox 185 1535 269 1598; x_wconf 83' lang='grc' dir='ltr'><strong>ὡς</strong></span> <span class='ocrx_word' id='word_1_112' title='bbox 293 1538 352 1589; x_wconf 85' lang='grc' dir='ltr'>τὸ</span> <span class='ocrx_word' id='word_1_113' title='bbox 377 1539 527 1609; x_wconf 73' lang='grc' dir='ltr'>πρὶν,</span> <span class='ocrx_word' id='word_1_114' title='bbox 577 1542 900 1597; x_wconf 77' lang='grc' dir='ltr'><strong>ἀναδιδοῦσα</strong></span> <span class='ocrx_word' id='word_1_115' title='bbox 923 1561 939 1577; x_wconf 71' lang='grc'><strong>⁸</strong></span> <span class='ocrx_word' id='word_1_116' title='bbox 968 1546 1030 1598; x_wconf 80' lang='grc' dir='ltr'>οὐ</span> <span class='ocrx_word' id='word_1_117' title='bbox 1068 1544 1334 1610; x_wconf 87' lang='grc' dir='ltr'>θάλασσα,</span> <span class='ocrx_word' id='word_1_118' title='bbox 1375 1548 1477 1602; x_wconf 81' lang='grc' dir='ltr'>οὐκ</span> <span class='ocrx_word' id='word_1_119' title='bbox 1532 1548 1662 1603; x_wconf 83' lang='grc' dir='ltr'>ἄλλο</span> <span class='ocrx_word' id='word_1_120' title='bbox 1714 1566 1767 1603; x_wconf 91' lang='grc' dir='ltr'><strong>τι</strong></span> 
     </span>
    </p>
   </div>
   <div class='ocr_carea' id='block_1_17' title="bbox 186 1628 1767 1711">
    <p class='ocr_par' dir='ltr' id='par_1_17' title="bbox 186 1628 1767 1711">
     <span class='ocr_line' id='line_1_17' title="bbox 186 1628 1767 1711; baseline 0.011 -33"><span class='ocrx_word' id='word_1_121' title='bbox 186 1628 301 1679; x_wconf 79' lang='grc' dir='ltr'><strong>τῶν</strong></span> <span class='ocrx_word' id='word_1_122' title='bbox 358 1630 417 1681; x_wconf 80' lang='grc' dir='ltr'>ὲν</span> <span class='ocrx_word' id='word_1_123' title='bbox 455 1633 522 1702; x_wconf 80' lang='grc' dir='ltr'><strong>τῇ</strong></span> <span class='ocrx_word' id='word_1_124' title='bbox 569 1632 763 1689; x_wconf 82' lang='grc' dir='ltr'>κτίσει.</span> <span class='ocrx_word' id='word_1_125' title='bbox 803 1634 861 1689; x_wconf 89' lang='lat'><strong>&#39;0</strong></span> <span class='ocrx_word' id='word_1_126' title='bbox 914 1636 1024 1708; x_wconf 79' lang='grc' dir='ltr'><strong>γὰρ</strong></span> <span class='ocrx_word' id='word_1_127' title='bbox 1074 1638 1399 1711; x_wconf 74' lang='grc' dir='ltr'>παραϐάτης</span> <span class='ocrx_word' id='word_1_128' title='bbox 1425 1640 1683 1696; x_wconf 73' lang='grc' dir='ltr'>εἰσελθὼν</span> <span class='ocrx_word' id='word_1_129' title='bbox 1709 1644 1767 1696; x_wconf 82' lang='grc' dir='ltr'>ὲν</span> 
     </span>
    </p>
   </div>
   <div class='ocr_carea' id='block_1_18' title="bbox 184 1719 1767 1803">
    <p class='ocr_par' dir='ltr' id='par_1_18' title="bbox 184 1719 1767 1803">
     <span class='ocr_line' id='line_1_18' title="bbox 184 1719 1767 1803; baseline 0.012 -34"><span class='ocrx_word' id='word_1_130' title='bbox 184 1719 352 1789; x_wconf 77' lang='grc' dir='ltr'>αὐτῇ,</span> <span class='ocrx_word' id='word_1_131' title='bbox 379 1724 730 1792; x_wconf 90' lang='grc' dir='ltr'>κατεμίανεν,</span> <span class='ocrx_word' id='word_1_132' title='bbox 749 1726 843 1781; x_wconf 77' lang='grc' dir='ltr'><strong>καὶ</strong></span> <span class='ocrx_word' id='word_1_133' title='bbox 860 1728 1193 1782; x_wconf 82' lang='grc' dir='ltr'>ἀνεθὸλωσεν</span> <span class='ocrx_word' id='word_1_134' title='bbox 1217 1731 1436 1787; x_wconf 85' lang='grc' dir='ltr'>ἄπαντα</span> <span class='ocrx_word' id='word_1_135' title='bbox 1458 1735 1579 1797; x_wconf 90' lang='grc' dir='ltr'>ταῖς</span> <span class='ocrx_word' id='word_1_136' title='bbox 1599 1732 1767 1803; x_wconf 79' lang='grc' dir='ltr'>βλασο</span> 
     </span>
    </p>
   </div>
   <div class='ocr_carea' id='block_1_19' title="bbox 188 1812 1768 1894">
    <p class='ocr_par' dir='ltr' id='par_1_19' title="bbox 188 1812 1768 1894">
     <span class='ocr_line' id='line_1_19' title="bbox 188 1812 1768 1894; baseline 0.011 -33"><span class='ocrx_word' id='word_1_137' title='bbox 188 1812 449 1879; x_wconf 86' lang='grc' dir='ltr'>φημίαις,</span> <span class='ocrx_word' id='word_1_138' title='bbox 492 1816 613 1878; x_wconf 89' lang='grc' dir='ltr'>ταῖς</span> <span class='ocrx_word' id='word_1_139' title='bbox 657 1815 950 1887; x_wconf 74' lang='grc' dir='ltr'>θεομάχοις</span> <span class='ocrx_word' id='word_1_140' title='bbox 987 1820 1083 1874; x_wconf 78' lang='grc' dir='ltr'>καὶ</span> <span class='ocrx_word' id='word_1_141' title='bbox 1110 1822 1364 1893; x_wconf 83' lang='grc' dir='ltr'>αίσχραῖς</span> <span class='ocrx_word' id='word_1_142' title='bbox 1395 1828 1622 1894; x_wconf 86' lang='grc' dir='ltr'>φωναῖς,</span> <span class='ocrx_word' id='word_1_143' title='bbox 1647 1830 1768 1891; x_wconf 90' lang='grc' dir='ltr'>ταῖς</span> 
     </span>
    </p>
   </div>
   <div class='ocr_carea' id='block_1_20' title="bbox 191 1888 1842 1988">
    <p class='ocr_par' dir='ltr' id='par_1_20' title="bbox 191 1888 1842 1988">
     <span class='ocr_line' id='line_1_20' title="bbox 191 1888 1842 1988; baseline 0.012 -36"><span class='ocrx_word' id='word_1_144' title='bbox 191 1902 525 1969; x_wconf 86' lang='grc' dir='ltr'>μιαιφονίαις</span> <span class='ocrx_word' id='word_1_145' title='bbox 536 1904 633 1976; x_wconf 82' lang='grc' dir='ltr'>τὴν</span> <span class='ocrx_word' id='word_1_146' title='bbox 649 1906 752 1977; x_wconf 84' lang='grc' dir='ltr'><strong>γῆν</strong></span> <span class='ocrx_word' id='word_1_147' title='bbox 766 1907 879 1979; x_wconf 83' lang='lat'><strong>(87)</strong></span> <span class='ocrx_word' id='word_1_148' title='bbox 899 1912 1008 1973; x_wconf 85' lang='grc' dir='ltr'>τοῖς</span> <span class='ocrx_word' id='word_1_149' title='bbox 1028 1888 1314 1982; x_wconf 73' lang='grc' dir='ltr'>πειραταῖς</span> <span class='ocrx_word' id='word_1_150' title='bbox 1327 1888 1419 1967; x_wconf 63' lang='grc' dir='ltr'><strong>καί</strong></span> <span class='ocrx_word' id='word_1_151' title='bbox 1438 1914 1656 1985; x_wconf 76' lang='grc' dir='ltr'>λῃσταῖς</span> <span class='ocrx_word' id='word_1_152' title='bbox 1800 1888 1842 1943; x_wconf 71' lang='grc' dir='ltr'><strong><em>Β</em></strong></span> 
     </span>
    </p>
   </div>
   <div class='ocr_carea' id='block_1_21' title="bbox 186 1990 1765 2073">
    <p class='ocr_par' dir='ltr' id='par_1_21' title="bbox 186 1990 1765 2073">
     <span class='ocr_line' id='line_1_21' title="bbox 186 1990 1765 2073; baseline 0.011 -30"><span class='ocrx_word' id='word_1_153' title='bbox 186 1990 503 2048; x_wconf 81' lang='grc' dir='ltr'>θάλασσαν’</span> <span class='ocrx_word' id='word_1_154' title='bbox 525 1995 623 2060; x_wconf 85' lang='grc' dir='ltr'><strong>τάς</strong></span> <span class='ocrx_word' id='word_1_155' title='bbox 658 1999 840 2069; x_wconf 73' lang='grc' dir='ltr'>πηγὰς</span> <span class='ocrx_word' id='word_1_156' title='bbox 874 2002 969 2054; x_wconf 76' lang='grc' dir='ltr'>καὶ</span> <span class='ocrx_word' id='word_1_157' title='bbox 1010 2004 1294 2073; x_wconf 81' lang='grc' dir='ltr'>ποταμοὺς</span> <span class='ocrx_word' id='word_1_158' title='bbox 1339 2008 1458 2070; x_wconf 83' lang='grc' dir='ltr'>ταῖς</span> <span class='ocrx_word' id='word_1_159' title='bbox 1479 2006 1765 2061; x_wconf 75' lang='grc' dir='ltr'>εἰδωλολα-</span> 
     </span>
    </p>
   </div>
   <div class='ocr_carea' id='block_1_22' title="bbox 185 2081 1763 2163">
    <p class='ocr_par' dir='ltr' id='par_1_22' title="bbox 185 2081 1763 2163">
     <span class='ocr_line' id='line_1_22' title="bbox 185 2081 1763 2163; baseline 0.013 -31"><span class='ocrx_word' id='word_1_160' title='bbox 185 2081 393 2150; x_wconf 87' lang='grc' dir='ltr'>τρίαις,</span> <span class='ocrx_word' id='word_1_161' title='bbox 437 2086 698 2155; x_wconf 83' lang='grc' dir='ltr'>νύμφαις.</span> <span class='ocrx_word' id='word_1_162' title='bbox 755 2090 850 2143; x_wconf 75' lang='grc' dir='ltr'>καὶ</span> <span class='ocrx_word' id='word_1_163' title='bbox 908 2092 1156 2163; x_wconf 84' lang='grc' dir='ltr'>δαίμοσιν</span> <span class='ocrx_word' id='word_1_164' title='bbox 1203 2095 1537 2161; x_wconf 86' lang='grc' dir='ltr'>ἀνάπτοντες</span> <span class='ocrx_word' id='word_1_165' title='bbox 1591 2097 1763 2153; x_wconf 75' lang='grc' dir='ltr'>αὐτάο</span> 
     </span>
    </p>
   </div>
   <div class='ocr_carea' id='block_1_23' title="bbox 189 2178 1766 2255">
    <p class='ocr_par' dir='ltr' id='par_1_23' title="bbox 189 2178 1766 2255">
     <span class='ocr_line' id='line_1_23' title="bbox 189 2178 1766 2255; baseline 0.01 -26"><span class='ocrx_word' id='word_1_166' title='bbox 189 2178 346 2230; x_wconf 77' lang='grc' dir='ltr'>πᾶσα</span> <span class='ocrx_word' id='word_1_167' title='bbox 404 2181 516 2242; x_wconf 83' lang='grc' dir='ltr'>τοῖς</span> <span class='ocrx_word' id='word_1_168' title='bbox 566 2180 877 2251; x_wconf 82' lang='grc' dir='ltr'>ἀνθρώποις</span> <span class='ocrx_word' id='word_1_169' title='bbox 910 2185 943 2255; x_wconf 78' lang='grc' dir='ltr'>ἠ</span> <span class='ocrx_word' id='word_1_170' title='bbox 974 2185 1151 2249; x_wconf 84' lang='grc' dir='ltr'>κτίσις</span> <span class='ocrx_word' id='word_1_171' title='bbox 1196 2188 1277 2251; x_wconf 87' lang='grc' dir='ltr'><strong>είς</strong></span> <span class='ocrx_word' id='word_1_172' title='bbox 1308 2186 1462 2252; x_wconf 76' lang='grc' dir='ltr'>θεοὺς</span> <span class='ocrx_word' id='word_1_173' title='bbox 1498 2190 1766 2246; x_wconf 80' lang='grc' dir='ltr'>ἀνεπλάτ-</span> 
     </span>
    </p>
   </div>
   <div class='ocr_carea' id='block_1_24' title="bbox 185 2270 1763 2352">
    <p class='ocr_par' dir='ltr' id='par_1_24' title="bbox 185 2270 1763 2352">
     <span class='ocr_line' id='line_1_24' title="bbox 185 2270 1763 2352; baseline 0.01 -32"><span class='ocrx_word' id='word_1_174' title='bbox 185 2284 321 2322; x_wconf 84' lang='grc' dir='ltr'>τετο</span> <span class='ocrx_word' id='word_1_175' title='bbox 346 2284 359 2297; x_wconf 89' lang='grc'><strong>·</strong></span> <span class='ocrx_word' id='word_1_176' title='bbox 393 2270 544 2323; x_wconf 72' lang='grc' dir='ltr'>οὐδὲν</span> <span class='ocrx_word' id='word_1_177' title='bbox 565 2271 621 2324; x_wconf 76' lang='grc' dir='ltr'>δὲ</span> <span class='ocrx_word' id='word_1_178' title='bbox 652 2272 827 2327; x_wconf 84' lang='grc' dir='ltr'>κτίσιν</span> <span class='ocrx_word' id='word_1_179' title='bbox 870 2273 1012 2328; x_wconf 75' lang='grc' dir='ltr'>οὕτω</span> <span class='ocrx_word' id='word_1_180' title='bbox 1065 2275 1267 2345; x_wconf 77' lang='grc' dir='ltr'>μιαίνει</span> <span class='ocrx_word' id='word_1_181' title='bbox 1290 2278 1386 2331; x_wconf 75' lang='grc' dir='ltr'><strong>καὶ</strong></span> <span class='ocrx_word' id='word_1_182' title='bbox 1433 2278 1763 2352; x_wconf 79' lang='grc' dir='ltr'>κιδδηλεύει,</span> 
     </span>
    </p>
   </div>
   <div class='ocr_carea' id='block_1_25' title="bbox 187 2359 1764 2444">
    <p class='ocr_par' dir='ltr' id='par_1_25' title="bbox 187 2359 1764 2444">
     <span class='ocr_line' id='line_1_25' title="bbox 187 2359 1764 2444; baseline 0.01 -33"><span class='ocrx_word' id='word_1_183' title='bbox 187 2359 272 2422; x_wconf 85' lang='grc' dir='ltr'><strong>ὡς</strong></span> <span class='ocrx_word' id='word_1_184' title='bbox 293 2360 352 2412; x_wconf 86' lang='grc' dir='ltr'><strong>τὸ</strong></span> <span class='ocrx_word' id='word_1_185' title='bbox 392 2359 755 2416; x_wconf 86' lang='grc' dir='ltr'>θεοποιεῖσθαι</span> <span class='ocrx_word' id='word_1_186' title='bbox 806 2364 998 2436; x_wconf 82' lang='grc' dir='ltr'><strong>αὐτήν.</strong></span> <span class='ocrx_word' id='word_1_187' title='bbox 1047 2367 1310 2438; x_wconf 73' lang='grc' dir='ltr'>Εἰσῆλθεν</span> <span class='ocrx_word' id='word_1_188' title='bbox 1346 2371 1375 2424; x_wconf 82' lang='grc' dir='ltr'><strong>ὁ</strong></span> <span class='ocrx_word' id='word_1_189' title='bbox 1429 2372 1621 2444; x_wconf 79' lang='grc' dir='ltr'>Σωτὴρ</span> <span class='ocrx_word' id='word_1_190' title='bbox 1670 2373 1764 2427; x_wconf 78' lang='grc' dir='ltr'>τοῦ</span> 
     </span>
    </p>
   </div>
   <div class='ocr_carea' id='block_1_26' title="bbox 187 2450 1766 2535">
    <p class='ocr_par' dir='ltr' id='par_1_26' title="bbox 187 2450 1766 2535">
     <span class='ocr_line' id='line_1_26' title="bbox 187 2450 1766 2535; baseline 0.009 -31"><span class='ocrx_word' id='word_1_191' title='bbox 187 2450 403 2520; x_wconf 61' lang='grc' dir='ltr'>κόσμου</span> <span class='ocrx_word' id='word_1_192' title='bbox 430 2451 519 2504; x_wconf 73' lang='grc' dir='ltr'>διὰ</span> <span class='ocrx_word' id='word_1_193' title='bbox 554 2454 753 2524; x_wconf 77' lang='grc' dir='ltr'>σαρκὸς</span> <span class='ocrx_word' id='word_1_194' title='bbox 782 2456 840 2508; x_wconf 74' lang='grc' dir='ltr'>ὲν</span> <span class='ocrx_word' id='word_1_195' title='bbox 871 2458 1031 2529; x_wconf 74' lang='grc' dir='ltr'>αὐτῇ,</span> <span class='ocrx_word' id='word_1_196' title='bbox 1055 2459 1149 2513; x_wconf 68' lang='grc' dir='ltr'>καὶ</span> <span class='ocrx_word' id='word_1_197' title='bbox 1174 2460 1380 2531; x_wconf 83' lang='grc' dir='ltr'>ταύτην</span> <span class='ocrx_word' id='word_1_198' title='bbox 1407 2463 1516 2516; x_wconf 86' lang='grc' dir='ltr'><strong>τῶν</strong></span> <span class='ocrx_word' id='word_1_199' title='bbox 1554 2464 1766 2535; x_wconf 86' lang='grc' dir='ltr'>μυρίων</span> 
     </span>
    </p>
   </div>
   <div class='ocr_carea' id='block_1_27' title="bbox 186 2544 1766 2626">
    <p class='ocr_par' dir='ltr' id='par_1_27' title="bbox 186 2544 1766 2626">
     <span class='ocr_line' id='line_1_27' title="bbox 186 2544 1766 2626; baseline 0.009 -31"><span class='ocrx_word' id='word_1_200' title='bbox 186 2544 400 2597; x_wconf 85' lang='grc' dir='ltr'>τούτων</span> <span class='ocrx_word' id='word_1_201' title='bbox 424 2545 741 2611; x_wconf 79' lang='grc' dir='ltr'>ἀπαλλάξας</span> <span class='ocrx_word' id='word_1_202' title='bbox 768 2551 1093 2621; x_wconf 76' lang='grc' dir='ltr'>μιασμάτοιν</span> <span class='ocrx_word' id='word_1_203' title='bbox 1121 2552 1485 2616; x_wconf 69' lang='grc' dir='ltr'>ἀνεκαίνισε-ι,</span> <span class='ocrx_word' id='word_1_204' title='bbox 1506 2555 1640 2609; x_wconf 79' lang='grc' dir='ltr'>πολῦ</span> <span class='ocrx_word' id='word_1_205' title='bbox 1665 2574 1766 2626; x_wconf 83' lang='grc' dir='ltr'><strong>χα-</strong></span> 
     </span>
    </p>
   </div>
   <div class='ocr_carea' id='block_1_28' title="bbox 186 2635 1764 2718">
    <p class='ocr_par' dir='ltr' id='par_1_28' title="bbox 186 2635 1764 2718">
     <span class='ocr_line' id='line_1_28' title="bbox 186 2635 1764 2718; baseline 0.009 -31"><span class='ocrx_word' id='word_1_206' title='bbox 186 2635 521 2707; x_wconf 81' lang='grc' dir='ltr'>λεπωτέρων</span> <span class='ocrx_word' id='word_1_207' title='bbox 565 2638 597 2708; x_wconf 80' lang='grc' dir='ltr'>ἢ</span> <span class='ocrx_word' id='word_1_208' title='bbox 649 2644 969 2711; x_wconf 80' lang='grc' dir='ltr'>σωματικῆς</span> <span class='ocrx_word' id='word_1_209' title='bbox 1032 2642 1329 2715; x_wconf 76' lang='grc' dir='ltr'>διαφθορᾶς</span> <span class='ocrx_word' id='word_1_210' title='bbox 1390 2645 1764 2718; x_wconf 72' lang='grc' dir='ltr'>ἐλευθερώσας</span> 
     </span>
    </p>
   </div>
   <div class='ocr_carea' id='block_1_29' title="bbox 185 2728 1766 2813">
    <p class='ocr_par' dir='ltr' id='par_1_29' title="bbox 185 2728 1766 2813">
     <span class='ocr_line' id='line_1_29' title="bbox 185 2728 1766 2813; baseline 0.009 -32"><span class='ocrx_word' id='word_1_211' title='bbox 185 2728 363 2800; x_wconf 75' lang='grc' dir='ltr'>αὐτὴν</span> <span class='ocrx_word' id='word_1_212' title='bbox 412 2730 707 2786; x_wconf 80' lang='grc' dir='ltr'>κακώσεων</span> <span class='ocrx_word' id='word_1_213' title='bbox 762 2735 854 2787; x_wconf 76' lang='grc' dir='ltr'>καὶ</span> <span class='ocrx_word' id='word_1_214' title='bbox 888 2734 1101 2802; x_wconf 89' lang='grc' dir='ltr'>παθῶν,</span> <span class='ocrx_word' id='word_1_215' title='bbox 1152 2737 1490 2804; x_wconf 78' lang='grc' dir='ltr'>ἀνακαινίζει</span> <span class='ocrx_word' id='word_1_216' title='bbox 1540 2741 1627 2795; x_wconf 79' lang='grc' dir='ltr'><strong>διὰ</strong></span> <span class='ocrx_word' id='word_1_217' title='bbox 1668 2743 1766 2813; x_wconf 83' lang='grc' dir='ltr'><strong>τῆς</strong></span> 
     </span>
    </p>
   </div>
   <div class='ocr_carea' id='block_1_30' title="bbox 186 2819 1766 2900">
    <p class='ocr_par' dir='ltr' id='par_1_30' title="bbox 186 2819 1766 2900">
     <span class='ocr_line' id='line_1_30' title="bbox 186 2819 1766 2900; baseline 0.01 -29"><span class='ocrx_word' id='word_1_218' title='bbox 186 2819 417 2892; x_wconf 81' lang='grc' dir='ltr'>πρώτης</span> <span class='ocrx_word' id='word_1_219' title='bbox 440 2826 742 2893; x_wconf 83' lang='grc' dir='ltr'>παρουσίας</span> <span class='ocrx_word' id='word_1_220' title='bbox 759 2825 857 2896; x_wconf 79' lang='grc' dir='ltr'><strong>τὴν</strong></span> <span class='ocrx_word' id='word_1_221' title='bbox 891 2826 1066 2879; x_wconf 85' lang='grc' dir='ltr'>κτίσιν</span> <span class='ocrx_word' id='word_1_222' title='bbox 1091 2842 1106 2858; x_wconf 74' lang='grc' dir='ltr'><strong>ο</strong></span> <span class='ocrx_word' id='word_1_223' title='bbox 1143 2827 1230 2880; x_wconf 74' lang='grc' dir='ltr'>ἵνα</span> <span class='ocrx_word' id='word_1_224' title='bbox 1263 2829 1441 2900; x_wconf 76' lang='grc' dir='ltr'>μάθῃς</span> <span class='ocrx_word' id='word_1_225' title='bbox 1457 2872 1472 2895; x_wconf 95' lang='grc'><strong>,</strong></span> <span class='ocrx_word' id='word_1_226' title='bbox 1495 2832 1577 2885; x_wconf 83' lang='grc' dir='ltr'>ὅτι</span> <span class='ocrx_word' id='word_1_227' title='bbox 1601 2833 1766 2897; x_wconf 79' lang='grc' dir='ltr'>αὐτός</span> 
     </span>
    </p>
   </div>
   <div class='ocr_carea' id='block_1_31' title="bbox 192 2916 1768 2999">
    <p class='ocr_par' dir='ltr' id='par_1_31' title="bbox 192 2916 1768 2999">
     <span class='ocr_line' id='line_1_31' title="bbox 192 2916 1768 2999; baseline 0.009 -33"><span class='ocrx_word' id='word_1_228' title='bbox 192 2916 349 2967; x_wconf 71' lang='grc' dir='ltr'>ἐστιν</span> <span class='ocrx_word' id='word_1_229' title='bbox 375 2918 403 2968; x_wconf 90' lang='grc' dir='ltr'>ὁ</span> <span class='ocrx_word' id='word_1_230' title='bbox 440 2919 531 2969; x_wconf 76' lang='grc' dir='ltr'>καὶ</span> <span class='ocrx_word' id='word_1_231' title='bbox 561 2918 656 2970; x_wconf 84' lang='grc' dir='ltr'>ἀπ’</span> <span class='ocrx_word' id='word_1_232' title='bbox 704 2919 879 2989; x_wconf 85' lang='grc' dir='ltr'>ἀρχῆς</span> <span class='ocrx_word' id='word_1_233' title='bbox 912 2920 1082 2991; x_wconf 80' lang='grc' dir='ltr'>αὐτὴν</span> <span class='ocrx_word' id='word_1_234' title='bbox 1099 2922 1511 2995; x_wconf 80' lang='grc' dir='ltr'>δημιουργήσας</span> <span class='ocrx_word' id='word_1_235' title='bbox 1537 2943 1551 2958; x_wconf 73' lang='grc' dir='ltr'><em>υ</em></span> <span class='ocrx_word' id='word_1_236' title='bbox 1576 2926 1635 2979; x_wconf 78' lang='grc' dir='ltr'>οὐ</span> <span class='ocrx_word' id='word_1_237' title='bbox 1657 2926 1768 2999; x_wconf 80' lang='grc' dir='ltr'><strong>γὰρ</strong></span> 
     </span>
    </p>
   </div>
   <div class='ocr_carea' id='block_1_32' title="bbox 184 3006 1761 3083">
    <p class='ocr_par' dir='ltr' id='par_1_32' title="bbox 184 3006 1761 3083">
     <span class='ocr_line' id='line_1_32' title="bbox 184 3006 1761 3083; baseline 0.005 -22"><span class='ocrx_word' id='word_1_238' title='bbox 184 3006 355 3061; x_wconf 76' lang='grc' dir='ltr'>ἄλλου</span> <span class='ocrx_word' id='word_1_239' title='bbox 393 3008 490 3076; x_wconf 80' lang='grc' dir='ltr'>μὲν</span> <span class='ocrx_word' id='word_1_240' title='bbox 516 3008 741 3075; x_wconf 75' lang='grc' dir='ltr'>κτίζειν,</span> <span class='ocrx_word' id='word_1_241' title='bbox 783 3009 945 3064; x_wconf 80' lang='grc' dir='ltr'>ἄλλου</span> <span class='ocrx_word' id='word_1_242' title='bbox 976 3010 1031 3063; x_wconf 82' lang='grc' dir='ltr'>δὲ</span> <span class='ocrx_word' id='word_1_243' title='bbox 1065 3010 1454 3083; x_wconf 79' lang='grc' dir='ltr'>διαφθαρεῖσαν</span> <span class='ocrx_word' id='word_1_244' title='bbox 1477 3016 1761 3069; x_wconf 89' lang='grc' dir='ltr'>ἀνακαινί-</span> 
     </span>
    </p>
   </div>
   <div class='ocr_carea' id='block_1_33' title="bbox 188 3097 1765 3179">
    <p class='ocr_par' dir='ltr' id='par_1_33' title="bbox 188 3097 1765 3179">
     <span class='ocr_line' id='line_1_33' title="bbox 188 3097 1765 3179; baseline 0.003 -27"><span class='ocrx_word' id='word_1_245' title='bbox 188 3097 344 3161; x_wconf 69' lang='grc' dir='ltr'>ζειν*</span> <span class='ocrx_word' id='word_1_246' title='bbox 374 3097 506 3151; x_wconf 77' lang='grc' dir='ltr'><strong>ἀλλά</strong></span> <span class='ocrx_word' id='word_1_247' title='bbox 534 3100 632 3167; x_wconf 82' lang='grc' dir='ltr'><strong>τῆς</strong></span> <span class='ocrx_word' id='word_1_248' title='bbox 681 3100 851 3169; x_wconf 84' lang='grc' dir='ltr'><strong>αὐτῆς</strong></span> <span class='ocrx_word' id='word_1_249' title='bbox 887 3101 1146 3172; x_wconf 79' lang='grc' dir='ltr'>ἑκάτερον</span> <span class='ocrx_word' id='word_1_250' title='bbox 1189 3104 1382 3172; x_wconf 77' lang='grc' dir='ltr'>σοφίας</span> <span class='ocrx_word' id='word_1_251' title='bbox 1419 3105 1515 3159; x_wconf 67' lang='grc' dir='ltr'><strong>καὶ</strong></span> <span class='ocrx_word' id='word_1_252' title='bbox 1550 3106 1765 3179; x_wconf 81' lang='grc' dir='ltr'>τέχνης,</span> 
     </span>
    </p>
   </div>
   <div class='ocr_carea' id='block_1_34' title="bbox 1866 634 3431 706">
    <p class='ocr_par' dir='ltr' id='par_1_34' title="bbox 1866 634 3431 706">
     <span class='ocr_line' id='line_1_34' title="bbox 1866 634 3431 706; baseline -0.001 -18"><span class='ocrx_word' id='word_1_253' title='bbox 1866 642 2007 689; x_wconf 88' lang='lat' dir='ltr'><strong>ctam</strong></span> <span class='ocrx_word' id='word_1_254' title='bbox 2059 644 2115 689; x_wconf 92' lang='lat' dir='ltr'><strong>et</strong></span> <span class='ocrx_word' id='word_1_255' title='bbox 2155 636 2491 705; x_wconf 86' lang='lat' dir='ltr'><strong>indignatam</strong></span> <span class='ocrx_word' id='word_1_256' title='bbox 2545 651 2685 701; x_wconf 88' lang='lat' dir='ltr'><strong>esse,</strong></span> <span class='ocrx_word' id='word_1_257' title='bbox 2724 636 2953 706; x_wconf 83' lang='lat' dir='ltr'><strong>ideoque</strong></span> <span class='ocrx_word' id='word_1_258' title='bbox 3005 634 3169 689; x_wconf 88' lang='lat' dir='ltr'><strong>etiam</strong></span> <span class='ocrx_word' id='word_1_259' title='bbox 3205 636 3431 689; x_wconf 91' lang='lat' dir='ltr'><strong>invitam</strong></span> 
     </span>
    </p>
   </div>
   <div class='ocr_carea' id='block_1_35' title="bbox 1864 724 3433 797">
    <p class='ocr_par' dir='ltr' id='par_1_35' title="bbox 1864 724 3433 797">
     <span class='ocr_line' id='line_1_35' title="bbox 1864 724 3433 797; baseline -0.001 -18"><span class='ocrx_word' id='word_1_260' title='bbox 1864 724 2197 795; x_wconf 88' lang='lat' dir='ltr'><strong>delinquenti</strong></span> <span class='ocrx_word' id='word_1_261' title='bbox 2245 726 2552 781; x_wconf 84' lang='lat' dir='ltr'><strong>necessaria</strong></span> <span class='ocrx_word' id='word_1_262' title='bbox 2581 726 2979 797; x_wconf 84' lang='lat' dir='ltr'><strong>suppeditasse,</strong></span> <span class='ocrx_word' id='word_1_263' title='bbox 3007 734 3062 780; x_wconf 91' lang='lat' dir='ltr'><strong>et</strong></span> <span class='ocrx_word' id='word_1_264' title='bbox 3095 725 3433 791; x_wconf 70' lang='lat' dir='ltr'><strong>inserviisse,</strong></span> 
     </span>
    </p>
   </div>
   <div class='ocr_carea' id='block_1_36' title="bbox 1868 818 3433 889">
    <p class='ocr_par' dir='ltr' id='par_1_36' title="bbox 1868 818 3433 889">
     <span class='ocr_line' id='line_1_36' title="bbox 1868 818 3433 889; baseline -0.001 -17"><span class='ocrx_word' id='word_1_265' title='bbox 1868 818 2074 887; x_wconf 87' lang='lat' dir='ltr'><strong>angelis</strong></span> <span class='ocrx_word' id='word_1_266' title='bbox 2100 833 2316 889; x_wconf 84' lang='lat' dir='ltr'><strong>quoque</strong></span> <span class='ocrx_word' id='word_1_267' title='bbox 2362 819 2637 888; x_wconf 85' lang='lat' dir='ltr'><strong>ingratum</strong></span> <span class='ocrx_word' id='word_1_268' title='bbox 2698 819 2965 874; x_wconf 86' lang='lat' dir='ltr'><strong>adversus</strong></span> <span class='ocrx_word' id='word_1_269' title='bbox 3015 818 3274 873; x_wconf 80' lang='lat' dir='ltr'><strong>beneficia</strong></span> <span class='ocrx_word' id='word_1_270' title='bbox 3310 819 3433 872; x_wconf 89' lang='lat' dir='ltr'><strong>ani-</strong></span> 
     </span>
    </p>
   </div>
   <div class='ocr_carea' id='block_1_37' title="bbox 1866 908 3433 979">
    <p class='ocr_par' dir='ltr' id='par_1_37' title="bbox 1866 908 3433 979">
     <span class='ocr_line' id='line_1_37' title="bbox 1866 908 3433 979; baseline 0.001 -18"><span class='ocrx_word' id='word_1_271' title='bbox 1866 924 2012 963; x_wconf 91' lang='lat' dir='ltr'><strong>mum</strong></span> <span class='ocrx_word' id='word_1_272' title='bbox 2032 910 2261 965; x_wconf 89' lang='lat' dir='ltr'><strong>moleste</strong></span> <span class='ocrx_word' id='word_1_273' title='bbox 2283 909 2601 975; x_wconf 86' lang='lat' dir='ltr'><strong>ferentibus,</strong></span> <span class='ocrx_word' id='word_1_274' title='bbox 2628 918 2853 979; x_wconf 90' lang='lat' dir='ltr'><strong>totoque</strong></span> <span class='ocrx_word' id='word_1_275' title='bbox 2885 909 3087 963; x_wconf 87' lang='lat' dir='ltr'><strong>mundo</strong></span> <span class='ocrx_word' id='word_1_276' title='bbox 3110 925 3206 979; x_wconf 90' lang='lat' dir='ltr'><strong>per</strong></span> <span class='ocrx_word' id='word_1_277' title='bbox 3233 908 3433 978; x_wconf 87' lang='lat' dir='ltr'><strong>flagitia</strong></span> 
     </span>
    </p>
   </div>
   <div class='ocr_carea' id='block_1_38' title="bbox 1864 1002 3435 1071">
    <p class='ocr_par' dir='ltr' id='par_1_38' title="bbox 1864 1002 3435 1071">
     <span class='ocr_line' id='line_1_38' title="bbox 1864 1002 3435 1071; baseline 0 -16"><span class='ocrx_word' id='word_1_278' title='bbox 1864 1011 2142 1069; x_wconf 86' lang='lat' dir='ltr'><strong>corrupto.</strong></span> <span class='ocrx_word' id='word_1_279' title='bbox 2182 1022 2201 1053; x_wconf 81' lang='grc' dir='ltr'><strong>ι</strong></span> <span class='ocrx_word' id='word_1_280' title='bbox 2240 1003 2382 1057; x_wconf 77' lang='lat' dir='ltr'><strong>Deus</strong></span> <span class='ocrx_word' id='word_1_281' title='bbox 2407 1003 2579 1067; x_wconf 89' lang='lat' dir='ltr'><strong>enim,</strong></span> <span class='ocrx_word' id='word_1_282' title='bbox 2611 1002 2809 1071; x_wconf 88' lang='lat' dir='ltr'><strong>inquit,</strong></span> <span class='ocrx_word' id='word_1_283' title='bbox 2840 1002 2977 1056; x_wconf 84' lang='lat' dir='ltr'><strong>vidit</strong></span> <span class='ocrx_word' id='word_1_284' title='bbox 2999 1011 3196 1056; x_wconf 82' lang='lat' dir='ltr'><strong>terram</strong></span> <span class='ocrx_word' id='word_1_285' title='bbox 3239 1017 3435 1057; x_wconf 88' lang='lat' dir='ltr'><strong>corru-</strong></span> 
     </span>
    </p>
   </div>
   <div class='ocr_carea' id='block_1_39' title="bbox 1865 1093 3429 1164">
    <p class='ocr_par' dir='ltr' id='par_1_39' title="bbox 1865 1093 3429 1164">
     <span class='ocr_line' id='line_1_39' title="bbox 1865 1093 3429 1164; baseline 0 -17"><span class='ocrx_word' id='word_1_286' title='bbox 1865 1101 2033 1162; x_wconf 84' lang='lat' dir='ltr'><strong>ptam,</strong></span> <span class='ocrx_word' id='word_1_287' title='bbox 2065 1093 2209 1162; x_wconf 86' lang='lat' dir='ltr'><strong>quod</strong></span> <span class='ocrx_word' id='word_1_288' title='bbox 2238 1109 2370 1149; x_wconf 91' lang='lat' dir='ltr'><strong>caro</strong></span> <span class='ocrx_word' id='word_1_289' title='bbox 2398 1096 2578 1149; x_wconf 91' lang='lat' dir='ltr'><strong>omnis</strong></span> <span class='ocrx_word' id='word_1_290' title='bbox 2624 1096 2763 1149; x_wconf 77' lang='lat' dir='ltr'><strong>viam</strong></span> <span class='ocrx_word' id='word_1_291' title='bbox 2794 1110 2947 1149; x_wconf 85' lang='lat' dir='ltr'><strong>suam</strong></span> <span class='ocrx_word' id='word_1_292' title='bbox 2972 1104 3293 1164; x_wconf 90' lang='lat' dir='ltr'><strong>corruperat</strong></span> <span class='ocrx_word' id='word_1_293' title='bbox 3314 1096 3376 1147; x_wconf 82' lang='lat'><strong>&quot;.</strong></span> <span class='ocrx_word' id='word_1_294' title='bbox 3409 1112 3429 1147; x_wconf 80' lang='grc' dir='ltr'><strong>ι</strong></span> 
     </span>
    </p>
   </div>
   <div class='ocr_carea' id='block_1_40' title="bbox 1868 1185 3434 1256">
    <p class='ocr_par' dir='ltr' id='par_1_40' title="bbox 1868 1185 3434 1256">
     <span class='ocr_line' id='line_1_40' title="bbox 1868 1185 3434 1256; baseline -0.001 -16"><span class='ocrx_word' id='word_1_295' title='bbox 1868 1186 1983 1240; x_wconf 83' lang='lat' dir='ltr'><strong>Non</strong></span> <span class='ocrx_word' id='word_1_296' title='bbox 2010 1195 2127 1241; x_wconf 84' lang='lat' dir='ltr'><strong>erat</strong></span> <span class='ocrx_word' id='word_1_297' title='bbox 2154 1196 2403 1242; x_wconf 81' lang='lat' dir='ltr'><strong>creatura</strong></span> <span class='ocrx_word' id='word_1_298' title='bbox 2431 1187 2647 1256; x_wconf 89' lang='lat' dir='ltr'><strong>qualem</strong></span> <span class='ocrx_word' id='word_1_299' title='bbox 2685 1185 2828 1239; x_wconf 85' lang='lat' dir='ltr'><strong>illam</strong></span> <span class='ocrx_word' id='word_1_300' title='bbox 2860 1186 2929 1240; x_wconf 89' lang='lat' dir='ltr'><strong>ab</strong></span> <span class='ocrx_word' id='word_1_301' title='bbox 2960 1185 3117 1239; x_wconf 90' lang='lat' dir='ltr'><strong>initio</strong></span> <span class='ocrx_word' id='word_1_302' title='bbox 3169 1185 3434 1240; x_wconf 80' lang='lat' dir='ltr'><strong>condide-</strong></span> 
     </span>
    </p>
   </div>
   <div class='ocr_carea' id='block_1_41' title="bbox 1869 1276 3434 1345">
    <p class='ocr_par' dir='ltr' id='par_1_41' title="bbox 1869 1276 3434 1345">
     <span class='ocr_line' id='line_1_41' title="bbox 1869 1276 3434 1345; baseline 0 -15"><span class='ocrx_word' id='word_1_303' title='bbox 1869 1284 1951 1330; x_wconf 90' lang='lat' dir='ltr'><strong>rat</strong></span> <span class='ocrx_word' id='word_1_304' title='bbox 1980 1276 2142 1332; x_wconf 83' lang='lat' dir='ltr'><strong>Deus.</strong></span> <span class='ocrx_word' id='word_1_305' title='bbox 2193 1278 2405 1333; x_wconf 64' lang='lat' dir='ltr'><strong>Caelum</strong></span> <span class='ocrx_word' id='word_1_306' title='bbox 2458 1292 2565 1331; x_wconf 94' lang='lat' dir='ltr'><strong>non</strong></span> <span class='ocrx_word' id='word_1_307' title='bbox 2591 1315 2607 1339; x_wconf 87' lang='lat'><strong><em>.</em></strong></span> <span class='ocrx_word' id='word_1_308' title='bbox 2676 1286 2736 1330; x_wconf 92' lang='lat' dir='ltr'><strong>ut</strong></span> <span class='ocrx_word' id='word_1_309' title='bbox 2764 1276 2915 1338; x_wconf 90' lang='lat' dir='ltr'><strong>olim,</strong></span> <span class='ocrx_word' id='word_1_310' title='bbox 2958 1276 3078 1330; x_wconf 83' lang='lat' dir='ltr'><strong>sine</strong></span> <span class='ocrx_word' id='word_1_311' title='bbox 3100 1276 3220 1331; x_wconf 88' lang='lat' dir='ltr'><strong>labe</strong></span> <span class='ocrx_word' id='word_1_312' title='bbox 3252 1277 3434 1345; x_wconf 91' lang='lat' dir='ltr'><strong>aliqua</strong></span> 
     </span>
    </p>
   </div>
   <div class='ocr_carea' id='block_1_42' title="bbox 1868 1365 3437 1433">
    <p class='ocr_par' dir='ltr' id='par_1_42' title="bbox 1868 1365 3437 1433">
     <span class='ocr_line' id='line_1_42' title="bbox 1868 1365 3437 1433; baseline -0.002 -11"><span class='ocrx_word' id='word_1_313' title='bbox 1868 1367 2032 1422; x_wconf 83' lang='lat' dir='ltr'><strong>astris</strong></span> <span class='ocrx_word' id='word_1_314' title='bbox 2062 1368 2297 1422; x_wconf 84' lang='lat' dir='ltr'><strong>micabat</strong></span> <span class='ocrx_word' id='word_1_315' title='bbox 2325 1387 2337 1422; x_wconf 90' lang='lat'>:</span> <span class='ocrx_word' id='word_1_316' title='bbox 2366 1376 2508 1423; x_wconf 88' lang='lat' dir='ltr'><strong>terra</strong></span> <span class='ocrx_word' id='word_1_317' title='bbox 2539 1382 2668 1433; x_wconf 90' lang='lat' dir='ltr'><strong>non,</strong></span> <span class='ocrx_word' id='word_1_318' title='bbox 2704 1376 2762 1421; x_wconf 89' lang='lat' dir='ltr'><strong>ut</strong></span> <span class='ocrx_word' id='word_1_319' title='bbox 2790 1367 2944 1429; x_wconf 89' lang='lat' dir='ltr'><strong>olim,</strong></span> <span class='ocrx_word' id='word_1_320' title='bbox 2980 1365 3189 1422; x_wconf 89' lang='lat' dir='ltr'><strong>fructus</strong></span> <span class='ocrx_word' id='word_1_321' title='bbox 3212 1368 3437 1421; x_wconf 80' lang='lat' dir='ltr'><strong>inteme-</strong></span> 
     </span>
    </p>
   </div>
   <div class='ocr_carea' id='block_1_43' title="bbox 1871 1458 3433 1527">
    <p class='ocr_par' dir='ltr' id='par_1_43' title="bbox 1871 1458 3433 1527">
     <span class='ocr_line' id='line_1_43' title="bbox 1871 1458 3433 1527; baseline 0 -16"><span class='ocrx_word' id='word_1_322' title='bbox 1871 1468 2017 1514; x_wconf 85' lang='lat' dir='ltr'><strong>ratns</strong></span> <span class='ocrx_word' id='word_1_323' title='bbox 2066 1458 2373 1514; x_wconf 77' lang='lat' dir='ltr'><strong>inferebat:</strong></span> <span class='ocrx_word' id='word_1_324' title='bbox 2437 1474 2543 1513; x_wconf 93' lang='lat' dir='ltr'><strong>non</strong></span> <span class='ocrx_word' id='word_1_325' title='bbox 2576 1473 2747 1523; x_wconf 90' lang='lat' dir='ltr'><strong>mare,</strong></span> <span class='ocrx_word' id='word_1_326' title='bbox 2800 1474 2909 1513; x_wconf 90' lang='lat' dir='ltr'><strong>non</strong></span> <span class='ocrx_word' id='word_1_327' title='bbox 2937 1458 3083 1512; x_wconf 89' lang='lat' dir='ltr'><strong>aliud</strong></span> <span class='ocrx_word' id='word_1_328' title='bbox 3110 1458 3433 1527; x_wconf 85' lang='lat' dir='ltr'><strong>quidquam,</strong></span> 
     </span>
    </p>
   </div>
   <div class='ocr_carea' id='block_1_44' title="bbox 1870 1546 3434 1617">
    <p class='ocr_par' dir='ltr' id='par_1_44' title="bbox 1870 1546 3434 1617">
     <span class='ocr_line' id='line_1_44' title="bbox 1870 1546 3434 1617; baseline 0 -16"><span class='ocrx_word' id='word_1_329' title='bbox 1870 1549 2012 1617; x_wconf 89' lang='lat' dir='ltr'><strong>quod</strong></span> <span class='ocrx_word' id='word_1_330' title='bbox 2043 1548 2180 1603; x_wconf 89' lang='lat' dir='ltr'><strong>inter</strong></span> <span class='ocrx_word' id='word_1_331' title='bbox 2207 1557 2487 1603; x_wconf 86' lang='lat' dir='ltr'><strong>creaturas</strong></span> <span class='ocrx_word' id='word_1_332' title='bbox 2533 1548 2942 1603; x_wconf 86' lang='lat' dir='ltr'><strong>numerabatur.</strong></span> <span class='ocrx_word' id='word_1_333' title='bbox 3003 1546 3262 1602; x_wconf 87' lang='lat' dir='ltr'><strong>Peccator</strong></span> <span class='ocrx_word' id='word_1_334' title='bbox 3290 1548 3434 1601; x_wconf 77' lang='lat' dir='ltr'><strong>enim</strong></span> 
     </span>
    </p>
   </div>
   <div class='ocr_carea' id='block_1_45' title="bbox 1871 1638 3437 1710">
    <p class='ocr_par' dir='ltr' id='par_1_45' title="bbox 1871 1638 3437 1710">
     <span class='ocr_line' id='line_1_45' title="bbox 1871 1638 3437 1710; baseline 0 -17"><span class='ocrx_word' id='word_1_335' title='bbox 1871 1640 2149 1710; x_wconf 82' lang='lat' dir='ltr'><strong>ingressus</strong></span> <span class='ocrx_word' id='word_1_336' title='bbox 2198 1654 2318 1694; x_wconf 87' lang='lat' dir='ltr'><strong>eam</strong></span> <span class='ocrx_word' id='word_1_337' title='bbox 2367 1638 2677 1709; x_wconf 84' lang='lat' dir='ltr'><strong>polluebat.</strong></span> <span class='ocrx_word' id='word_1_338' title='bbox 2726 1648 2781 1694; x_wconf 88' lang='lat' dir='ltr'><strong>et</strong></span> <span class='ocrx_word' id='word_1_339' title='bbox 2822 1640 3007 1693; x_wconf 85' lang='lat' dir='ltr'><strong>omnia</strong></span> <span class='ocrx_word' id='word_1_340' title='bbox 3058 1639 3437 1708; x_wconf 88' lang='lat' dir='ltr'><strong>blaspbemiis,</strong></span> 
     </span>
    </p>
   </div>
   <div class='ocr_carea' id='block_1_46' title="bbox 1870 1728 3435 1801">
    <p class='ocr_par' dir='ltr' id='par_1_46' title="bbox 1870 1728 3435 1801">
     <span class='ocr_line' id='line_1_46' title="bbox 1870 1728 3435 1801; baseline -0.001 -15"><span class='ocrx_word' id='word_1_341' title='bbox 1870 1731 2225 1801; x_wconf 86' lang='lat' dir='ltr'><strong>turpibusque</strong></span> <span class='ocrx_word' id='word_1_342' title='bbox 2250 1738 2304 1785; x_wconf 90' lang='lat' dir='ltr'><strong>et</strong></span> <span class='ocrx_word' id='word_1_343' title='bbox 2336 1728 2446 1784; x_wconf 89' lang='lat' dir='ltr'><strong>Deo</strong></span> <span class='ocrx_word' id='word_1_344' title='bbox 2478 1730 2727 1786; x_wconf 83' lang='lat' dir='ltr'><strong>adversis</strong></span> <span class='ocrx_word' id='word_1_345' title='bbox 2752 1730 2997 1795; x_wconf 85' lang='lat' dir='ltr'><strong>vocibus,</strong></span> <span class='ocrx_word' id='word_1_346' title='bbox 3033 1729 3275 1786; x_wconf 65' lang='lat' dir='ltr'><strong>caedibus</strong></span> <span class='ocrx_word' id='word_1_347' title='bbox 3309 1732 3435 1786; x_wconf 86' lang='lat' dir='ltr'><strong>item</strong></span> 
     </span>
    </p>
   </div>
   <div class='ocr_carea' id='block_1_47' title="bbox 1872 1819 3438 1891">
    <p class='ocr_par' dir='ltr' id='par_1_47' title="bbox 1872 1819 3438 1891">
     <span class='ocr_line' id='line_1_47' title="bbox 1872 1819 3438 1891; baseline 0 -14"><span class='ocrx_word' id='word_1_348' title='bbox 1872 1832 2090 1886; x_wconf 90' lang='lat' dir='ltr'><strong>terram,</strong></span> <span class='ocrx_word' id='word_1_349' title='bbox 2117 1821 2307 1891; x_wconf 76' lang='lat' dir='ltr'><strong>piratis</strong></span> <span class='ocrx_word' id='word_1_350' title='bbox 2358 1829 2413 1875; x_wconf 90' lang='lat' dir='ltr'><strong>et</strong></span> <span class='ocrx_word' id='word_1_351' title='bbox 2440 1819 2783 1891; x_wconf 61' lang='lat' dir='ltr'><strong>praedonibus</strong></span> <span class='ocrx_word' id='word_1_352' title='bbox 2810 1837 2984 1885; x_wconf 85' lang='lat' dir='ltr'><strong>mare,</strong></span> <span class='ocrx_word' id='word_1_353' title='bbox 3020 1821 3198 1876; x_wconf 84' lang='lat' dir='ltr'><strong>fontes</strong></span> <span class='ocrx_word' id='word_1_354' title='bbox 3243 1832 3298 1876; x_wconf 88' lang='lat' dir='ltr'><strong>et</strong></span> <span class='ocrx_word' id='word_1_355' title='bbox 3334 1822 3438 1877; x_wconf 78' lang='grc' dir='ltr'>ηυ-</span> 
     </span>
    </p>
   </div>
   <div class='ocr_carea' id='block_1_48' title="bbox 1870 1907 3437 1989">
    <p class='ocr_par' dir='ltr' id='par_1_48' title="bbox 1870 1907 3437 1989">
     <span class='ocr_line' id='line_1_48' title="bbox 1870 1907 3437 1989; baseline 0.002 -26"><span class='ocrx_word' id='word_1_356' title='bbox 1870 1909 1986 1989; x_wconf 69' lang='lat' dir='ltr'><strong>vios</strong></span> <span class='ocrx_word' id='word_1_357' title='bbox 2035 1907 2379 1972; x_wconf 88' lang='lat' dir='ltr'><strong>idololatriis,</strong></span> <span class='ocrx_word' id='word_1_358' title='bbox 2417 1908 2482 1963; x_wconf 89' lang='lat' dir='ltr'><strong>ad</strong></span> <span class='ocrx_word' id='word_1_359' title='bbox 2542 1910 2810 1979; x_wconf 80' lang='lat' dir='ltr'><strong>nymphas</strong></span> <span class='ocrx_word' id='word_1_360' title='bbox 2857 1920 2914 1965; x_wconf 89' lang='lat' dir='ltr'><strong>et</strong></span> <span class='ocrx_word' id='word_1_361' title='bbox 2947 1911 3225 1966; x_wconf 67' lang='lat' dir='ltr'><strong>daemonas</strong></span> <span class='ocrx_word' id='word_1_362' title='bbox 3255 1913 3437 1966; x_wconf 91' lang='lat' dir='ltr'><strong>omnia</strong></span> 
     </span>
    </p>
   </div>
   <div class='ocr_carea' id='block_1_49' title="bbox 1868 1998 3440 2067">
    <p class='ocr_par' dir='ltr' id='par_1_49' title="bbox 1868 1998 3440 2067">
     <span class='ocr_line' id='line_1_49' title="bbox 1868 1998 3440 2067; baseline 0.003 -13"><span class='ocrx_word' id='word_1_363' title='bbox 1868 1998 2175 2065; x_wconf 88' lang='lat' dir='ltr'><strong>referendo,</strong></span> <span class='ocrx_word' id='word_1_364' title='bbox 2207 2000 2479 2056; x_wconf 86' lang='lat' dir='ltr'><strong>turbabat.</strong></span> <span class='ocrx_word' id='word_1_365' title='bbox 2516 2000 2651 2056; x_wconf 85' lang='lat' dir='ltr'><strong>Tota</strong></span> <span class='ocrx_word' id='word_1_366' title='bbox 2681 2011 2953 2067; x_wconf 83' lang='lat' dir='ltr'><strong>creatura,</strong></span> <span class='ocrx_word' id='word_1_367' title='bbox 3022 2002 3091 2056; x_wconf 89' lang='lat' dir='ltr'><strong>ab</strong></span> <span class='ocrx_word' id='word_1_368' title='bbox 3124 2003 3440 2059; x_wconf 83' lang='lat' dir='ltr'><strong>hominibus</strong></span> 
     </span>
    </p>
   </div>
   <div class='ocr_carea' id='block_1_50' title="bbox 1870 2088 3440 2160">
    <p class='ocr_par' dir='ltr' id='par_1_50' title="bbox 1870 2088 3440 2160">
     <span class='ocr_line' id='line_1_50' title="bbox 1870 2088 3440 2160; baseline 0.001 -19"><span class='ocrx_word' id='word_1_369' title='bbox 1870 2090 1922 2143; x_wconf 88' lang='lat' dir='ltr'><strong>in</strong></span> <span class='ocrx_word' id='word_1_370' title='bbox 1987 2088 2237 2144; x_wconf 84' lang='lat' dir='ltr'><strong>deastros</strong></span> <span class='ocrx_word' id='word_1_371' title='bbox 2261 2088 2701 2144; x_wconf 85' lang='lat' dir='ltr'><strong>convertebatur.</strong></span> <span class='ocrx_word' id='word_1_372' title='bbox 2754 2088 2898 2143; x_wconf 79' lang='lat' dir='ltr'><strong>Nihil</strong></span> <span class='ocrx_word' id='word_1_373' title='bbox 2946 2105 3074 2145; x_wconf 87' lang='lat' dir='ltr'><strong>vero</strong></span> <span class='ocrx_word' id='word_1_374' title='bbox 3120 2100 3239 2154; x_wconf 84' lang='lat' dir='ltr'><strong>est,</strong></span> <span class='ocrx_word' id='word_1_375' title='bbox 3294 2094 3440 2160; x_wconf 87' lang='lat' dir='ltr'><strong>quod</strong></span> 
     </span>
    </p>
   </div>
   <div class='ocr_carea' id='block_1_51' title="bbox 1866 2181 3439 2252">
    <p class='ocr_par' dir='ltr' id='par_1_51' title="bbox 1866 2181 3439 2252">
     <span class='ocr_line' id='line_1_51' title="bbox 1866 2181 3439 2252; baseline 0.003 -18"><span class='ocrx_word' id='word_1_376' title='bbox 1866 2190 2169 2235; x_wconf 83' lang='lat' dir='ltr'><strong>creaturam</strong></span> <span class='ocrx_word' id='word_1_377' title='bbox 2196 2182 2334 2237; x_wconf 86' lang='lat' dir='ltr'><strong>adeo</strong></span> <span class='ocrx_word' id='word_1_378' title='bbox 2360 2181 2564 2251; x_wconf 84' lang='lat' dir='ltr'><strong>polluat</strong></span> <span class='ocrx_word' id='word_1_379' title='bbox 2609 2192 2663 2237; x_wconf 86' lang='lat' dir='ltr'><strong>et</strong></span> <span class='ocrx_word' id='word_1_380' title='bbox 2687 2181 2978 2246; x_wconf 87' lang='lat' dir='ltr'><strong>adulteret,</strong></span> <span class='ocrx_word' id='word_1_381' title='bbox 3029 2198 3192 2252; x_wconf 87' lang='lat' dir='ltr'><strong>quam</strong></span> <span class='ocrx_word' id='word_1_382' title='bbox 3242 2184 3291 2239; x_wconf 90' lang='lat' dir='ltr'><strong>si</strong></span> <span class='ocrx_word' id='word_1_383' title='bbox 3342 2183 3439 2239; x_wconf 89' lang='lat' dir='ltr'><strong>Dei</strong></span> 
     </span>
    </p>
   </div>
   <div class='ocr_carea' id='block_1_52' title="bbox 1867 2271 3439 2346">
    <p class='ocr_par' dir='ltr' id='par_1_52' title="bbox 1867 2271 3439 2346">
     <span class='ocr_line' id='line_1_52' title="bbox 1867 2271 3439 2346; baseline 0.003 -19"><span class='ocrx_word' id='word_1_384' title='bbox 1867 2272 1987 2328; x_wconf 91' lang='lat' dir='ltr'><strong>loco</strong></span> <span class='ocrx_word' id='word_1_385' title='bbox 2010 2272 2291 2329; x_wconf 86' lang='lat' dir='ltr'><strong>habeatur.</strong></span> <span class='ocrx_word' id='word_1_386' title='bbox 2320 2271 2581 2329; x_wconf 80' lang='lat' dir='ltr'><strong>Scrvator</strong></span> <span class='ocrx_word' id='word_1_387' title='bbox 2607 2276 2757 2331; x_wconf 86' lang='lat' dir='ltr'><strong>orbis</strong></span> <span class='ocrx_word' id='word_1_388' title='bbox 2782 2292 2877 2346; x_wconf 88' lang='lat' dir='ltr'><strong>per</strong></span> <span class='ocrx_word' id='word_1_389' title='bbox 2906 2292 3122 2332; x_wconf 91' lang='lat' dir='ltr'><strong>carnem</strong></span> <span class='ocrx_word' id='word_1_390' title='bbox 3159 2278 3439 2346; x_wconf 74' lang='lat' dir='ltr'><strong>ingressus</strong></span> 
     </span>
    </p>
   </div>
   <div class='ocr_carea' id='block_1_53' title="bbox 1866 2365 3438 2436">
    <p class='ocr_par' dir='ltr' id='par_1_53' title="bbox 1866 2365 3438 2436">
     <span class='ocr_line' id='line_1_53' title="bbox 1866 2365 3438 2436; baseline 0.002 -16"><span class='ocrx_word' id='word_1_391' title='bbox 1866 2380 1986 2420; x_wconf 87' lang='lat' dir='ltr'><strong>eam</strong></span> <span class='ocrx_word' id='word_1_392' title='bbox 2015 2365 2371 2432; x_wconf 87' lang='lat' dir='ltr'><strong>(creaturam)</strong></span> <span class='ocrx_word' id='word_1_393' title='bbox 2418 2373 2525 2427; x_wconf 88' lang='lat' dir='ltr'><strong>est.</strong></span> <span class='ocrx_word' id='word_1_394' title='bbox 2576 2380 2828 2436; x_wconf 82' lang='lat' dir='ltr'><strong>eamque,</strong></span> <span class='ocrx_word' id='word_1_395' title='bbox 2880 2368 3089 2423; x_wconf 87' lang='lat' dir='ltr'><strong>inllnita</strong></span> <span class='ocrx_word' id='word_1_396' title='bbox 3143 2369 3265 2424; x_wconf 88' lang='lat' dir='ltr'><strong>labe</strong></span> <span class='ocrx_word' id='word_1_397' title='bbox 3317 2385 3438 2435; x_wconf 89' lang='lat' dir='ltr'><strong>sua,</strong></span> 
     </span>
    </p>
   </div>
   <div class='ocr_carea' id='block_1_54' title="bbox 1865 2454 3434 2525">
    <p class='ocr_par' dir='ltr' id='par_1_54' title="bbox 1865 2454 3434 2525">
     <span class='ocr_line' id='line_1_54' title="bbox 1865 2454 3434 2525; baseline 0.004 -18"><span class='ocrx_word' id='word_1_398' title='bbox 1865 2470 1987 2525; x_wconf 68' lang='lat' dir='ltr'><strong>qua:</strong></span> <span class='ocrx_word' id='word_1_399' title='bbox 2022 2454 2169 2509; x_wconf 90' lang='lat' dir='ltr'><strong>omni</strong></span> <span class='ocrx_word' id='word_1_400' title='bbox 2203 2455 2549 2523; x_wconf 85' lang='lat' dir='ltr'><strong>corruptione</strong></span> <span class='ocrx_word' id='word_1_401' title='bbox 2581 2471 2842 2525; x_wconf 89' lang='lat' dir='ltr'><strong>corporea</strong></span> <span class='ocrx_word' id='word_1_402' title='bbox 2876 2457 3094 2525; x_wconf 82' lang='lat' dir='ltr'><strong>gravior</strong></span> <span class='ocrx_word' id='word_1_403' title='bbox 3122 2467 3227 2523; x_wconf 89' lang='lat' dir='ltr'><strong>est,</strong></span> <span class='ocrx_word' id='word_1_404' title='bbox 3294 2459 3434 2513; x_wconf 85' lang='lat' dir='ltr'><strong>libe-</strong></span> 
     </span>
    </p>
   </div>
   <div class='ocr_carea' id='block_1_55' title="bbox 1868 2546 3441 2616">
    <p class='ocr_par' dir='ltr' id='par_1_55' title="bbox 1868 2546 3441 2616">
     <span class='ocr_line' id='line_1_55' title="bbox 1868 2546 3441 2616; baseline 0.004 -17"><span class='ocrx_word' id='word_1_405' title='bbox 1868 2556 2040 2600; x_wconf 88' lang='lat' dir='ltr'><strong>ratam</strong></span> <span class='ocrx_word' id='word_1_406' title='bbox 2069 2546 2369 2611; x_wconf 83' lang='lat' dir='ltr'><strong>renovavit,</strong></span> <span class='ocrx_word' id='word_1_407' title='bbox 2400 2547 2690 2616; x_wconf 83' lang='lat' dir='ltr'><strong>multisque</strong></span> <span class='ocrx_word' id='word_1_408' title='bbox 2719 2549 3123 2604; x_wconf 89' lang='lat' dir='ltr'><strong>calamitatibus</strong></span> <span class='ocrx_word' id='word_1_409' title='bbox 3173 2560 3227 2605; x_wconf 86' lang='lat' dir='ltr'><strong>et</strong></span> <span class='ocrx_word' id='word_1_410' title='bbox 3283 2551 3441 2605; x_wconf 90' lang='lat' dir='ltr'><strong>malis</strong></span> 
     </span>
    </p>
   </div>
   <div class='ocr_carea' id='block_1_56' title="bbox 1865 2637 3443 2707">
    <p class='ocr_par' dir='ltr' id='par_1_56' title="bbox 1865 2637 3443 2707">
     <span class='ocr_line' id='line_1_56' title="bbox 1865 2637 3443 2707; baseline 0.004 -16"><span class='ocrx_word' id='word_1_411' title='bbox 1865 2645 2102 2706; x_wconf 90' lang='lat' dir='ltr'><strong>ereptam</strong></span> <span class='ocrx_word' id='word_1_412' title='bbox 2141 2651 2234 2706; x_wconf 88' lang='lat' dir='ltr'><strong>per</strong></span> <span class='ocrx_word' id='word_1_413' title='bbox 2268 2638 2502 2707; x_wconf 91' lang='lat' dir='ltr'><strong>primum</strong></span> <span class='ocrx_word' id='word_1_414' title='bbox 2530 2653 2690 2692; x_wconf 91' lang='lat' dir='ltr'><strong>suum</strong></span> <span class='ocrx_word' id='word_1_415' title='bbox 2720 2637 3011 2694; x_wconf 83' lang='lat' dir='ltr'><strong>adventum</strong></span> <span class='ocrx_word' id='word_1_416' title='bbox 3055 2642 3327 2707; x_wconf 81' lang='lat' dir='ltr'><strong>reSIitnit;</strong></span> <span class='ocrx_word' id='word_1_417' title='bbox 3382 2654 3443 2698; x_wconf 93' lang='lat' dir='ltr'><strong>ut</strong></span> 
     </span>
    </p>
   </div>
   <div class='ocr_carea' id='block_1_57' title="bbox 1868 2729 3438 2801">
    <p class='ocr_par' dir='ltr' id='par_1_57' title="bbox 1868 2729 3438 2801">
     <span class='ocr_line' id='line_1_57' title="bbox 1868 2729 3438 2801; baseline 0.005 -19"><span class='ocrx_word' id='word_1_418' title='bbox 1868 2730 1992 2783; x_wconf 89' lang='lat' dir='ltr'><strong>inde</strong></span> <span class='ocrx_word' id='word_1_419' title='bbox 2027 2729 2312 2797; x_wconf 77' lang='lat' dir='ltr'><strong>intelligas,</strong></span> <span class='ocrx_word' id='word_1_420' title='bbox 2349 2729 2525 2798; x_wconf 88' lang='lat' dir='ltr'><strong>ipsum</strong></span> <span class='ocrx_word' id='word_1_421' title='bbox 2558 2730 2705 2783; x_wconf 89' lang='lat' dir='ltr'><strong>illum</strong></span> <span class='ocrx_word' id='word_1_422' title='bbox 2737 2746 2880 2796; x_wconf 88' lang='lat' dir='ltr'><strong>esse,</strong></span> <span class='ocrx_word' id='word_1_423' title='bbox 2915 2732 3005 2801; x_wconf 91' lang='lat' dir='ltr'><strong>qui</strong></span> <span class='ocrx_word' id='word_1_424' title='bbox 3037 2748 3155 2787; x_wconf 87' lang='lat' dir='ltr'><strong>eam</strong></span> <span class='ocrx_word' id='word_1_425' title='bbox 3192 2735 3260 2789; x_wconf 92' lang='lat' dir='ltr'><strong>ab</strong></span> <span class='ocrx_word' id='word_1_426' title='bbox 3281 2736 3438 2791; x_wconf 89' lang='lat' dir='ltr'><strong>initio</strong></span> 
     </span>
    </p>
   </div>
   <div class='ocr_carea' id='block_1_58' title="bbox 1868 2818 3441 2890">
    <p class='ocr_par' dir='ltr' id='par_1_58' title="bbox 1868 2818 3441 2890">
     <span class='ocr_line' id='line_1_58' title="bbox 1868 2818 3441 2890; baseline 0.001 -15"><span class='ocrx_word' id='word_1_427' title='bbox 1868 2820 2130 2875; x_wconf 89' lang='lat' dir='ltr'><strong>condidit.</strong></span> <span class='ocrx_word' id='word_1_428' title='bbox 2160 2818 2347 2890; x_wconf 81' lang='lat' dir='ltr'><strong>Neque</strong></span> <span class='ocrx_word' id='word_1_429' title='bbox 2376 2820 2521 2873; x_wconf 90' lang='lat' dir='ltr'><strong>enim</strong></span> <span class='ocrx_word' id='word_1_430' title='bbox 2555 2819 2780 2875; x_wconf 88' lang='lat' dir='ltr'><strong>alterius</strong></span> <span class='ocrx_word' id='word_1_431' title='bbox 2810 2829 2895 2874; x_wconf 89' lang='lat' dir='ltr'><strong>est</strong></span> <span class='ocrx_word' id='word_1_432' title='bbox 2926 2823 3181 2885; x_wconf 88' lang='lat' dir='ltr'><strong>condere,</strong></span> <span class='ocrx_word' id='word_1_433' title='bbox 3215 2823 3441 2876; x_wconf 77' lang='lat' dir='ltr'><strong>alterius</strong></span> 
     </span>
    </p>
   </div>
   <div class='ocr_carea' id='block_1_59' title="bbox 1869 2914 3437 2984">
    <p class='ocr_par' dir='ltr' id='par_1_59' title="bbox 1869 2914 3437 2984">
     <span class='ocr_line' id='line_1_59' title="bbox 1869 2914 3437 2984; baseline -0.001 -15"><span class='ocrx_word' id='word_1_434' title='bbox 1869 2930 1997 2971; x_wconf 82' lang='lat' dir='ltr'><strong>vero</strong></span> <span class='ocrx_word' id='word_1_435' title='bbox 2018 2925 2331 2984; x_wconf 88' lang='lat' dir='ltr'><strong>corruptam</strong></span> <span class='ocrx_word' id='word_1_436' title='bbox 2363 2929 2624 2968; x_wconf 85' lang='lat' dir='ltr'><strong>renovare</strong></span> <span class='ocrx_word' id='word_1_437' title='bbox 2658 2931 2670 2967; x_wconf 95' lang='lat'>:</span> <span class='ocrx_word' id='word_1_438' title='bbox 2737 2914 2829 2969; x_wconf 87' lang='lat' dir='ltr'><strong>sed</strong></span> <span class='ocrx_word' id='word_1_439' title='bbox 2866 2924 3161 2983; x_wconf 88' lang='lat' dir='ltr'><strong>utrumque</strong></span> <span class='ocrx_word' id='word_1_440' title='bbox 3193 2914 3437 2983; x_wconf 86' lang='lat' dir='ltr'><strong>ejusdem</strong></span> 
     </span>
    </p>
   </div>
   <div class='ocr_carea' id='block_1_60' title="bbox 1866 3005 3438 3077">
    <p class='ocr_par' dir='ltr' id='par_1_60' title="bbox 1866 3005 3438 3077">
     <span class='ocr_line' id='line_1_60' title="bbox 1866 3005 3438 3077; baseline -0.003 -15"><span class='ocrx_word' id='word_1_441' title='bbox 1866 3016 1951 3062; x_wconf 87' lang='lat' dir='ltr'><strong>est</strong></span> <span class='ocrx_word' id='word_1_442' title='bbox 1984 3007 2262 3077; x_wconf 67' lang='lat' dir='ltr'><strong>sapientiae</strong></span> <span class='ocrx_word' id='word_1_443' title='bbox 2292 3015 2345 3061; x_wconf 88' lang='lat' dir='ltr'><strong>et</strong></span> <span class='ocrx_word' id='word_1_444' title='bbox 2375 3005 2530 3069; x_wconf 86' lang='lat' dir='ltr'><strong>artis,</strong></span> <span class='ocrx_word' id='word_1_445' title='bbox 2591 3014 2648 3058; x_wconf 91' lang='lat' dir='ltr'><strong>ut</strong></span> <span class='ocrx_word' id='word_1_446' title='bbox 2673 3005 2753 3059; x_wconf 87' lang='lat' dir='ltr'><strong>sic</strong></span> <span class='ocrx_word' id='word_1_447' title='bbox 2793 3014 3043 3060; x_wconf 85' lang='lat' dir='ltr'><strong>creatura</strong></span> <span class='ocrx_word' id='word_1_448' title='bbox 3079 3020 3172 3074; x_wconf 86' lang='lat' dir='ltr'><strong>per</strong></span> <span class='ocrx_word' id='word_1_449' title='bbox 3202 3005 3438 3074; x_wconf 84' lang='lat' dir='ltr'><strong>priorem</strong></span> 
     </span>
    </p>
   </div>
   <div class='ocr_carea' id='block_1_61' title="bbox 1868 3096 3433 3161">
    <p class='ocr_par' dir='ltr' id='par_1_61' title="bbox 1868 3096 3433 3161">
     <span class='ocr_line' id='line_1_61' title="bbox 1868 3096 3433 3161; baseline -0.003 -8"><span class='ocrx_word' id='word_1_450' title='bbox 1868 3099 2158 3153; x_wconf 87' lang='lat' dir='ltr'><strong>adventum</strong></span> <span class='ocrx_word' id='word_1_451' title='bbox 2190 3106 2498 3161; x_wconf 87' lang='lat' dir='ltr'><strong>renovetur,</strong></span> <span class='ocrx_word' id='word_1_452' title='bbox 2532 3111 2632 3151; x_wconf 85' lang='lat' dir='ltr'><strong>nec</strong></span> <span class='ocrx_word' id='word_1_453' title='bbox 2663 3097 2806 3151; x_wconf 93' lang='lat' dir='ltr'><strong>ullus</strong></span> <span class='ocrx_word' id='word_1_454' title='bbox 2852 3096 3219 3151; x_wconf 87' lang='lat' dir='ltr'><strong>incredulitati</strong></span> <span class='ocrx_word' id='word_1_455' title='bbox 3274 3096 3433 3150; x_wconf 86' lang='lat' dir='ltr'><strong>locus</strong></span> 
     </span>
    </p>
   </div>
   <div class='ocr_carea' id='block_1_62' title="bbox 184 3186 1767 3284">
    <p class='ocr_par' dir='ltr' id='par_1_62' title="bbox 184 3190 1762 3268">
     <span class='ocr_line' id='line_1_62' title="bbox 184 3190 1762 3268; baseline 0.006 -25"><span class='ocrx_word' id='word_1_456' title='bbox 184 3190 565 3257; x_wconf 77' lang='grc' dir='ltr'>ἀνακαινίζειν</span> <span class='ocrx_word' id='word_1_457' title='bbox 592 3193 691 3264; x_wconf 74' lang='grc' dir='ltr'><strong>την</strong></span> <span class='ocrx_word' id='word_1_458' title='bbox 716 3194 892 3247; x_wconf 84' lang='grc' dir='ltr'>κτίσιν</span> <span class='ocrx_word' id='word_1_459' title='bbox 920 3195 1060 3249; x_wconf 87' lang='grc' dir='ltr'><strong>κατά</strong></span> <span class='ocrx_word' id='word_1_460' title='bbox 1077 3197 1174 3265; x_wconf 77' lang='grc' dir='ltr'>τὴν</span> <span class='ocrx_word' id='word_1_461' title='bbox 1200 3196 1423 3267; x_wconf 82' lang='grc' dir='ltr'>πρώτην</span> <span class='ocrx_word' id='word_1_462' title='bbox 1445 3198 1762 3268; x_wconf 69' lang='grc' dir='ltr'>ἐπιδημίαν,</span> 
     </span>
    </p>
   </div>
   <div class='ocr_carea' id='block_1_63' title="bbox 1869 3186 3440 3284">
    <p class='ocr_par' dir='ltr' id='par_1_63' title="bbox 1872 3186 3440 3259">
     <span class='ocr_line' id='line_1_63' title="bbox 1872 3186 3440 3259; baseline -0.003 -15"><span class='ocrx_word' id='word_1_463' title='bbox 1872 3189 2230 3259; x_wconf 88' lang='lat' dir='ltr'><strong>relinquatur,</strong></span> <span class='ocrx_word' id='word_1_464' title='bbox 2267 3187 2423 3257; x_wconf 89' lang='lat' dir='ltr'><strong>quasi</strong></span> <span class='ocrx_word' id='word_1_465' title='bbox 2451 3186 2638 3241; x_wconf 88' lang='lat' dir='ltr'><strong>eadem</strong></span> <span class='ocrx_word' id='word_1_466' title='bbox 2677 3187 2730 3240; x_wconf 91' lang='lat' dir='ltr'><strong>in</strong></span> <span class='ocrx_word' id='word_1_467' title='bbox 2766 3186 3011 3241; x_wconf 90' lang='lat' dir='ltr'><strong>secundo</strong></span> <span class='ocrx_word' id='word_1_468' title='bbox 3057 3187 3292 3240; x_wconf 84' lang='lat' dir='ltr'><strong>adventu</strong></span> <span class='ocrx_word' id='word_1_469' title='bbox 3333 3201 3440 3240; x_wconf 90' lang='lat' dir='ltr'><strong>non</strong></span> 
     </span>
    </p>
   </div>
   <div class='ocr_carea' id='block_1_64' title="bbox 185 3282 1765 3357">
    <p class='ocr_par' dir='ltr' id='par_1_64' title="bbox 185 3282 1765 3357">
     <span class='ocr_line' id='line_1_64' title="bbox 185 3282 1765 3357; baseline 0.004 -20"><span class='ocrx_word' id='word_1_470' title='bbox 185 3284 281 3337; x_wconf 72' lang='grc' dir='ltr'>ῖιια</span> <span class='ocrx_word' id='word_1_471' title='bbox 308 3282 545 3354; x_wconf 84' lang='grc' dir='ltr'>μηδεμία</span> <span class='ocrx_word' id='word_1_472' title='bbox 570 3284 823 3356; x_wconf 85' lang='grc' dir='ltr'>σοι’χώρα</span> <span class='ocrx_word' id='word_1_473' title='bbox 849 3285 1185 3357; x_wconf 81' lang='grc' dir='ltr'>καταλειφθῇ</span> <span class='ocrx_word' id='word_1_474' title='bbox 1212 3288 1472 3352; x_wconf 84' lang='grc' dir='ltr'>ἀπιστίας</span> <span class='ocrx_word' id='word_1_475' title='bbox 1492 3330 1506 3355; x_wconf 94' lang='grc'><strong>,</strong></span> <span class='ocrx_word' id='word_1_476' title='bbox 1525 3289 1600 3353; x_wconf 83' lang='grc' dir='ltr'><strong>ὡς</strong></span> <span class='ocrx_word' id='word_1_477' title='bbox 1623 3292 1765 3344; x_wconf 90' lang='grc' dir='ltr'><strong>κατά</strong></span> 
     </span>
    </p>
   </div>
   <div class='ocr_carea' id='block_1_65' title="bbox 182 3376 1764 3450">
    <p class='ocr_par' dir='ltr' id='par_1_65' title="bbox 182 3376 1764 3450">
     <span class='ocr_line' id='line_1_65' title="bbox 182 3376 1764 3450; baseline 0.004 -21"><span class='ocrx_word' id='word_1_478' title='bbox 182 3377 291 3446; x_wconf 83' lang='grc' dir='ltr'>τὴν</span> <span class='ocrx_word' id='word_1_479' title='bbox 320 3376 581 3446; x_wconf 81' lang='grc' dir='ltr'>δευτέραν</span> <span class='ocrx_word' id='word_1_480' title='bbox 630 3378 933 3449; x_wconf 86' lang='grc' dir='ltr'>παρουσίαν</span> <span class='ocrx_word' id='word_1_481' title='bbox 970 3379 1033 3432; x_wconf 80' lang='grc' dir='ltr'>οὐ</span> <span class='ocrx_word' id='word_1_482' title='bbox 1080 3378 1524 3450; x_wconf 82' lang='grc' dir='ltr'>καινισθήσεται,</span> <span class='ocrx_word' id='word_1_483' title='bbox 1552 3382 1649 3435; x_wconf 77' lang='grc' dir='ltr'>καὶ</span> <span class='ocrx_word' id='word_1_484' title='bbox 1700 3384 1764 3436; x_wconf 79' lang='grc' dir='ltr'>σὺ</span> 
     </span>
    </p>
   </div>
   <div class='ocr_carea' id='block_1_66' title="bbox 190 3468 1766 3545">
    <p class='ocr_par' dir='ltr' id='par_1_66' title="bbox 190 3468 1766 3545">
     <span class='ocr_line' id='line_1_66' title="bbox 190 3468 1766 3545; baseline 0.005 -25"><span class='ocrx_word' id='word_1_485' title='bbox 190 3468 305 3538; x_wconf 72' lang='grc' dir='ltr'><strong>πρὸ</strong></span> <span class='ocrx_word' id='word_1_486' title='bbox 335 3468 509 3538; x_wconf 77' lang='grc' dir='ltr'><strong>αὐτῆς</strong></span> <span class='ocrx_word' id='word_1_487' title='bbox 544 3470 624 3533; x_wconf 88' lang='grc' dir='ltr'><strong>είς</strong></span> <span class='ocrx_word' id='word_1_488' title='bbox 650 3468 981 3540; x_wconf 71' lang='grc' dir='ltr'>ἀφθαρσίαν,</span> <span class='ocrx_word' id='word_1_489' title='bbox 1017 3472 1097 3534; x_wconf 84' lang='grc' dir='ltr'><strong>είς</strong></span> <span class='ocrx_word' id='word_1_490' title='bbox 1128 3471 1396 3525; x_wconf 85' lang='grc' dir='ltr'>ἀπάθειαν</span> <span class='ocrx_word' id='word_1_491' title='bbox 1415 3512 1430 3537; x_wconf 93' lang='grc'><strong>,</strong></span> <span class='ocrx_word' id='word_1_492' title='bbox 1461 3475 1540 3537; x_wconf 78' lang='grc' dir='ltr'>εἰς</span> <span class='ocrx_word' id='word_1_493' title='bbox 1561 3475 1766 3545; x_wconf 78' lang='grc' dir='ltr'>ἄφατον</span> 
     </span>
    </p>
   </div>
   <div class='ocr_carea' id='block_1_67' title="bbox 184 3557 1766 3635">
    <p class='ocr_par' dir='ltr' id='par_1_67' title="bbox 184 3557 1766 3635">
     <span class='ocr_line' id='line_1_67' title="bbox 184 3557 1766 3635; baseline 0.004 -24"><span class='ocrx_word' id='word_1_494' title='bbox 184 3560 481 3630; x_wconf 81' lang='grc' dir='ltr'>καλλονήν.</span> <span class='ocrx_word' id='word_1_495' title='bbox 516 3561 579 3613; x_wconf 80' lang='lat' dir='ltr'><strong>Ei</strong></span> <span class='ocrx_word' id='word_1_496' title='bbox 607 3560 716 3631; x_wconf 82' lang='grc' dir='ltr'>γὰρ</span> <span class='ocrx_word' id='word_1_497' title='bbox 739 3562 827 3613; x_wconf 83' lang='grc' dir='ltr'>ὅτε</span> <span class='ocrx_word' id='word_1_498' title='bbox 871 3557 940 3632; x_wconf 80' lang='grc' dir='ltr'>ἦν</span> <span class='ocrx_word' id='word_1_499' title='bbox 971 3560 1113 3615; x_wconf 73' lang='grc' dir='ltr'>ἑκὼν</span> <span class='ocrx_word' id='word_1_500' title='bbox 1162 3565 1219 3616; x_wconf 66' lang='grc' dir='ltr'>ἐν</span> <span class='ocrx_word' id='word_1_501' title='bbox 1265 3562 1519 3635; x_wconf 78' lang='grc' dir='ltr'>ἀσθενείᾳ</span> <span class='ocrx_word' id='word_1_502' title='bbox 1542 3565 1766 3633; x_wconf 80' lang='grc' dir='ltr'>σαρκὸς,</span> 
     </span>
    </p>
   </div>
   <div class='ocr_carea' id='block_1_68' title="bbox 189 3651 1769 3725">
    <p class='ocr_par' dir='ltr' id='par_1_68' title="bbox 189 3651 1769 3725">
     <span class='ocr_line' id='line_1_68' title="bbox 189 3651 1769 3725; baseline 0.004 -21"><span class='ocrx_word' id='word_1_503' title='bbox 189 3652 253 3704; x_wconf 77' lang='grc' dir='ltr'>ἰν</span> <span class='ocrx_word' id='word_1_504' title='bbox 291 3651 532 3720; x_wconf 86' lang='grc' dir='ltr'>ίδρῶσιν,</span> <span class='ocrx_word' id='word_1_505' title='bbox 564 3653 622 3704; x_wconf 81' lang='grc' dir='ltr'>ὲν</span> <span class='ocrx_word' id='word_1_506' title='bbox 654 3652 885 3706; x_wconf 81' lang='grc' dir='ltr'>πάθεσιν</span> <span class='ocrx_word' id='word_1_507' title='bbox 916 3653 1027 3723; x_wconf 90' lang='grc'><strong>(88)</strong></span> <span class='ocrx_word' id='word_1_508' title='bbox 1055 3656 1083 3707; x_wconf 88' lang='grc' dir='ltr'><strong>ὀ</strong></span> <span class='ocrx_word' id='word_1_509' title='bbox 1109 3654 1373 3725; x_wconf 81' lang='grc' dir='ltr'>Χριστὸς,</span> <span class='ocrx_word' id='word_1_510' title='bbox 1400 3655 1430 3709; x_wconf 82' lang='grc' dir='ltr'><strong><em>ὃ</em></strong></span> <span class='ocrx_word' id='word_1_511' title='bbox 1467 3673 1525 3708; x_wconf 75' lang='grc' dir='ltr'><strong>τε</strong></span> <span class='ocrx_word' id='word_1_512' title='bbox 1571 3656 1769 3720; x_wconf 82' lang='grc' dir='ltr'>πλάνος</span> 
     </span>
    </p>
   </div>
   <div class='ocr_carea' id='block_1_69' title="bbox 188 3740 1769 3818">
    <p class='ocr_par' dir='ltr' id='par_1_69' title="bbox 188 3740 1769 3818">
     <span class='ocr_line' id='line_1_69' title="bbox 188 3740 1769 3818; baseline 0.006 -26"><span class='ocrx_word' id='word_1_513' title='bbox 188 3744 290 3793; x_wconf 76' lang='grc' dir='ltr'>καὶ</span> <span class='ocrx_word' id='word_1_514' title='bbox 318 3740 665 3813; x_wconf 76' lang='grc' dir='ltr'>Σαμαρείτης</span> <span class='ocrx_word' id='word_1_515' title='bbox 706 3744 1143 3812; x_wconf 79' lang='grc' dir='ltr'>ἐσυκοφαντεῖτο,</span> <span class='ocrx_word' id='word_1_516' title='bbox 1174 3744 1270 3815; x_wconf 81' lang='grc' dir='ltr'>τὴν</span> <span class='ocrx_word' id='word_1_517' title='bbox 1292 3745 1467 3799; x_wconf 88' lang='grc' dir='ltr'>κτίσιν</span> <span class='ocrx_word' id='word_1_518' title='bbox 1496 3747 1769 3818; x_wconf 68' lang='grc' dir='ltr'>ικάθαρεν</span> 
     </span>
    </p>
   </div>
   <div class='ocr_carea' id='block_1_70' title="bbox 186 3832 1770 3909">
    <p class='ocr_par' dir='ltr' id='par_1_70' title="bbox 186 3832 1770 3909">
     <span class='ocr_line' id='line_1_70' title="bbox 186 3832 1770 3909; baseline 0.004 -24"><span class='ocrx_word' id='word_1_519' title='bbox 186 3832 299 3887; x_wconf 89' lang='grc' dir='ltr'><strong>τῶν</strong></span> <span class='ocrx_word' id='word_1_520' title='bbox 325 3832 594 3887; x_wconf 80' lang='grc' dir='ltr'>τοσούτων</span> <span class='ocrx_word' id='word_1_521' title='bbox 626 3836 720 3887; x_wconf 74' lang='grc' dir='ltr'>καὶ</span> <span class='ocrx_word' id='word_1_522' title='bbox 746 3836 1077 3905; x_wconf 83' lang='grc' dir='ltr'>τηλικούτων</span> <span class='ocrx_word' id='word_1_523' title='bbox 1125 3837 1217 3890; x_wconf 80' lang='grc' dir='ltr'>καὶ</span> <span class='ocrx_word' id='word_1_524' title='bbox 1255 3838 1770 3909; x_wconf 81' lang='grc' dir='ltr'>πολυχρονιωτάτων</span> 
     </span>
    </p>
   </div>
   <div class='ocr_carea' id='block_1_71' title="bbox 190 3924 1772 4002">
    <p class='ocr_par' dir='ltr' id='par_1_71' title="bbox 190 3924 1772 4002">
     <span class='ocr_line' id='line_1_71' title="bbox 190 3924 1772 4002; baseline 0.006 -25"><span class='ocrx_word' id='word_1_525' title='bbox 190 3924 389 3977; x_wconf 84' lang='grc' dir='ltr'>παθῶν</span> <span class='ocrx_word' id='word_1_526' title='bbox 405 3927 496 3978; x_wconf 72' lang='grc' dir='ltr'>καὶ</span> <span class='ocrx_word' id='word_1_527' title='bbox 520 3928 863 3996; x_wconf 73' lang='grc' dir='ltr'>μιασμάτωνο</span> <span class='ocrx_word' id='word_1_528' title='bbox 887 3928 965 3981; x_wconf 80' lang='grc' dir='ltr'><strong>ὅτ’</strong></span> <span class='ocrx_word' id='word_1_529' title='bbox 982 3926 1047 3980; x_wconf 78' lang='grc' dir='ltr'>ἂν</span> <span class='ocrx_word' id='word_1_530' title='bbox 1062 3927 1136 3991; x_wconf 84' lang='grc' dir='ltr'><strong>ὡς</strong></span> <span class='ocrx_word' id='word_1_531' title='bbox 1154 3930 1345 3999; x_wconf 78' lang='grc' dir='ltr'>κριτὴς</span> <span class='ocrx_word' id='word_1_532' title='bbox 1363 3928 1581 3994; x_wconf 82' lang='grc' dir='ltr'>ζώντων</span> <span class='ocrx_word' id='word_1_533' title='bbox 1598 3949 1772 4002; x_wconf 84' lang='grc' dir='ltr'>παρα-</span> 
     </span>
    </p>
   </div>
   <div class='ocr_carea' id='block_1_72' title="bbox 186 4016 1760 4094">
    <p class='ocr_par' dir='ltr' id='par_1_72' title="bbox 186 4016 1760 4094">
     <span class='ocr_line' id='line_1_72' title="bbox 186 4016 1760 4094; baseline 0.006 -26"><span class='ocrx_word' id='word_1_534' title='bbox 186 4016 415 4086; x_wconf 79' lang='grc' dir='ltr'>γένηται</span> <span class='ocrx_word' id='word_1_535' title='bbox 445 4018 539 4070; x_wconf 73' lang='grc' dir='ltr'>καὶ</span> <span class='ocrx_word' id='word_1_536' title='bbox 570 4018 780 4089; x_wconf 83' lang='grc' dir='ltr'>νεκρῶν</span> <span class='ocrx_word' id='word_1_537' title='bbox 804 4058 820 4083; x_wconf 88' lang='grc'><strong>,</strong></span> <span class='ocrx_word' id='word_1_538' title='bbox 852 4019 979 4074; x_wconf 80' lang='grc' dir='ltr'>ὅταν</span> <span class='ocrx_word' id='word_1_539' title='bbox 1027 4020 1282 4090; x_wconf 87' lang='grc' dir='ltr'>μυριάσιν</span> <span class='ocrx_word' id='word_1_540' title='bbox 1327 4022 1573 4090; x_wconf 78' lang='grc' dir='ltr'>ἀγγέλων</span> <span class='ocrx_word' id='word_1_541' title='bbox 1602 4024 1760 4094; x_wconf 87' lang='grc' dir='ltr'><strong>δορυ⁶</strong></span> 
     </span>
    </p>
   </div>
   <div class='ocr_carea' id='block_1_73' title="bbox 188 4108 1771 4179">
    <p class='ocr_par' dir='ltr' id='par_1_73' title="bbox 188 4108 1771 4179">
     <span class='ocr_line' id='line_1_73' title="bbox 188 4108 1771 4179; baseline 0.009 -23"><span class='ocrx_word' id='word_1_542' title='bbox 188 4108 532 4178; x_wconf 77' lang='grc' dir='ltr'>φορούμενος</span> <span class='ocrx_word' id='word_1_543' title='bbox 573 4109 867 4179; x_wconf 82' lang='grc' dir='ltr'>τάγμασιν,</span> <span class='ocrx_word' id='word_1_544' title='bbox 914 4111 1042 4164; x_wconf 83' lang='grc' dir='ltr'>ὅταν</span> <span class='ocrx_word' id='word_1_545' title='bbox 1088 4113 1306 4165; x_wconf 87' lang='grc' dir='ltr'>πάντων</span> <span class='ocrx_word' id='word_1_546' title='bbox 1352 4114 1630 4178; x_wconf 71' lang='grc' dir='ltr'>δεσπόζων</span> <span class='ocrx_word' id='word_1_547' title='bbox 1676 4118 1771 4170; x_wconf 81' lang='grc' dir='ltr'><strong>καὶ</strong></span> 
     </span>
    </p>
   </div>
   <div class='ocr_carea' id='block_1_74' title="bbox 191 4198 1771 4280">
    <p class='ocr_par' dir='ltr' id='par_1_74' title="bbox 191 4198 1771 4280">
     <span class='ocr_line' id='line_1_74' title="bbox 191 4198 1771 4280; baseline 0.028 -36"><span class='ocrx_word' id='word_1_548' title='bbox 191 4198 420 4267; x_wconf 75' lang='grc' dir='ltr'>Κύριος,</span> <span class='ocrx_word' id='word_1_549' title='bbox 449 4199 577 4252; x_wconf 82' lang='grc' dir='ltr'>ὅταν</span> <span class='ocrx_word' id='word_1_550' title='bbox 622 4201 796 4254; x_wconf 84' lang='grc' dir='ltr'>πάντα</span> <span class='ocrx_word' id='word_1_551' title='bbox 833 4202 1035 4273; x_wconf 71' lang='grc' dir='ltr'>φρίσσῃ</span> <span class='ocrx_word' id='word_1_552' title='bbox 1086 4204 1179 4256; x_wconf 73' lang='grc' dir='ltr'>καὶ</span> <span class='ocrx_word' id='word_1_553' title='bbox 1215 4204 1390 4276; x_wconf 81' lang='grc' dir='ltr'>τρέμτι</span> <span class='ocrx_word' id='word_1_554' title='bbox 1428 4206 1561 4275; x_wconf 57' lang='lat'><strong>(39.):</strong></span> <span class='ocrx_word' id='word_1_555' title='bbox 1592 4208 1709 4273; x_wconf 66' lang='grc' dir='ltr'><strong>πῶς</strong></span> <span class='ocrx_word' id='word_1_556' title='bbox 1737 4213 1771 4280; x_wconf 66' lang='grc' dir='ltr'>ἡ</span> 
     </span>
    </p>
   </div>
   <div class='ocr_carea' id='block_1_75' title="bbox 188 4286 1772 4370">
    <p class='ocr_par' dir='ltr' id='par_1_75' title="bbox 188 4286 1772 4370">
     <span class='ocr_line' id='line_1_75' title="bbox 188 4286 1772 4370; baseline 0.009 -31"><span class='ocrx_word' id='word_1_557' title='bbox 188 4290 261 4340; x_wconf 78' lang='grc' dir='ltr'>ὲκ</span> <span class='ocrx_word' id='word_1_558' title='bbox 295 4286 502 4358; x_wconf 67' lang='grc' dir='ltr'>φθορᾶς</span> <span class='ocrx_word' id='word_1_559' title='bbox 544 4291 625 4352; x_wconf 88' lang='grc' dir='ltr'><strong>είς</strong></span> <span class='ocrx_word' id='word_1_560' title='bbox 668 4291 977 4363; x_wconf 84' lang='grc' dir='ltr'>ἀφθαρσίαν</span> <span class='ocrx_word' id='word_1_561' title='bbox 1041 4294 1312 4365; x_wconf 75' lang='grc' dir='ltr'>μεταϐολὴ</span> <span class='ocrx_word' id='word_1_562' title='bbox 1359 4297 1421 4349; x_wconf 79' lang='grc' dir='ltr'>οὐ</span> <span class='ocrx_word' id='word_1_563' title='bbox 1471 4299 1532 4351; x_wconf 84' lang='grc' dir='ltr'>τὸ</span> <span class='ocrx_word' id='word_1_564' title='bbox 1577 4301 1772 4370; x_wconf 72' lang='grc' dir='ltr'>ῥᾷστον</span> 
     </span>
    </p>
   </div>
   <div class='ocr_carea' id='block_1_76' title="bbox 187 4378 1770 4460">
    <p class='ocr_par' dir='ltr' id='par_1_76' title="bbox 187 4378 1770 4460">
     <span class='ocr_line' id='line_1_76' title="bbox 187 4378 1770 4460; baseline 0.008 -29"><span class='ocrx_word' id='word_1_565' title='bbox 187 4380 396 4446; x_wconf 56' lang='grc' dir='ltr'>ἔλουσα</span> <span class='ocrx_word' id='word_1_566' title='bbox 422 4378 753 4450; x_wconf 74' lang='grc' dir='ltr'>καθορᾶταις</span> <span class='ocrx_word' id='word_1_567' title='bbox 792 4383 901 4437; x_wconf 80' lang='grc' dir='ltr'><strong>Καὶ</strong></span> <span class='ocrx_word' id='word_1_568' title='bbox 947 4383 1008 4435; x_wconf 76' lang='grc' dir='ltr'>τὸ</span> <span class='ocrx_word' id='word_1_569' title='bbox 1036 4384 1352 4447; x_wconf 79' lang='grc' dir='ltr'>ἀκόλουθον,</span> <span class='ocrx_word' id='word_1_570' title='bbox 1396 4388 1489 4440; x_wconf 75' lang='grc' dir='ltr'>καὶ</span> <span class='ocrx_word' id='word_1_571' title='bbox 1543 4389 1770 4460; x_wconf 81' lang='grc' dir='ltr'>θεοπρε-</span> 
     </span>
    </p>
   </div>
   <div class='ocr_carea' id='block_1_77' title="bbox 189 4469 1773 4549">
    <p class='ocr_par' dir='ltr' id='par_1_77' title="bbox 189 4469 1773 4549">
     <span class='ocr_line' id='line_1_77' title="bbox 189 4469 1773 4549; baseline 0.008 -25"><span class='ocrx_word' id='word_1_572' title='bbox 189 4469 322 4533; x_wconf 68' lang='grc' dir='ltr'>πὲς,</span> <span class='ocrx_word' id='word_1_573' title='bbox 357 4471 440 4524; x_wconf 77' lang='grc' dir='ltr'><strong>ὅτι</strong></span> <span class='ocrx_word' id='word_1_574' title='bbox 470 4472 879 4542; x_wconf 82' lang='grc' dir='ltr'>παραγίνεταιδ</span> <span class='ocrx_word' id='word_1_575' title='bbox 910 4475 1121 4547; x_wconf 83' lang='grc' dir='ltr'>Σωτὴρ,</span> <span class='ocrx_word' id='word_1_576' title='bbox 1155 4481 1643 4549; x_wconf 82' lang='grc' dir='ltr'>προκηρυττόντων</span> <span class='ocrx_word' id='word_1_577' title='bbox 1665 4483 1773 4536; x_wconf 87' lang='grc' dir='ltr'><strong>τῶν</strong></span> 
     </span>
    </p>
   </div>
   <div class='ocr_carea' id='block_1_78' title="bbox 1869 3276 3439 3346">
    <p class='ocr_par' dir='ltr' id='par_1_78' title="bbox 1869 3276 3439 3346">
     <span class='ocr_line' id='line_1_78' title="bbox 1869 3276 3439 3346; baseline -0.003 -12"><span class='ocrx_word' id='word_1_578' title='bbox 1869 3279 1941 3334; x_wconf 92' lang='lat' dir='ltr'><strong>sit</strong></span> <span class='ocrx_word' id='word_1_579' title='bbox 1976 3278 2303 3341; x_wconf 83' lang='lat' dir='ltr'><strong>renovanda,</strong></span> <span class='ocrx_word' id='word_1_580' title='bbox 2338 3287 2391 3332; x_wconf 90' lang='lat' dir='ltr'><strong>et</strong></span> <span class='ocrx_word' id='word_1_581' title='bbox 2420 3285 2477 3330; x_wconf 92' lang='lat' dir='ltr'><strong>tu</strong></span> <span class='ocrx_word' id='word_1_582' title='bbox 2522 3277 2636 3346; x_wconf 88' lang='lat' dir='ltr'><strong>ipse</strong></span> <span class='ocrx_word' id='word_1_583' title='bbox 2662 3286 2787 3331; x_wconf 90' lang='lat' dir='ltr'><strong>ante</strong></span> <span class='ocrx_word' id='word_1_584' title='bbox 2837 3276 2983 3331; x_wconf 90' lang='lat' dir='ltr'><strong>illam</strong></span> <span class='ocrx_word' id='word_1_585' title='bbox 3018 3276 3071 3330; x_wconf 91' lang='lat' dir='ltr'><strong>in</strong></span> <span class='ocrx_word' id='word_1_586' title='bbox 3109 3277 3439 3346; x_wconf 88' lang='lat' dir='ltr'><strong>incorrupti—</strong></span> 
     </span>
    </p>
   </div>
   <div class='ocr_carea' id='block_1_79' title="bbox 1868 3366 3443 3435">
    <p class='ocr_par' dir='ltr' id='par_1_79' title="bbox 1868 3366 3443 3435">
     <span class='ocr_line' id='line_1_79' title="bbox 1868 3366 3443 3435; baseline -0.003 -11"><span class='ocrx_word' id='word_1_587' title='bbox 1868 3369 2150 3433; x_wconf 89' lang='lat' dir='ltr'><strong>bilitatem,</strong></span> <span class='ocrx_word' id='word_1_588' title='bbox 2180 3366 2530 3422; x_wconf 86' lang='lat' dir='ltr'><strong>indolentiam</strong></span> <span class='ocrx_word' id='word_1_589' title='bbox 2553 3376 2605 3421; x_wconf 89' lang='lat' dir='ltr'><strong>ct</strong></span> <span class='ocrx_word' id='word_1_590' title='bbox 2639 3367 3093 3435; x_wconf 87' lang='lat' dir='ltr'><strong>pulchritudinem</strong></span> <span class='ocrx_word' id='word_1_591' title='bbox 3129 3380 3235 3419; x_wconf 86' lang='lat' dir='ltr'><strong>non</strong></span> <span class='ocrx_word' id='word_1_592' title='bbox 3264 3375 3443 3420; x_wconf 86' lang='lat' dir='ltr'><strong>trans-</strong></span> 
     </span>
    </p>
   </div>
   <div class='ocr_carea' id='block_1_80' title="bbox 1871 3456 3443 3526">
    <p class='ocr_par' dir='ltr' id='par_1_80' title="bbox 1871 3456 3443 3526">
     <span class='ocr_line' id='line_1_80' title="bbox 1871 3456 3443 3526; baseline -0.003 -11"><span class='ocrx_word' id='word_1_593' title='bbox 1871 3460 1999 3515; x_wconf 80' lang='lat' dir='ltr'><strong>ferri</strong></span> <span class='ocrx_word' id='word_1_594' title='bbox 2059 3459 2276 3515; x_wconf 87' lang='lat' dir='ltr'><strong>debeas.</strong></span> <span class='ocrx_word' id='word_1_595' title='bbox 2330 3458 2484 3526; x_wconf 85' lang='lat' dir='ltr'><strong>Quod</strong></span> <span class='ocrx_word' id='word_1_596' title='bbox 2513 3459 2559 3515; x_wconf 88' lang='lat' dir='ltr'><strong>si</strong></span> <span class='ocrx_word' id='word_1_597' title='bbox 2602 3460 2745 3513; x_wconf 87' lang='lat' dir='ltr'><strong>enim</strong></span> <span class='ocrx_word' id='word_1_598' title='bbox 2772 3456 3043 3521; x_wconf 75' lang='lat' dir='ltr'><strong>Christus,</strong></span> <span class='ocrx_word' id='word_1_599' title='bbox 3074 3458 3203 3510; x_wconf 89' lang='lat' dir='ltr'><strong>dum</strong></span> <span class='ocrx_word' id='word_1_600' title='bbox 3234 3458 3286 3511; x_wconf 91' lang='lat' dir='ltr'><strong>in</strong></span> <span class='ocrx_word' id='word_1_601' title='bbox 3326 3472 3443 3512; x_wconf 86' lang='lat' dir='ltr'><strong>car-</strong></span> 
     </span>
    </p>
   </div>
   <div class='ocr_carea' id='block_1_81' title="bbox 1872 3549 3443 3621">
    <p class='ocr_par' dir='ltr' id='par_1_81' title="bbox 1872 3549 3443 3621">
     <span class='ocr_line' id='line_1_81' title="bbox 1872 3549 3443 3621; baseline -0.004 -14"><span class='ocrx_word' id='word_1_602' title='bbox 1872 3553 1957 3608; x_wconf 89' lang='lat' dir='ltr'><strong>nis</strong></span> <span class='ocrx_word' id='word_1_603' title='bbox 1984 3552 2315 3616; x_wconf 88' lang='lat' dir='ltr'><strong>infirmitate,</strong></span> <span class='ocrx_word' id='word_1_604' title='bbox 2346 3551 2661 3614; x_wconf 87' lang='lat' dir='ltr'><strong>sudoribus,</strong></span> <span class='ocrx_word' id='word_1_605' title='bbox 2701 3560 2755 3605; x_wconf 91' lang='lat' dir='ltr'><strong>et</strong></span> <span class='ocrx_word' id='word_1_606' title='bbox 2812 3550 2949 3604; x_wconf 85' lang='lat' dir='ltr'><strong>varii</strong></span> <span class='ocrx_word' id='word_1_607' title='bbox 3007 3549 3223 3621; x_wconf 85' lang='lat' dir='ltr'><strong>generis</strong></span> <span class='ocrx_word' id='word_1_608' title='bbox 3284 3550 3443 3603; x_wconf 84' lang='lat' dir='ltr'><strong>malis</strong></span> 
     </span>
    </p>
   </div>
   <div class='ocr_carea' id='block_1_82' title="bbox 1871 3641 3446 3715">
    <p class='ocr_par' dir='ltr' id='par_1_82' title="bbox 1871 3641 3446 3715">
     <span class='ocr_line' id='line_1_82' title="bbox 1871 3641 3446 3715; baseline -0.004 -15"><span class='ocrx_word' id='word_1_609' title='bbox 1871 3654 2062 3715; x_wconf 88' lang='lat' dir='ltr'><strong>sponte</strong></span> <span class='ocrx_word' id='word_1_610' title='bbox 2088 3645 2432 3709; x_wconf 88' lang='lat' dir='ltr'><strong>versabatur,</strong></span> <span class='ocrx_word' id='word_1_611' title='bbox 2470 3644 2597 3698; x_wconf 92' lang='lat' dir='ltr'><strong>dum</strong></span> <span class='ocrx_word' id='word_1_612' title='bbox 2645 3643 2900 3697; x_wconf 90' lang='lat' dir='ltr'><strong>seductor</strong></span> <span class='ocrx_word' id='word_1_613' title='bbox 2952 3652 3005 3697; x_wconf 90' lang='lat' dir='ltr'><strong>et</strong></span> <span class='ocrx_word' id='word_1_614' title='bbox 3036 3641 3308 3699; x_wconf 87' lang='lat' dir='ltr'><strong>Samarita</strong></span> <span class='ocrx_word' id='word_1_615' title='bbox 3350 3657 3446 3710; x_wconf 78' lang='lat' dir='ltr'><strong>per</strong></span> 
     </span>
    </p>
   </div>
   <div class='ocr_carea' id='block_1_83' title="bbox 1873 3734 3444 3803">
    <p class='ocr_par' dir='ltr' id='par_1_83' title="bbox 1873 3734 3444 3803">
     <span class='ocr_line' id='line_1_83' title="bbox 1873 3734 3444 3803; baseline -0.002 -13"><span class='ocrx_word' id='word_1_616' title='bbox 1873 3734 2202 3790; x_wconf 90' lang='lat' dir='ltr'><strong>calumniam</strong></span> <span class='ocrx_word' id='word_1_617' title='bbox 2270 3735 2589 3797; x_wconf 81' lang='lat' dir='ltr'><strong>vocabatur,</strong></span> <span class='ocrx_word' id='word_1_618' title='bbox 2622 3742 2930 3788; x_wconf 81' lang='lat' dir='ltr'><strong>creaturam</strong></span> <span class='ocrx_word' id='word_1_619' title='bbox 2974 3749 3004 3787; x_wconf 92' lang='lat' dir='ltr'><strong>a</strong></span> <span class='ocrx_word' id='word_1_620' title='bbox 3039 3742 3115 3787; x_wconf 90' lang='lat' dir='ltr'><strong>tot</strong></span> <span class='ocrx_word' id='word_1_621' title='bbox 3168 3734 3444 3803; x_wconf 81' lang='lat' dir='ltr'><strong>tantisque</strong></span> 
     </span>
    </p>
   </div>
   <div class='ocr_carea' id='block_1_84' title="bbox 1873 3826 3443 3897">
    <p class='ocr_par' dir='ltr' id='par_1_84' title="bbox 1873 3826 3443 3897">
     <span class='ocr_line' id='line_1_84' title="bbox 1873 3826 3443 3897; baseline -0.002 -17"><span class='ocrx_word' id='word_1_622' title='bbox 1873 3837 2093 3897; x_wconf 86' lang='lat' dir='ltr'><strong>tamque</strong></span> <span class='ocrx_word' id='word_1_623' title='bbox 2124 3827 2401 3881; x_wconf 87' lang='lat' dir='ltr'><strong>diuturnis</strong></span> <span class='ocrx_word' id='word_1_624' title='bbox 2431 3826 2589 3881; x_wconf 88' lang='lat' dir='ltr'><strong>malis</strong></span> <span class='ocrx_word' id='word_1_625' title='bbox 2640 3836 2692 3882; x_wconf 89' lang='lat' dir='ltr'><strong>et</strong></span> <span class='ocrx_word' id='word_1_626' title='bbox 2724 3827 3129 3894; x_wconf 87' lang='lat' dir='ltr'><strong>impuritatibus</strong></span> <span class='ocrx_word' id='word_1_627' title='bbox 3164 3826 3443 3887; x_wconf 83' lang='lat' dir='ltr'><strong>liberavit;</strong></span> 
     </span>
    </p>
   </div>
   <div class='ocr_carea' id='block_1_85' title="bbox 1874 3917 3443 3987">
    <p class='ocr_par' dir='ltr' id='par_1_85' title="bbox 1874 3917 3443 3987">
     <span class='ocr_line' id='line_1_85' title="bbox 1874 3917 3443 3987; baseline -0.001 -16"><span class='ocrx_word' id='word_1_628' title='bbox 1874 3934 2053 3973; x_wconf 90' lang='lat' dir='ltr'><strong>nonne</strong></span> <span class='ocrx_word' id='word_1_629' title='bbox 2074 3959 2089 3984; x_wconf 94' lang='lat'><strong>,</strong></span> <span class='ocrx_word' id='word_1_630' title='bbox 2144 3918 2237 3973; x_wconf 90' lang='lat' dir='ltr'><strong>ubi</strong></span> <span class='ocrx_word' id='word_1_631' title='bbox 2273 3918 2413 3973; x_wconf 89' lang='lat' dir='ltr'><strong>idem</strong></span> <span class='ocrx_word' id='word_1_632' title='bbox 2456 3930 2513 3972; x_wconf 89' lang='lat' dir='ltr'><strong>ut</strong></span> <span class='ocrx_word' id='word_1_633' title='bbox 2539 3917 2703 3987; x_wconf 83' lang='lat' dir='ltr'><strong>judex</strong></span> <span class='ocrx_word' id='word_1_634' title='bbox 2734 3918 2978 3972; x_wconf 82' lang='lat' dir='ltr'><strong>virorum</strong></span> <span class='ocrx_word' id='word_1_635' title='bbox 3010 3928 3059 3972; x_wconf 88' lang='lat' dir='ltr'><strong>ct</strong></span> <span class='ocrx_word' id='word_1_636' title='bbox 3078 3926 3443 3980; x_wconf 89' lang='lat' dir='ltr'><strong>mortuorum,</strong></span> 
     </span>
    </p>
   </div>
   <div class='ocr_carea' id='block_1_86' title="bbox 1877 4010 3444 4082">
    <p class='ocr_par' dir='ltr' id='par_1_86' title="bbox 1877 4010 3444 4082">
     <span class='ocr_line' id='line_1_86' title="bbox 1877 4010 3444 4082; baseline -0.001 -18"><span class='ocrx_word' id='word_1_637' title='bbox 1877 4012 1966 4067; x_wconf 92' lang='lat' dir='ltr'><strong>ubi</strong></span> <span class='ocrx_word' id='word_1_638' title='bbox 1993 4011 2295 4066; x_wconf 86' lang='lat' dir='ltr'><strong>innumeris</strong></span> <span class='ocrx_word' id='word_1_639' title='bbox 2333 4010 2651 4082; x_wconf 85' lang='lat' dir='ltr'><strong>angelorum</strong></span> <span class='ocrx_word' id='word_1_640' title='bbox 2703 4010 2987 4065; x_wconf 88' lang='lat' dir='ltr'><strong>ordinibus</strong></span> <span class='ocrx_word' id='word_1_641' title='bbox 3048 4013 3302 4081; x_wconf 66' lang='lat' dir='ltr'><strong>stipatus,</strong></span> <span class='ocrx_word' id='word_1_642' title='bbox 3354 4010 3444 4063; x_wconf 89' lang='lat' dir='ltr'><strong>ubi</strong></span> 
     </span>
    </p>
   </div>
   <div class='ocr_carea' id='block_1_87' title="bbox 1874 4102 3445 4174">
    <p class='ocr_par' dir='ltr' id='par_1_87' title="bbox 1874 4102 3445 4174">
     <span class='ocr_line' id='line_1_87' title="bbox 1874 4102 3445 4174; baseline -0.003 -16"><span class='ocrx_word' id='word_1_643' title='bbox 1874 4113 1933 4159; x_wconf 92' lang='lat' dir='ltr'><strong>ut</strong></span> <span class='ocrx_word' id='word_1_644' title='bbox 1978 4104 2271 4174; x_wconf 88' lang='lat' dir='ltr'><strong>imperator</strong></span> <span class='ocrx_word' id='word_1_645' title='bbox 2319 4113 2374 4157; x_wconf 91' lang='lat' dir='ltr'><strong>ct</strong></span> <span class='ocrx_word' id='word_1_646' title='bbox 2422 4102 2684 4157; x_wconf 89' lang='lat' dir='ltr'><strong>Dominus</strong></span> <span class='ocrx_word' id='word_1_647' title='bbox 2726 4104 2971 4157; x_wconf 92' lang='lat' dir='ltr'><strong>omnium</strong></span> <span class='ocrx_word' id='word_1_648' title='bbox 3008 4103 3307 4165; x_wconf 86' lang='lat' dir='ltr'><strong>advenerit,</strong></span> <span class='ocrx_word' id='word_1_649' title='bbox 3354 4102 3445 4155; x_wconf 91' lang='lat' dir='ltr'><strong>ubi</strong></span> 
     </span>
    </p>
   </div>
   <div class='ocr_carea' id='block_1_88' title="bbox 1874 4194 3445 4256">
    <p class='ocr_par' dir='ltr' id='par_1_88' title="bbox 1874 4194 3445 4256">
     <span class='ocr_line' id='line_1_88' title="bbox 1874 4194 3445 4256; baseline -0.003 -7"><span class='ocrx_word' id='word_1_650' title='bbox 1874 4197 2060 4250; x_wconf 87' lang='lat' dir='ltr'><strong>omnia</strong></span> <span class='ocrx_word' id='word_1_651' title='bbox 2099 4195 2200 4249; x_wconf 86' lang='lat' dir='ltr'><strong>sibi</strong></span> <span class='ocrx_word' id='word_1_652' title='bbox 2230 4195 2496 4249; x_wconf 86' lang='lat' dir='ltr'><strong>timebunt</strong></span> <span class='ocrx_word' id='word_1_653' title='bbox 2520 4204 2573 4249; x_wconf 92' lang='lat' dir='ltr'><strong>et</strong></span> <span class='ocrx_word' id='word_1_654' title='bbox 2609 4202 2867 4256; x_wconf 87' lang='lat' dir='ltr'><strong>trement,</strong></span> <span class='ocrx_word' id='word_1_655' title='bbox 2900 4194 3186 4248; x_wconf 82' lang='lat' dir='ltr'><strong>translatio</strong></span> <span class='ocrx_word' id='word_1_656' title='bbox 3216 4209 3284 4249; x_wconf 78' lang='lat' dir='ltr'><strong>ex</strong></span> <span class='ocrx_word' id='word_1_657' title='bbox 3319 4208 3445 4248; x_wconf 78' lang='lat' dir='ltr'><strong>cor-</strong></span> 
     </span>
    </p>
   </div>
   <div class='ocr_carea' id='block_1_89' title="bbox 1875 4284 3444 4360">
    <p class='ocr_par' dir='ltr' id='par_1_89' title="bbox 1875 4284 3444 4360">
     <span class='ocr_line' id='line_1_89' title="bbox 1875 4284 3444 4360; baseline -0.004 -16"><span class='ocrx_word' id='word_1_658' title='bbox 1875 4290 2121 4360; x_wconf 86' lang='lat' dir='ltr'><strong>ruptione</strong></span> <span class='ocrx_word' id='word_1_659' title='bbox 2182 4290 2233 4342; x_wconf 90' lang='lat' dir='ltr'><strong>in</strong></span> <span class='ocrx_word' id='word_1_660' title='bbox 2287 4286 2870 4356; x_wconf 88' lang='lat' dir='ltr'><strong>incorruptibilitatcm,</strong></span> <span class='ocrx_word' id='word_1_661' title='bbox 2934 4294 2993 4339; x_wconf 91' lang='lat' dir='ltr'><strong>ut</strong></span> <span class='ocrx_word' id='word_1_662' title='bbox 3057 4301 3143 4339; x_wconf 84' lang='lat' dir='ltr'><strong>res</strong></span> <span class='ocrx_word' id='word_1_663' title='bbox 3198 4284 3444 4339; x_wconf 83' lang='lat' dir='ltr'><strong>omnium</strong></span> 
     </span>
    </p>
   </div>
   <div class='ocr_carea' id='block_1_90' title="bbox 1875 4377 3447 4450">
    <p class='ocr_par' dir='ltr' id='par_1_90' title="bbox 1875 4377 3447 4450">
     <span class='ocr_line' id='line_1_90' title="bbox 1875 4377 3447 4450; baseline -0.002 -17"><span class='ocrx_word' id='word_1_664' title='bbox 1875 4381 2147 4445; x_wconf 81' lang='lat' dir='ltr'><strong>facillima,</strong></span> <span class='ocrx_word' id='word_1_665' title='bbox 2201 4378 2534 4450; x_wconf 73' lang='lat' dir='ltr'><strong>apparebit?</strong></span> <span class='ocrx_word' id='word_1_666' title='bbox 2580 4377 2839 4442; x_wconf 78' lang='lat' dir='ltr'><strong>Accedit,</strong></span> <span class='ocrx_word' id='word_1_667' title='bbox 2892 4379 3037 4448; x_wconf 92' lang='lat' dir='ltr'><strong>quod</strong></span> <span class='ocrx_word' id='word_1_668' title='bbox 3092 4378 3221 4432; x_wconf 87' lang='lat' dir='ltr'><strong>binc</strong></span> <span class='ocrx_word' id='word_1_669' title='bbox 3249 4392 3447 4432; x_wconf 81' lang='lat' dir='ltr'><strong>conse—</strong></span> 
     </span>
    </p>
   </div>
   <div class='ocr_carea' id='block_1_91' title="bbox 1874 4468 3447 4541">
    <p class='ocr_par' dir='ltr' id='par_1_91' title="bbox 1874 4468 3447 4541">
     <span class='ocr_line' id='line_1_91' title="bbox 1874 4468 3447 4541; baseline -0.002 -16"><span class='ocrx_word' id='word_1_670' title='bbox 1874 4472 2078 4541; x_wconf 88' lang='lat' dir='ltr'><strong>quitur,</strong></span> <span class='ocrx_word' id='word_1_671' title='bbox 2144 4469 2363 4539; x_wconf 86' lang='lat' dir='ltr'><strong>Dcoque</strong></span> <span class='ocrx_word' id='word_1_672' title='bbox 2406 4468 2655 4539; x_wconf 87' lang='lat' dir='ltr'><strong>inprimis</strong></span> <span class='ocrx_word' id='word_1_673' title='bbox 2703 4469 2927 4538; x_wconf 86' lang='lat' dir='ltr'><strong>dignum</strong></span> <span class='ocrx_word' id='word_1_674' title='bbox 2967 4476 3071 4531; x_wconf 89' lang='lat' dir='ltr'><strong>est,</strong></span> <span class='ocrx_word' id='word_1_675' title='bbox 3125 4469 3271 4541; x_wconf 77' lang='lat' dir='ltr'><strong>quod</strong></span> <span class='ocrx_word' id='word_1_676' title='bbox 3317 4482 3447 4537; x_wconf 73' lang='lat' dir='ltr'><strong>pro-</strong></span> 
     </span>
    </p>
   </div>
   <div class='ocr_carea' id='block_1_92' title="bbox 190 4557 1767 4642">
    <p class='ocr_par' dir='ltr' id='par_1_92' title="bbox 190 4563 1767 4642">
     <span class='ocr_line' id='line_1_92' title="bbox 190 4563 1767 4642; baseline 0.008 -28"><span class='ocrx_word' id='word_1_677' title='bbox 190 4563 517 4633; x_wconf 74' lang='grc' dir='ltr'>προφητῶν,</span> <span class='ocrx_word' id='word_1_678' title='bbox 548 4564 635 4617; x_wconf 82' lang='grc' dir='ltr'><strong>ἴνα</strong></span> <span class='ocrx_word' id='word_1_679' title='bbox 673 4567 832 4636; x_wconf 78' lang='grc' dir='ltr'>μήτις</span> <span class='ocrx_word' id='word_1_680' title='bbox 861 4567 1079 4640; x_wconf 80' lang='grc' dir='ltr'>νομίσῃ,</span> <span class='ocrx_word' id='word_1_681' title='bbox 1102 4568 1185 4621; x_wconf 82' lang='grc' dir='ltr'>ὅτι</span> <span class='ocrx_word' id='word_1_682' title='bbox 1210 4571 1331 4624; x_wconf 89' lang='grc' dir='ltr'>καθ’</span> <span class='ocrx_word' id='word_1_683' title='bbox 1356 4571 1417 4624; x_wconf 85' lang='grc' dir='ltr'><strong>δν</strong></span> <span class='ocrx_word' id='word_1_684' title='bbox 1447 4572 1643 4642; x_wconf 80' lang='grc' dir='ltr'>τρόπον</span> <span class='ocrx_word' id='word_1_685' title='bbox 1676 4575 1767 4630; x_wconf 77' lang='grc' dir='ltr'>ἄν·-</span> 
     </span>
    </p>
   </div>
   <div class='ocr_carea' id='block_1_93' title="bbox 1869 4557 3445 4642">
    <p class='ocr_par' dir='ltr' id='par_1_93' title="bbox 1873 4563 3445 4636">
     <span class='ocr_line' id='line_1_93' title="bbox 1873 4563 3445 4636; baseline -0.001 -18"><span class='ocrx_word' id='word_1_686' title='bbox 1873 4565 2046 4636; x_wconf 70' lang='lat' dir='ltr'><strong>pheta</strong></span> <span class='ocrx_word' id='word_1_687' title='bbox 2098 4565 2249 4619; x_wconf 84' lang='lat' dir='ltr'><strong>illum</strong></span> <span class='ocrx_word' id='word_1_688' title='bbox 2298 4564 2602 4619; x_wconf 87' lang='lat' dir='ltr'><strong>Servatoris</strong></span> <span class='ocrx_word' id='word_1_689' title='bbox 2654 4564 2946 4619; x_wconf 71' lang='lat' dir='ltr'><strong>adventrum</strong></span> <span class='ocrx_word' id='word_1_690' title='bbox 2982 4563 3445 4632; x_wconf 69' lang='lat' dir='ltr'><strong>prmnunliarunt.</strong></span> 
     </span>
    </p>
   </div>
   <div class='ocr_carea' id='block_1_94' title="bbox 186 4655 1767 4736">
    <p class='ocr_par' dir='ltr' id='par_1_94' title="bbox 186 4655 1767 4736">
     <span class='ocr_line' id='line_1_94' title="bbox 186 4655 1767 4736; baseline 0.009 -30"><span class='ocrx_word' id='word_1_691' title='bbox 186 4655 416 4722; x_wconf 83' lang='grc' dir='ltr'>θρωπος</span> <span class='ocrx_word' id='word_1_692' title='bbox 466 4656 564 4725; x_wconf 86' lang='grc' dir='ltr'><strong>τῆς</strong></span> <span class='ocrx_word' id='word_1_693' title='bbox 591 4658 859 4730; x_wconf 75' lang='grc' dir='ltr'>προτέρας</span> <span class='ocrx_word' id='word_1_694' title='bbox 883 4658 1199 4730; x_wconf 86' lang='grc' dir='ltr'>διαμαρτὼν</span> <span class='ocrx_word' id='word_1_695' title='bbox 1232 4663 1491 4734; x_wconf 68' lang='grc' dir='ltr'>ἐπιϐολῆς</span> <span class='ocrx_word' id='word_1_696' title='bbox 1524 4667 1616 4719; x_wconf 78' lang='grc' dir='ltr'>καὶ</span> <span class='ocrx_word' id='word_1_697' title='bbox 1639 4666 1767 4736; x_wconf 83' lang='grc' dir='ltr'>βοη-</span> 
     </span>
    </p>
   </div>
   <div class='ocr_carea' id='block_1_95' title="bbox 186 4746 1770 4821">
    <p class='ocr_par' dir='ltr' id='par_1_95' title="bbox 186 4746 1770 4821">
     <span class='ocr_line' id='line_1_95' title="bbox 186 4746 1770 4821; baseline 0.009 -23"><span class='ocrx_word' id='word_1_698' title='bbox 186 4746 350 4809; x_wconf 80' lang='grc' dir='ltr'>θείας</span> <span class='ocrx_word' id='word_1_699' title='bbox 398 4748 491 4800; x_wconf 79' lang='grc' dir='ltr'><strong>ἑπὶ</strong></span> <span class='ocrx_word' id='word_1_700' title='bbox 529 4749 785 4820; x_wconf 78' lang='grc' dir='ltr'>δευτέραν</span> <span class='ocrx_word' id='word_1_701' title='bbox 830 4751 1070 4821; x_wconf 80' lang='grc' dir='ltr'>ἔρχεται,</span> <span class='ocrx_word' id='word_1_702' title='bbox 1104 4752 1247 4807; x_wconf 72' lang='grc' dir='ltr'>οὕτω</span> <span class='ocrx_word' id='word_1_703' title='bbox 1284 4757 1377 4810; x_wconf 76' lang='grc' dir='ltr'>καὶ</span> <span class='ocrx_word' id='word_1_704' title='bbox 1411 4760 1440 4810; x_wconf 82' lang='grc' dir='ltr'><strong>ὁ</strong></span> <span class='ocrx_word' id='word_1_705' title='bbox 1462 4757 1619 4821; x_wconf 62' lang='lat' dir='ltr'><strong>vuig.</strong></span> <span class='ocrx_word' id='word_1_706' title='bbox 1657 4758 1770 4812; x_wconf 85' lang='grc' dir='ltr'><strong>Ἵνα</strong></span> 
     </span>
    </p>
   </div>
   <div class='ocr_carea' id='block_1_96' title="bbox 1876 4655 3445 4726">
    <p class='ocr_par' dir='ltr' id='par_1_96' title="bbox 1876 4655 3445 4726">
     <span class='ocr_line' id='line_1_96' title="bbox 1876 4655 3445 4726; baseline -0.001 -15"><span class='ocrx_word' id='word_1_707' title='bbox 1876 4672 1945 4711; x_wconf 87' lang='lat' dir='ltr'><strong>ne</strong></span> <span class='ocrx_word' id='word_1_708' title='bbox 1973 4658 2100 4726; x_wconf 87' lang='lat' dir='ltr'><strong>quis</strong></span> <span class='ocrx_word' id='word_1_709' title='bbox 2157 4656 2366 4711; x_wconf 86' lang='lat' dir='ltr'><strong>scilicet</strong></span> <span class='ocrx_word' id='word_1_710' title='bbox 2406 4656 2700 4720; x_wconf 79' lang='lat' dir='ltr'><strong>existimet,</strong></span> <span class='ocrx_word' id='word_1_711' title='bbox 2758 4658 2930 4723; x_wconf 88' lang='lat' dir='ltr'><strong>quod,</strong></span> <span class='ocrx_word' id='word_1_712' title='bbox 2982 4655 3445 4723; x_wconf 87' lang='lat' dir='ltr'><strong>quemadmodum</strong></span> 
     </span>
    </p>
   </div>
   <div class='ocr_carea' id='block_1_97' title="bbox 1878 4744 3446 4816">
    <p class='ocr_par' dir='ltr' id='par_1_97' title="bbox 1878 4744 3446 4816">
     <span class='ocr_line' id='line_1_97' title="bbox 1878 4744 3446 4816; baseline -0.003 -14"><span class='ocrx_word' id='word_1_713' title='bbox 1878 4748 2144 4811; x_wconf 87' lang='lat' dir='ltr'><strong>homines,</strong></span> <span class='ocrx_word' id='word_1_714' title='bbox 2171 4747 2327 4810; x_wconf 87' lang='lat' dir='ltr'><strong>alias,</strong></span> <span class='ocrx_word' id='word_1_715' title='bbox 2364 4746 2558 4816; x_wconf 90' lang='lat' dir='ltr'><strong>primis</strong></span> <span class='ocrx_word' id='word_1_716' title='bbox 2591 4747 2742 4800; x_wconf 85' lang='lat' dir='ltr'><strong>ausis</strong></span> <span class='ocrx_word' id='word_1_717' title='bbox 2769 4756 2825 4799; x_wconf 91' lang='lat' dir='ltr'><strong>ct</strong></span> <span class='ocrx_word' id='word_1_718' title='bbox 2850 4747 3142 4799; x_wconf 89' lang='lat' dir='ltr'><strong>conatibus</strong></span> <span class='ocrx_word' id='word_1_719' title='bbox 3177 4744 3446 4810; x_wconf 83' lang='lat' dir='ltr'><strong>frustrati,</strong></span> 
     </span>
    </p>
   </div>
   <div class='ocr_carea' id='block_1_98' title="bbox 182 4835 1767 4920">
    <p class='ocr_par' dir='ltr' id='par_1_98' title="bbox 182 4835 1767 4920">
     <span class='ocr_line' id='line_1_98' title="bbox 182 4835 1767 4920; baseline 0.008 -28"><span class='ocrx_word' id='word_1_720' title='bbox 182 4835 285 4892; x_wconf 74' lang='grc' dir='ltr'>οὖν</span> <span class='ocrx_word' id='word_1_721' title='bbox 345 4840 419 4910; x_wconf 88' lang='grc' dir='ltr'>μή</span> <span class='ocrx_word' id='word_1_722' title='bbox 479 4857 563 4904; x_wconf 88' lang='grc' dir='ltr'><strong>τις</strong></span> <span class='ocrx_word' id='word_1_723' title='bbox 607 4842 881 4917; x_wconf 81' lang='grc' dir='ltr'>ὑπονοήσῃ</span> <span class='ocrx_word' id='word_1_724' title='bbox 923 4844 1101 4911; x_wconf 79' lang='grc' dir='ltr'>τοῦτο,</span> <span class='ocrx_word' id='word_1_725' title='bbox 1140 4846 1348 4902; x_wconf 83' lang='grc' dir='ltr'>ἄνωθεν</span> <span class='ocrx_word' id='word_1_726' title='bbox 1387 4850 1680 4920; x_wconf 77' lang='grc' dir='ltr'>προέλεγον</span> <span class='ocrx_word' id='word_1_727' title='bbox 1718 4854 1767 4905; x_wconf 90' lang='grc' dir='ltr'><strong>οί</strong></span> 
     </span>
    </p>
   </div>
   <div class='ocr_carea' id='block_1_99' title="bbox 1869 4835 3441 4920">
    <p class='ocr_par' dir='ltr' id='par_1_99' title="bbox 1873 4837 3441 4910">
     <span class='ocr_line' id='line_1_99' title="bbox 1873 4837 3441 4910; baseline -0.003 -14"><span class='ocrx_word' id='word_1_728' title='bbox 1873 4843 1977 4897; x_wconf 87' lang='lat' dir='ltr'><strong>alia</strong></span> <span class='ocrx_word' id='word_1_729' title='bbox 2006 4842 2089 4895; x_wconf 89' lang='lat' dir='ltr'><strong>via</strong></span> <span class='ocrx_word' id='word_1_730' title='bbox 2119 4856 2231 4896; x_wconf 91' lang='lat' dir='ltr'><strong>rem</strong></span> <span class='ocrx_word' id='word_1_731' title='bbox 2256 4839 2684 4910; x_wconf 88' lang='lat' dir='ltr'><strong>aggrediuntur;</strong></span> <span class='ocrx_word' id='word_1_732' title='bbox 2721 4839 2795 4893; x_wconf 88' lang='lat' dir='ltr'><strong>ita</strong></span> <span class='ocrx_word' id='word_1_733' title='bbox 2819 4853 3041 4908; x_wconf 87' lang='lat' dir='ltr'><strong>quoque</strong></span> <span class='ocrx_word' id='word_1_734' title='bbox 3078 4837 3221 4892; x_wconf 87' lang='lat' dir='ltr'><strong>Deus</strong></span> <span class='ocrx_word' id='word_1_735' title='bbox 3251 4838 3441 4907; x_wconf 85' lang='lat' dir='ltr'><strong>egerit.</strong></span> 
     </span>
    </p>
   </div>
   <div class='ocr_carea' id='block_1_100' title="bbox 184 4930 1767 5007">
    <p class='ocr_par' dir='ltr' id='par_1_100' title="bbox 184 4931 1767 5007">
     <span class='ocr_line' id='line_1_100' title="bbox 184 4931 1767 5007; baseline 0.008 -24"><span class='ocrx_word' id='word_1_736' title='bbox 184 4931 476 5002; x_wconf 78' lang='grc' dir='ltr'>προφῆται</span> <span class='ocrx_word' id='word_1_737' title='bbox 523 4933 623 5003; x_wconf 77' lang='grc' dir='ltr'>τὴν</span> <span class='ocrx_word' id='word_1_738' title='bbox 672 4937 977 5006; x_wconf 84' lang='grc' dir='ltr'>παρουσίαν</span> <span class='ocrx_word' id='word_1_739' title='bbox 1033 4938 1197 4992; x_wconf 81' lang='grc' dir='ltr'>αὐτοῦ</span> <span class='ocrx_word' id='word_1_740' title='bbox 1222 4954 1237 4969; x_wconf 77' lang='grc'><em>’</em></span> <span class='ocrx_word' id='word_1_741' title='bbox 1265 4940 1353 4994; x_wconf 79' lang='grc' dir='ltr'>ἵνα</span> <span class='ocrx_word' id='word_1_742' title='bbox 1390 4941 1657 5007; x_wconf 80' lang='grc' dir='ltr'>δείξωσιν,</span> <span class='ocrx_word' id='word_1_743' title='bbox 1685 4944 1767 4997; x_wconf 86' lang='grc' dir='ltr'>ὅτι</span> 
     </span>
    </p>
   </div>
   <div class='ocr_carea' id='block_1_101' title="bbox 1869 4930 3445 5007">
    <p class='ocr_par' dir='ltr' id='par_1_101' title="bbox 1872 4930 3445 5003">
     <span class='ocr_line' id='line_1_101' title="bbox 1872 4930 3445 5003; baseline -0.001 -16"><span class='ocrx_word' id='word_1_744' title='bbox 1872 4932 1950 4989; x_wconf 82' lang='lat' dir='ltr'><strong>Ne</strong></span> <span class='ocrx_word' id='word_1_745' title='bbox 1976 4934 2140 5003; x_wconf 87' lang='lat' dir='ltr'><strong>quis,</strong></span> <span class='ocrx_word' id='word_1_746' title='bbox 2197 4933 2438 5002; x_wconf 89' lang='lat' dir='ltr'><strong>inquam,</strong></span> <span class='ocrx_word' id='word_1_747' title='bbox 2492 4931 2565 4985; x_wconf 87' lang='lat' dir='ltr'><strong>ita</strong></span> <span class='ocrx_word' id='word_1_748' title='bbox 2612 4931 2942 5000; x_wconf 83' lang='lat' dir='ltr'><strong>suspicetur,</strong></span> <span class='ocrx_word' id='word_1_749' title='bbox 3000 4930 3276 5000; x_wconf 68' lang='lat' dir='ltr'><strong>propheta:</strong></span> <span class='ocrx_word' id='word_1_750' title='bbox 3333 4930 3445 4999; x_wconf 89' lang='lat' dir='ltr'><strong>jam</strong></span> 
     </span>
    </p>
   </div>
   <div class='ocr_carea' id='block_1_102' title="bbox 184 5020 1767 5104">
    <p class='ocr_par' dir='ltr' id='par_1_102' title="bbox 184 5023 1765 5104">
     <span class='ocr_line' id='line_1_102' title="bbox 184 5023 1765 5104; baseline 0.007 -29"><span class='ocrx_word' id='word_1_751' title='bbox 184 5023 331 5085; x_wconf 71' lang='grc' dir='ltr'>Θεὸς</span> <span class='ocrx_word' id='word_1_752' title='bbox 383 5024 443 5076; x_wconf 71' lang='grc' dir='ltr'>οὐ</span> <span class='ocrx_word' id='word_1_753' title='bbox 488 5026 856 5095; x_wconf 79' lang='grc' dir='ltr'>σκεπτόμενος</span> <span class='ocrx_word' id='word_1_754' title='bbox 907 5028 1150 5099; x_wconf 82' lang='grc' dir='ltr'>εὑρίσκει</span> <span class='ocrx_word' id='word_1_755' title='bbox 1198 5030 1260 5083; x_wconf 81' lang='grc' dir='ltr'>τὸ</span> <span class='ocrx_word' id='word_1_756' title='bbox 1302 5031 1620 5104; x_wconf 77' lang='grc' dir='ltr'>συμφέρον,</span> <span class='ocrx_word' id='word_1_757' title='bbox 1651 5032 1765 5086; x_wconf 86' lang='grc' dir='ltr'>ἀλλ’</span> 
     </span>
    </p>
   </div>
   <div class='ocr_carea' id='block_1_103' title="bbox 1869 5020 3444 5104">
    <p class='ocr_par' dir='ltr' id='par_1_103' title="bbox 1872 5020 3444 5091">
     <span class='ocr_line' id='line_1_103' title="bbox 1872 5020 3444 5091; baseline -0.004 -11"><span class='ocrx_word' id='word_1_758' title='bbox 1872 5024 2001 5080; x_wconf 87' lang='lat' dir='ltr'><strong>olim</strong></span> <span class='ocrx_word' id='word_1_759' title='bbox 2050 5026 2340 5078; x_wconf 82' lang='lat' dir='ltr'><strong>adventum</strong></span> <span class='ocrx_word' id='word_1_760' title='bbox 2382 5021 2502 5091; x_wconf 85' lang='lat' dir='ltr'><strong>ejus</strong></span> <span class='ocrx_word' id='word_1_761' title='bbox 2554 5020 3013 5091; x_wconf 77' lang='lat' dir='ltr'><strong>pramuntiarunt,</strong></span> <span class='ocrx_word' id='word_1_762' title='bbox 3047 5029 3106 5074; x_wconf 91' lang='lat' dir='ltr'><strong>ut</strong></span> <span class='ocrx_word' id='word_1_763' title='bbox 3136 5020 3216 5074; x_wconf 87' lang='lat' dir='ltr'><strong>sic</strong></span> <span class='ocrx_word' id='word_1_764' title='bbox 3256 5029 3444 5075; x_wconf 89' lang='lat' dir='ltr'><strong>osten-</strong></span> 
     </span>
    </p>
   </div>
   <div class='ocr_carea' id='block_1_104' title="bbox 185 5110 1767 5193">
    <p class='ocr_par' dir='ltr' id='par_1_104' title="bbox 185 5114 1766 5193">
     <span class='ocr_line' id='line_1_104' title="bbox 185 5114 1766 5193; baseline 0.007 -27"><span class='ocrx_word' id='word_1_765' title='bbox 185 5114 289 5167; x_wconf 77' lang='grc' dir='ltr'>ἀπ’</span> <span class='ocrx_word' id='word_1_766' title='bbox 317 5114 493 5185; x_wconf 78' lang='grc' dir='ltr'>ἀρχῆς</span> <span class='ocrx_word' id='word_1_767' title='bbox 530 5118 749 5189; x_wconf 81' lang='grc' dir='ltr'>προῖδεν</span> <span class='ocrx_word' id='word_1_768' title='bbox 786 5120 1024 5174; x_wconf 68' lang='grc' dir='ltr'>ἄπαντα.</span> <span class='ocrx_word' id='word_1_769' title='bbox 1059 5122 1252 5191; x_wconf 80' lang='grc' dir='ltr'>Ἡμεῖς</span> <span class='ocrx_word' id='word_1_770' title='bbox 1297 5123 1397 5193; x_wconf 69' lang='grc' dir='ltr'>μὲν</span> <span class='ocrx_word' id='word_1_771' title='bbox 1438 5124 1545 5193; x_wconf 80' lang='grc' dir='ltr'><strong>γὰρ</strong></span> <span class='ocrx_word' id='word_1_772' title='bbox 1583 5126 1632 5177; x_wconf 82' lang='grc' dir='ltr'>οἱ</span> <span class='ocrx_word' id='word_1_773' title='bbox 1673 5125 1766 5177; x_wconf 82' lang='grc' dir='ltr'>ἄν·</span> 
     </span>
    </p>
   </div>
   <div class='ocr_carea' id='block_1_105' title="bbox 1869 5110 3445 5193">
    <p class='ocr_par' dir='ltr' id='par_1_105' title="bbox 1870 5110 3445 5185">
     <span class='ocr_line' id='line_1_105' title="bbox 1870 5110 3445 5185; baseline -0.005 -12"><span class='ocrx_word' id='word_1_774' title='bbox 1870 5118 2073 5180; x_wconf 86' lang='lat' dir='ltr'><strong>derent,</strong></span> <span class='ocrx_word' id='word_1_775' title='bbox 2111 5116 2276 5170; x_wconf 87' lang='lat' dir='ltr'><strong>Deum</strong></span> <span class='ocrx_word' id='word_1_776' title='bbox 2334 5129 2440 5169; x_wconf 84' lang='lat' dir='ltr'><strong>non</strong></span> <span class='ocrx_word' id='word_1_777' title='bbox 2472 5128 2567 5185; x_wconf 86' lang='lat' dir='ltr'><strong>per</strong></span> <span class='ocrx_word' id='word_1_778' title='bbox 2606 5112 3023 5167; x_wconf 84' lang='lat' dir='ltr'><strong>meditationem</strong></span> <span class='ocrx_word' id='word_1_779' title='bbox 3059 5110 3356 5180; x_wconf 82' lang='lat' dir='ltr'><strong>quamdam</strong></span> <span class='ocrx_word' id='word_1_780' title='bbox 3390 5121 3445 5165; x_wconf 89' lang='lat' dir='ltr'><strong>et</strong></span> 
     </span>
    </p>
   </div>
   <div class='ocr_carea' id='block_1_106' title="bbox 183 5201 1767 5285">
    <p class='ocr_par' dir='ltr' id='par_1_106' title="bbox 183 5204 1767 5285">
     <span class='ocr_line' id='line_1_106' title="bbox 183 5204 1767 5285; baseline 0.008 -30"><span class='ocrx_word' id='word_1_781' title='bbox 183 5204 408 5273; x_wconf 84' lang='grc' dir='ltr'>θρωποι</span> <span class='ocrx_word' id='word_1_782' title='bbox 444 5207 812 5277; x_wconf 86' lang='grc' dir='ltr'>σκεπτόμεθα,</span> <span class='ocrx_word' id='word_1_783' title='bbox 851 5209 966 5273; x_wconf 79' lang='grc' dir='ltr'>καὶ,</span> <span class='ocrx_word' id='word_1_784' title='bbox 995 5210 1089 5264; x_wconf 70' lang='grc' dir='ltr'><strong>ὲάν</strong></span> <span class='ocrx_word' id='word_1_785' title='bbox 1120 5210 1483 5283; x_wconf 79' lang='grc' dir='ltr'>ἀποτύχωμεν</span> <span class='ocrx_word' id='word_1_786' title='bbox 1499 5213 1597 5285; x_wconf 84' lang='grc' dir='ltr'>τῆς</span> <span class='ocrx_word' id='word_1_787' title='bbox 1619 5215 1767 5284; x_wconf 79' lang='grc' dir='ltr'>πρώ-</span> 
     </span>
    </p>
   </div>
   <div class='ocr_carea' id='block_1_107' title="bbox 1869 5201 3445 5285">
    <p class='ocr_par' dir='ltr' id='par_1_107' title="bbox 1869 5201 3445 5277">
     <span class='ocr_line' id='line_1_107' title="bbox 1869 5201 3445 5277; baseline -0.006 -11"><span class='ocrx_word' id='word_1_788' title='bbox 1869 5208 2404 5277; x_wconf 86' lang='lat' dir='ltr'><strong>clrcumspcctionem</strong></span> <span class='ocrx_word' id='word_1_789' title='bbox 2432 5207 2507 5269; x_wconf 90' lang='lat' dir='ltr'><strong>id,</strong></span> <span class='ocrx_word' id='word_1_790' title='bbox 2535 5203 2677 5274; x_wconf 90' lang='lat' dir='ltr'><strong>quod</strong></span> <span class='ocrx_word' id='word_1_791' title='bbox 2708 5202 2971 5271; x_wconf 86' lang='lat' dir='ltr'><strong>prodesse</strong></span> <span class='ocrx_word' id='word_1_792' title='bbox 3002 5204 3199 5272; x_wconf 86' lang='lat' dir='ltr'><strong>possit,</strong></span> <span class='ocrx_word' id='word_1_793' title='bbox 3226 5201 3445 5257; x_wconf 88' lang='lat' dir='ltr'><strong>tandem</strong></span> 
     </span>
    </p>
   </div>
   <div class='ocr_carea' id='block_1_108' title="bbox 182 5292 1767 5374">
    <p class='ocr_par' dir='ltr' id='par_1_108' title="bbox 182 5292 1762 5374">
     <span class='ocr_line' id='line_1_108' title="bbox 182 5292 1762 5374; baseline 0.008 -30"><span class='ocrx_word' id='word_1_794' title='bbox 182 5310 291 5363; x_wconf 80' lang='grc' dir='ltr'><strong>της</strong></span> <span class='ocrx_word' id='word_1_795' title='bbox 324 5292 541 5364; x_wconf 82' lang='grc' dir='ltr'>πείρας,</span> <span class='ocrx_word' id='word_1_796' title='bbox 584 5296 669 5365; x_wconf 75' lang='grc' dir='ltr'><strong>ἐφ’</strong></span> <span class='ocrx_word' id='word_1_797' title='bbox 700 5298 894 5370; x_wconf 70' lang='grc' dir='ltr'>ἑτέραν</span> <span class='ocrx_word' id='word_1_798' title='bbox 925 5300 1324 5372; x_wconf 74' lang='grc' dir='ltr'>μεταϐαίνομεν</span> <span class='ocrx_word' id='word_1_799' title='bbox 1345 5320 1357 5333; x_wconf 88' lang='grc'><strong>·</strong></span> <span class='ocrx_word' id='word_1_800' title='bbox 1386 5304 1415 5355; x_wconf 87' lang='grc' dir='ltr'><strong>ό</strong></span> <span class='ocrx_word' id='word_1_801' title='bbox 1434 5302 1490 5356; x_wconf 64' lang='grc' dir='ltr'>δὲ</span> <span class='ocrx_word' id='word_1_802' title='bbox 1516 5303 1646 5368; x_wconf 74' lang='grc' dir='ltr'>Θεὸς</span> <span class='ocrx_word' id='word_1_803' title='bbox 1664 5305 1762 5374; x_wconf 77' lang='grc' dir='ltr'><strong>οὐχ</strong></span> 
     </span>
    </p>
   </div>
   <div class='ocr_carea' id='block_1_109' title="bbox 1869 5292 3435 5374">
    <p class='ocr_par' dir='ltr' id='par_1_109' title="bbox 1869 5294 3435 5367">
     <span class='ocr_line' id='line_1_109' title="bbox 1869 5294 3435 5367; baseline -0.008 -10"><span class='ocrx_word' id='word_1_804' title='bbox 1869 5302 2153 5365; x_wconf 72' lang='lat' dir='ltr'><strong>detexisse,</strong></span> <span class='ocrx_word' id='word_1_805' title='bbox 2202 5299 2295 5355; x_wconf 89' lang='lat' dir='ltr'><strong>sed</strong></span> <span class='ocrx_word' id='word_1_806' title='bbox 2322 5297 2390 5353; x_wconf 88' lang='lat' dir='ltr'><strong>ab</strong></span> <span class='ocrx_word' id='word_1_807' title='bbox 2423 5298 2577 5351; x_wconf 85' lang='lat' dir='ltr'><strong>initio</strong></span> <span class='ocrx_word' id='word_1_808' title='bbox 2612 5295 2792 5367; x_wconf 84' lang='lat' dir='ltr'><strong>potius</strong></span> <span class='ocrx_word' id='word_1_809' title='bbox 2830 5294 3017 5349; x_wconf 86' lang='lat' dir='ltr'><strong>omnia</strong></span> <span class='ocrx_word' id='word_1_810' title='bbox 3069 5294 3435 5365; x_wconf 80' lang='lat' dir='ltr'><strong>perspexisse.</strong></span> 
     </span>
    </p>
   </div>
   <div class='ocr_carea' id='block_1_110' title="bbox 265 5472 705 5543">
    <p class='ocr_par' dir='ltr' id='par_1_110' title="bbox 265 5472 705 5543">
     <span class='ocr_line' id='line_1_110' title="bbox 265 5472 705 5543; baseline 0 -12"><span class='ocrx_word' id='word_1_811' title='bbox 265 5476 310 5509; x_wconf 83' lang='lat'>&quot;</span> <span class='ocrx_word' id='word_1_812' title='bbox 344 5472 482 5531; x_wconf 84' lang='lat' dir='ltr'><strong>Gen.</strong></span> <span class='ocrx_word' id='word_1_813' title='bbox 516 5491 589 5543; x_wconf 80' lang='lat' dir='ltr'><strong>vr,</strong></span> <span class='ocrx_word' id='word_1_814' title='bbox 624 5475 705 5531; x_wconf 82' lang='lat' dir='ltr'><strong>l2.</strong></span> 
     </span>
    </p>
   </div>
   <div class='ocr_carea' id='block_1_111' title="bbox 1702 5632 1927 5690">
    <p class='ocr_par' dir='ltr' id='par_1_111' title="bbox 1702 5632 1927 5690">
     <span class='ocr_line' id='line_1_111' title="bbox 1702 5632 1927 5690; baseline 0.004 -4"><span class='ocrx_word' id='word_1_815' title='bbox 1702 5632 1927 5690; x_wconf 65' lang='lat' dir='ltr'><strong>NOTAE.</strong></span> 
     </span>
    </p>
   </div>
   <div class='ocr_carea' id='block_1_112' title="bbox 260 5791 1549 5867">
    <p class='ocr_par' dir='ltr' id='par_1_112' title="bbox 260 5791 1549 5867">
     <span class='ocr_line' id='line_1_112' title="bbox 260 5791 1549 5867; baseline -0.004 -20"><span class='ocrx_word' id='word_1_816' title='bbox 260 5792 381 5867; x_wconf 57' lang='grc' dir='ltr'><strong>(δη</strong></span> <span class='ocrx_word' id='word_1_817' title='bbox 413 5792 510 5867; x_wconf 59' lang='grc' dir='ltr'>τὴν</span> <span class='ocrx_word' id='word_1_818' title='bbox 538 5792 646 5867; x_wconf 34' lang='grc' dir='ltr'><strong>Ῑῆν-</strong></span> <span class='ocrx_word' id='word_1_819' title='bbox 675 5791 874 5867; x_wconf 78' lang='lat' dir='ltr'><strong>addidi.</strong></span> <span class='ocrx_word' id='word_1_820' title='bbox 916 5809 1077 5867; x_wconf 62' lang='lat' dir='ltr'><strong>sensu</strong></span> <span class='ocrx_word' id='word_1_821' title='bbox 1128 5796 1197 5847; x_wconf 88' lang='lat' dir='ltr'><strong>ita</strong></span> <span class='ocrx_word' id='word_1_822' title='bbox 1222 5798 1549 5867; x_wconf 62' lang='lat' dir='ltr'><strong>postulante.</strong></span> 
     </span>
    </p>
   </div>
   <div class='ocr_carea' id='block_1_113' title="bbox 1942 5792 2932 5863">
    <p class='ocr_par' dir='ltr' id='par_1_113' title="bbox 1942 5792 2932 5863">
     <span class='ocr_line' id='line_1_113' title="bbox 1942 5792 2932 5863; baseline 0.003 -19"><span class='ocrx_word' id='word_1_823' title='bbox 1942 5799 2045 5840; x_wconf 62' lang='lat' dir='ltr'><strong>:H‘J&#39;</strong></span> <span class='ocrx_word' id='word_1_824' title='bbox 2076 5798 2162 5846; x_wconf 62' lang='grc' dir='ltr'>καί</span> <span class='ocrx_word' id='word_1_825' title='bbox 2192 5795 2377 5863; x_wconf 72' lang='grc' dir='ltr'>τρέμῃ,</span> <span class='ocrx_word' id='word_1_826' title='bbox 2411 5794 2575 5847; x_wconf 80' lang='lat' dir='ltr'><strong>debou</strong></span> <span class='ocrx_word' id='word_1_827' title='bbox 2598 5792 2932 5847; x_wconf 72' lang='lat' dir='ltr'><strong>Gulbcrtino.</strong></span> 
     </span>
    </p>
   </div>
   <div class='ocr_carea' id='block_1_114' title="bbox 264 5860 1166 5933">
    <p class='ocr_par' dir='ltr' id='par_1_114' title="bbox 264 5860 1166 5933">
     <span class='ocr_line' id='line_1_114' title="bbox 264 5860 1166 5933; baseline 0.001 -17"><span class='ocrx_word' id='word_1_828' title='bbox 264 5862 381 5932; x_wconf 60' lang='grc' dir='ltr'>(διε)</span> <span class='ocrx_word' id='word_1_829' title='bbox 417 5860 507 5917; x_wconf 80' lang='lat' dir='ltr'><strong>Sic</strong></span> <span class='ocrx_word' id='word_1_830' title='bbox 535 5862 685 5918; x_wconf 80' lang='lat' dir='ltr'><strong>Coll).</strong></span> <span class='ocrx_word' id='word_1_831' title='bbox 718 5878 815 5932; x_wconf 81' lang='lat' dir='ltr'><strong>pro</strong></span> <span class='ocrx_word' id='word_1_832' title='bbox 846 5862 1166 5933; x_wconf 73' lang='grc' dir='ltr'>ἐμπαθὲσιν.</span> 
     </span>
    </p>
   </div>
  </div>
