4174 6450
132 408 232 470 849

998 410 1097 469 AD
1134 409 1725 472 AMPHILOCHIUM
1749 410 2093 483 QUIESTIO
2147 412 2378 485 CLXII,
2413 413 2674 473 CLXIII.

3286 417 3391 478 850

129 521 281 580 ποίας
310 519 540 581 κτίσεως
567 520 738 585 λέγει,
765 519 842 583 είς
879 520 1086 590 κτίσμα
1124 522 1221 574 τὸν
1250 521 1380 575 Υίὸν
1399 523 1450 576 oi
1476 523 1697 595 ἀνόητοι
1729 556 1739 586 λ

1816 525 1952 594 quali
1980 534 2230 579 creatura
2252 526 2528 596 loquatur,
2546 524 2744 581 Filium
2777 528 3093 599 insipientes
3140 532 3191 585 in
3237 550 3389 587 crea-

128 610 550 672 καταϐιϐάζουσι
575 625 591 641 ι
633 609 786 681 διττὴ
818 609 928 681 δὲή
965 611 1160 676 κτίσις⁸
1185 614 1219 682 ἡ
1252 612 1352 682 μὲν
1387 614 1498 684 γάρ
1547 616 1699 669 ἐστιν

130 701 542 772 ἡγεγενημένη.
593 703 768 773 ήδὲὴ
822 703 1310 775 ἀνακαινιζομίνη.
1366 706 1539 769 Αὐτὸς
1588 708 1699 779 γὰρ

128 793 333 853 Παῦλος
383 792 512 862 βοᾷ·
552 813 570 845 ι
612 793 760 857 Εῖτις
798 795 856 847 ἐν
909 794 1168 864 Χριστῷ,
1210 797 1374 867 καινὴ
1425 798 1635 862 κτίσις’
1674 817 1693 852 ι

128 881 210 933 ἵνα
233 881 291 933 δὲ
323 879 590 950 λαμπρῶς
627 882 905 953 ἀποδείξῃ,
932 883 1016 937 ὅτι
1064 888 1161 952 τῆς
1215 886 1700 960 ἀνακαινισθείσης

128 976 359 1038 κτίσεως
372 975 520 1043 λέγει
538 975 883 1046 πρωτότοκον
894 978 983 1030 τὸν
995 978 1250 1047 Χριστὸν,
1265 980 1479 1048 ἐπάγειο
1499 1000 1518 1032 ι
1540 981 1700 1051 Πρω-

126 1068 342 1129 τῦτοκος
365 1069 428 1119 ἐκ
453 1067 683 1137 νεκρῶν,
716 1068 805 1121 ἴνα
827 1068 1052 1137 γένηται
1078 1070 1137 1121 ὲν
1156 1072 1293 1123 πᾶσι
1317 1072 1616 1143 πρωτεύων
1632 1089 1646 1103 ο
1676 1089 1694 1123 ι

128 1154 426 1223 πρωτεύων
454 1155 563 1207 τῶν
591 1154 986 1226 ἀνακαινιζομέ
998 1174 1117 1224 νων,
1139 1157 1251 1211 τῶν
1283 1160 1365 1222 είς
1389 1160 1701 1230 ἀφθαρσίαν

128 1246 519 1314 καλουμένων,
562 1246 670 1298 τῶν
732 1246 799 1299 ὲκ
852 1247 1060 1318 νεκρῶν
1111 1248 1507 1320 ἀγειρομένων·
1550 1268 1702 1322 πρω-

126 1336 324 1395 τεύων,
354 1337 416 1389 οὺ
474 1336 619 1389 κατά
662 1337 762 1406 τὴν
817 1337 1049 1409 θεότητα
1077 1352 1092 1368 ⁶
1124 1340 1306 1407 ἀπαγε
1328 1357 1343 1372 ·
1374 1341 1532 1411 ὓδρις
1591 1342 1702 1414 γάρ

124 1424 266 1493 Θεῷ,
298 1425 361 1477 τὸ
389 1425 667 1478 καλεῖσθαι
711 1424 930 1496 πρῶτον
978 1426 1088 1479 τῶν
1148 1429 1488 1499 κτισμάτων,
1510 1430 1566 1493 ὃς
1599 1432 1700 1502 ἀρο

125 1519 276 1586 ῥήτῳ
307 1518 449 1587 λόγῳ
479 1518 574 1571 καὶ
595 1518 939 1590 ἀνεπινοήτῳ
968 1519 1212 1590 ὑπεροχῇ
1245 1522 1428 1589 πάσης
1460 1522 1703 1592 ὑπερήρο

122 1625 287 1677 τηται
321 1612 414 1661 κα)⁸
442 1610 553 1680 (9|)
585 1611 938 1683 ύπερίδρυται
967 1612 1183 1681 φύσεως
1211 1627 1227 1642 ⁶
1261 1612 1398 1665 ἀλλὰ
1433 1613 1703 1683 πρωτεύει

124 1700 270 1752 κατά
308 1718 369 1768 γε
414 1702 514 1772 τὴν
542 1701 959 1773 ἀνθρωπότητα,
994 1703 1236 1773 ἀρχηγὸς
1281 1704 1438 1773 ήμῶν
1465 1705 1705 1773 γεγονὼς

120 1793 228 1859 τῆς
262 1791 629 1856 ἀναστάσεως,
656 1794 754 1846 κα).
786 1793 886 1862 τῆς
920 1796 986 1847 ὲκ
1030 1794 1236 1864 φθορᾶς
1275 1796 1355 1856 είς
1392 1797 1704 1869 ἀφθαρσίαν

1804 624 2048 669 turarum
2086 631 2375 671 numerum
2410 617 2729 674 detrudunt.
2759 618 2877 675 Jam
2913 637 3042 675 vero
3073 623 3273 693 duplex
3302 636 3386 679 est

1800 718 2068 763 creatura:
2113 724 2333 779 genus:
2379 709 2483 764 alia
2522 720 2607 765 est
2648 710 2903 777 condita,
2951 714 3053 768 alia
3106 724 3386 771 renovata.

1802 800 1920 871 Ipse
1948 801 2095 854 enim
2148 799 2350 855 Paulus
2373 800 2609 857 clamat:
2644 822 2662 854 ι
2704 803 2759 857 Si
2787 804 2907 873 quis
2936 804 2988 858 in
3020 806 3241 861 Christo
3283 820 3386 873 cst,

1799 906 1939 946 nova
1964 900 2050 947 est
2084 901 2332 947 creatura
2364 893 2409 924 "
2432 932 2447 947 .
2492 911 2509 945 ι
2550 891 2621 947 Ut
2660 910 2786 948 vero
2808 896 2954 949 clare
2986 898 3299 951 ostenderet
3332 916 3389 953 se

1800 982 2080 1039 Christum
2131 984 2554 1054 primogenitum
2602 984 2783 1041 dicere
2808 1026 2822 1050 ,
2856 985 3042 1040 habito
3072 987 3139 1041 ad
3168 998 3387 1042 creatu—

1801 1089 1917 1130 ram
1938 1084 2250 1130 reum-aiam
2276 1085 2549 1145 respectu,
2585 1077 2860 1149 subiungit
2888 1096 2901 1131 :
2933 1096 2950 1129 ι
2990 1076 3390 1148 Primogenitus

1799 1183 1865 1225 ex
1896 1170 2148 1233 mortuis,
2189 1180 2247 1222 ut
2282 1168 2574 1236 primatum
2604 1170 2745 1224 inter
2772 1184 2962 1228 omnes
3009 1173 3337 1226 obtineat“:
3365 1194 3381 1224 ι

1802 1261 2093 1331 primatum
2161 1260 2369 1315 scilicet
2429 1262 2570 1317 inter
2626 1278 2742 1323 eos.
2797 1264 2890 1333 qui
2951 1266 3197 1319 renovati
3240 1276 3389 1327 sunt,

1803 1352 1896 1421 qui
1930 1350 1995 1403 ad
2029 1349 2602 1420 incorruptibilitatem
2642 1353 2855 1418 vomti,
2906 1354 2998 1423 qui
3043 1369 3108 1409 ex
3160 1353 3390 1407 mortuis

1802 1440 2057 1504 excitati;
2106 1440 2401 1509 primatum
2453 1452 2632 1506 tenet,
2686 1459 2792 1498 non
2860 1443 3161 1497 secundum
3215 1443 3394 1499 deita-

1801 1541 1912 1588 tem
1945 1548 1960 1594 ;
2002 1529 2145 1583 absit
2177 1530 2323 1587 hoc!
2365 1532 2624 1601 injuriutn
2664 1532 2809 1586 enim
2840 1532 3023 1595 fuerit,
3061 1532 3233 1587 Deum
3275 1533 3390 1601 pri-

1805 1642 1950 1682 mum
1980 1639 2353 1682 creaturarum
2395 1625 2708 1694 vocari,qui
2749 1624 2960 1680 ratione
2988 1626 3222 1694 quadam
3253 1624 3386 1678 inef-

1806 1719 1957 1776 fabili
2004 1730 2059 1775 ρι
2097 1718 2486 1790 praerogativa,
2535 1717 2806 1772 intellectu
2859 1733 2966 1771 non
3024 1718 3391 1787 assequenda.

1807 1827 1973 1882 supra
2006 1826 2226 1867 omnem
2266 1818 2517 1864 naturam
2548 1809 2759 1879 positus
2790 1818 2845 1864 et
2876 1818 3099 1865 evectus
3134 1819 3237 1863 est.
3286 1808 3392 1863 Sed

125 1884 686 1953 μεταστοιχειώσεως.
722 1885 779 1936 Ei
810 1902 919 1955 γαρ
966 1888 995 1939 ὁ
1046 1884 1157 1955 (92)
1202 1886 1390 1949 Ἠλίας
1439 1886 1533 1940 τὸν
1593 1891 1707 1941 υἱὸν

1816 1877 2104 1976 primatum
2138 1912 2282 1958 tenet
2312 1877 2611 1958 secundum
2648 1901 3064 1963 humanitatem,
3088 1900 3199 1954 dux
3230 1899 3394 1954 nobis

118 1976 230 2044 τῆς
259 1976 432 2046 χήρας
460 1976 671 2045 ἤγειρε.
708 1978 803 2029 καὶ
842 1977 1145 2041 Ἐλισσαῖος
1171 1978 1262 2031 si»;
1284 1978 1382 2047 τῆς
1399 1980 1706 2049 Σωμανίτι-

120 2066 245 2130 δας,
275 2068 369 2120 καὶ
406 2069 566 2130 αὐτὸς
588 2071 615 2121 6
648 2069 838 2139 Σωτὴρ
871 2070 1120 2141 τεταρίον
1151 2070 1279 2122 em
1311 2071 1562 2142 Λάζαρον
1594 2090 1713 2127 συν-

121 2159 508 2230 εξανέστησεν,
539 2161 655 2214 ἀλλ’
687 2162 864 2224 οὐδεὶς
906 2161 1086 2217 αὐτῶν
1136 2161 1248 2231 (93)
1291 2165 1372 2226 είς
1400 2164 1711 2234 ἀφθαρσίαν

124 2249 229 2302 καὶ
259 2250 558 2304 ἀθανασίαν
580 2251 861 2322 ἐξανέστη.
890 2253 1062 2307 Πάλιν
1091 2254 1200 2323 γάρ
1229 2254 1409 2307 αὐτῶν
1442 2256 1551 2325 (94)
1572 2256 1713 2310 όθά-

123 2357 293 2403 νατος
326 2341 660 2411 ἐκυρίευσεν.
696 2344 929 2413 Χριστὸς
954 2344 1010 2397 δὲ
1039 2344 1275 2409 ἀναστάς
1298 2348 1361 2398 ἐκ
1378 2347 1589 2417 νεκρῶν
1611 2347 1712 2399 οὐκ

123 2434 216 2487 ἔτι
253 2434 607 2506 ἀποθνήσκει,
658 2437 887 2502 θάνατος
937 2438 1103 2492 αὐτοῦ
1143 2441 1244 2494 οὐκ
1299 2440 1378 2494 ἔτι
1443 2439 1712 2511 κυριεύει.

136 2525 433 2580 ’Δλλόύδὲ
487 2527 730 2594 ἐκείνων,
760 2529 855 2589 οὓς
900 2530 1043 2584 κατά
1086 2530 1184 2601 τὴν
1227 2531 1488 2603 δευτέραν
1548 2531 1714 2586 αὐτοῦ

122 2619 439 2690 παρουσίαν
469 2620 787 2690 ἀναστήσει.
826 2622 890 2673 ’Ὤ
923 2620 1101 2689 κακῆς
1145 2622 1240 2674 καὶ
1289 2622 1521 2691 ἄφρονος
1558 2620 1715 2693 ἡμῶν

122 2708 401 2778 γνώμηςι
436 2705 599 2780 ἦλθεν
623 2712 651 2763 ὁ
680 2711 912 2780 Χριστὸς
961 2711 1098 2782 πρὸς
1138 2714 1320 2783 ἡμᾶς,
1356 2714 1555 2768 ἔδωκεν
1585 2715 1716 2785 ἡμῖν

121 2800 193 2851 τὸ
219 2796 385 2851 αὑτοῦ
421 2798 646 2868 Πνεῦμα
682 2800 818 2869 (95),
868 2800 962 2855 καὶ
1008 2802 1274 2856 ἀνέλαϐεν
1337 2803 1399 2856 τδ
1449 2804 1717 2876 ἡμέτερον

123 2891 319 2959 σῶμα,
346 2890 517 2943 καὶτὸ
544 2890 897 2963 συνάλλαγμα
914 2892 1182 2963 προῆλθεν
1211 2911 1223 2925 ·
1248 2896 1344 2947 καὶ
1364 2894 1545 2950 λαϐὼν
1562 2895 1717 2967 ἡμῶν

119 2984 192 3035 τὸ
255 2981 483 3051 φύραμα
528 2982 812 3051 ἀνύψωσεν
871 2984 1025 3049 αὐτὸ,
1054 2986 1150 3037 καὶ
1178 2986 1433 3040 ἐκάθισεν
1461 2988 1520 3040 ἑν
1568 2987 1719 3057 δεξιᾷ

125 3071 235 3126 τοῦ
293 3072 538 3142 Πατρόςο
581 3074 675 3126 καὶ
732 3076 765 3143 ἠ
823 3075 1186 3146 ἀγνωμοσύνη
1249 3077 1349 3146 τὴν
1403 3078 1719 3145 εὐεργεσίαν

123 3162 676 3235 ὑϐρίξεισὲλάσομεν
736 3166 796 3232 ἐξ
842 3166 1009 3219 αὑτοῦ
1038 3166 1100 3219 τὸ
1149 3167 1396 3238 Πνεῦμα,
1431 3170 1525 3221 καὶ
1568 3168 1720 3240 669i-

1811 1997 1985 2052 l'actus
2017 1996 2084 2050 ad
2116 1995 2590 2053 resurrectionem.
2620 2001 2674 2047 et
2712 1992 2777 2045 ad
2811 1991 3386 2061 incorruptibilitatetn

1809 2105 1875 2144 ex
1911 2088 2263 2157 corruptione
2292 2082 2747 2155 consequendam.
2772 2082 3034 2148 Quamvis
3065 2082 3210 2136 enim
3246 2080 3396 2135 Elias

1813 2180 1989 2234 viduze
2033 2178 2204 2232 lilium
2255 2176 2534 2239 excitavit,
2568 2173 2824 2228 Elissaus
2856 2189 2985 2227 vero
3028 2173 3180 2227 illum
3214 2171 3397 2227 Suna-

1813 2270 2046 2332 mitidis,
2105 2269 2362 2323 Servatur
2410 2267 2647 2335 denique
2697 2274 2881 2321 noster
2938 2266 3240 2327 Lazarum,
3302 2279 3397 2331 per

1812 2361 2163 2431 quatriduum
2210 2367 2511 2419 mortuum,
2552 2355 2604 2408 in
2656 2353 2823 2407 vitam
2871 2352 3185 2417 revocavit;
3235 2366 3397 2405 nemo

1815 2460 1995 2505 tamen
2028 2462 2219 2502 eorum
2268 2448 2336 2499 ad
2372 2442 2940 2514 incorruptibilitatem
2974 2451 3028 2495 et
3071 2438 3397 2494 immortali-

1816 2546 1984 2591 tatem
2021 2534 2342 2589 resurrexit.
2388 2530 2533 2588 llors
2559 2532 2705 2585 enim
2754 2530 2807 2583 in
2839 2526 2959 2583 illos
2994 2529 3189 2582 iterum
3221 2525 3399 2579 domi—

1819 2637 1945 2682 nata
1979 2634 2080 2681 est.
2116 2618 2372 2680 Christus
2416 2638 2569 2687 vero,
2603 2630 2889 2692 postquam
2944 2635 3009 2673 ex
3049 2618 3281 2673 mortuis
3311 2632 3397 2669 re-

1817 2717 2074 2781 surrexit,
2105 2731 2215 2770 non
2261 2714 2456 2769 iterum
2505 2713 2755 2772 moritur,
2808 2725 2957 2764 mors
3004 2709 3057 2761 in
3111 2707 3260 2760 illum
3292 2721 3398 2759 non

1820 2808 2053 2879 amplius
2085 2805 2400 2862 dominatur
2427 2805 2496 2869 ",
2531 2805 2672 2859 sicut
2724 2816 2823 2856 nec
2870 2801 2922 2854 in
2979 2814 3096 2864 eos,
3166 2813 3306 2866 quos
3345 2797 3399 2849 in

1822 2898 2063 2956 secundo
2092 2896 2326 2952 adventu
2354 2909 2454 2949 suo
2482 2893 2755 2949 excitabit.
2792 2892 2835 2945 Ο
2867 2890 3151 2946 sinistrum
3183 2899 3235 2942 et
3264 2889 3400 2941 insi-

1819 2989 1976 3057 piens
2025 2994 2272 3039 nostrum
2318 2982 2628 3052 judicium!
2680 2980 2935 3036 Christus
2975 2980 3121 3033 venit
3152 2978 3219 3033 ad
3252 2991 3400 3031 nos:

1820 3077 1970 3133 dedit
1995 3076 2155 3131 nobis
2188 3073 2452 3145 Spiritum
2482 3088 2642 3128 suum
2670 3092 2683 3127 :
2716 3072 3016 3141 assumpsit
3041 3085 3170 3125 vero
3202 3083 3403 3135 corpus

1822 3173 2071 3219 nostrum
2105 3179 2119 3216 :
2156 3161 2295 3216 facta
2327 3170 2411 3216 est
2443 3161 2770 3231 permutatio
2805 3176 2821 3214 :
2857 3172 3094 3214 massam
3129 3158 3274 3212 enim
3302 3170 3404 3208 no.

125 3226 306 3324 ξομες)
357 3257 413 3308 ὲν
459 3226 722 3328 κτίσμασι
777 3226 876 3312 καὶ
932 3258 1145 3321 δούλοις
1198 3226 1332 3312 αύτδ
1384 3226 1717 3328 καταλέγον-

1822 3268 1990 3314 stram
2012 3266 2348 3325 assumptam
2371 3255 2570 3319 evexit,
2602 3263 2655 3309 et
2677 3254 2743 3308 ad
2769 3254 3013 3308 dextram
3038 3251 3212 3307 I’atris
3232 3251 3405 3305 collo-

122 3363 254 3409 τες.

1820 3350 1985 3405 cavit.
2040 3346 2161 3403 Jam
2193 3362 2321 3404 vero
2366 3349 2611 3418 ingratus
2658 3348 2874 3403 animus
2904 3347 2959 3400 in
2990 3345 3405 3401 beneﬁcentiam

128 3440 289 3496 hanc
319 3440 551 3510 iniurius
598 3454 703 3499 est.
731 3443 988 3500 Naturam
1015 3461 1079 3499 cx
1112 3446 1270 3500 nobis
1299 3448 1692 3516 assumpsit,et
1751 3461 1782 3501 a
1820 3444 2025 3501 dextris
2076 3443 2255 3499 Patris
2309 3444 2596 3498 collocavit
2629 3462 2641 3498 :
2692 3459 2791 3498 nos
2843 3443 2913 3497 ab
2965 3442 3057 3495 illo
3090 3442 3404 3511 accepimus

130 3532 446 3605 Spiritum;
481 3545 536 3591 et
569 3537 648 3590 vel
699 3538 779 3593 sic
813 3539 1012 3608 injuria
1037 3539 1305 3595 allicimus
1357 3540 1501 3595 inter
1530 3548 1805 3595 creaturas
1836 3546 1891 3595 et
1924 3552 2112 3594 servos
2136 3536 2287 3591 illum
2324 3547 2689 3591 numerantes.

668 3716 1001 3771 ΕΡΩΤΗΣΙΣ
1035 3717 1198 3773 ΡΞΓ.

457 3931 514 3982 Τι’
532 3931 664 3984 ἐστι
688 3930 901 3998 δέησις
925 3934 1024 3987 καὶ
1065 3934 1411 4003 προσευχῆς

2043 3712 2370 3781 ρυιετιο
2434 3712 2635 3768 cum
2702 3711 2887 3781 tuom.
2956 3711 3195 3775 cxcut.

2355 3783 2517 3840 Taur.
2547 3781 2901 3855 CLXXXIII].

2118 3944 2259 4011 Quid
2288 3955 2365 3998 est
2392 3945 2599 4012 δέησις
2625 3958 2674 3999 ct
2721 3946 3031 4014 προσευχὴ
3056 3947 3135 3998 ¹⁶ϊ

642 4098 894 4151 Editarum
918 4116 945 4151 a
976 4103 1153 4155 Woltio
1176 4107 1411 4167 vigesima
1434 4116 1579 4159 sexta
1605 4112 1662 4172 (l.
1688 4124 1753 4172 c.,
1778 4115 1965 4177 p.802,
1988 4117 2099 4167 805.
2128 4117 2351 4169 Galland.
2390 4133 2439 4181 p.
2462 4119 2573 4178 7—i7,
2593 4120 2704 4179 788,
2739 4135 2787 4169 ιι.
2821 4118 2919 4181 i2).

218 4273 367 4333 ’Ὀτι⁹
384 4275 535 4342 φησι,
556 4273 666 4343 (96)
686 4273 869 4345 δέησις
886 4276 982 4345 μὲν
998 4276 1237 4344 λέγεται,
1250 4277 1378 4332 ὅταν
1393 4279 1583 4343 τιςτὸν
1599 4280 1734 4337 Θεὸν

133 4365 294 4429 diu!
321 4366 403 4428 είς
431 4367 661 4434 πρᾶγμα
686 4383 702 4397 ο
730 4368 1007 4438 προσευχὴ
1028 4369 1109 4432 δὲ,
1142 4370 1271 4424 ὅταν
1287 4370 1429 4442 ὑμνῇ
1451 4372 1543 4425 τὸν
1565 4372 1729 4427 Θεόν⁹

1911 4289 2143 4361 Διησις,
2196 4291 2403 4361 inquit,
2455 4291 2675 4355 dicitur,
2718 4288 2937 4361 quando
2966 4291 3089 4360 quis
3128 4290 3293 4344 Deum
3345 4292 3413 4345 ad

1838 4395 1924 4435 res
1964 4396 2092 4437 suas
2130 4380 2492 4451 perﬁciendae
2526 4380 2794 4434 advocat:
2846 4379 3147 4449 προσευχὴ,
3198 4379 3417 4448 quando

137 4456 480 4525 εὐχαριστία
504 4463 582 4519 δε,
610 4458 739 4510 ὅταν
772 4475 856 4521 τις
890 4460 1029 4530 ὑπὲρ
1050 4452 1125 4514 ὧν
1159 4460 1383 4529 ἔπαθεν,
1413 4462 1574 4532 χάριν
1605 4462 1732 4517 ἀνθ-

1837 4468 2003 4525 Deum
2036 4471 2218 4526 laudat
2250 4488 2264 4525 :
2300 4470 2641 4541 εὐχαριστία,
2678 4469 2896 4539 quando
2930 4484 3029 4538 pro
3055 4468 3291 4537 acceptis
3324 4469 3422 4524 bc—

136 4548 390 4617 ομολογῇ
413 4547 490 4618 τῷ
520 4548 638 4619 θεῷ
658 4566 673 4583 ο
708 4550 928 4621 ἐντυχία
949 4552 1027 4619 δὲ,
1060 4554 1190 4606 ὅταν
1210 4570 1295 4613 τις
1318 4556 1461 4609 κατά
1480 4554 1591 4608 τῶν
1620 4556 1734 4610 ἀδι-

139 4637 401 4691 κούντων
427 4640 731 4712 ἐντυγχάνῃ
752 4642 832 4713 τῷ
853 4643 974 4715 Θεῷ
997 4645 1469 4716 προσκαλούμενος
1494 4646 1606 4718 (97)
1633 4646 1733 4699 αύ-

134 4731 247 4781 τδν
279 4730 362 4789 είς
386 4729 686 4799 εκδίκησιν.
722 4731 844 4786 Ὅτι
884 4733 938 4786 δὲ
966 4735 1025 4787 τὸ
1066 4738 1417 4807 ἐντυγχάνειν
1467 4738 1567 4790 ούκ
1595 4737 1733 4802 ἔστι,

139 4819 345 4889 φησὶν,
384 4821 671 4887 ἱκετεύειν,
720 4822 834 4875 ἀλλ’
875 4824 1119 4894 ἐρωτᾷν,
1165 4828 1258 4880 καὶ
1297 4827 1620 4897 ἀπόκρισιν
1639 4827 1736 4882 δέ·

138 4908 390 4977 χεσθαι,
419 4906 568 4975 λέγει
588 4911 616 4963 ὁ
644 4909 776 4973 Θεὸς
805 4914 941 4983 πρὸς
961 4915 1051 4967 τὸν
1086 4914 1291 4970 Ἠλίαν*
1318 4934 1339 4969 ε
1377 4917 1441 4968 Τί
1467 4918 1531 4972 σὺ
1554 4916 1745 4972 ενταῦ-

228 5060 332 5113 "Il
363 5063 489 5119 Cor.
522 5081 572 5130 v,
607 5066 668 5118 i7
770 5066 1033 5125 “Coloss.
1070 5086 1109 5132 ι,
1135 5070 1221 5125 18.
1298 5072 1341 5104 ⁸⁸
1372 5070 1528 5127 Rom.
1561 5087 1635 5135 vr,
1682 5070 1737 5126 9.

1841 4556 2049 4613 neliciis
2078 4558 2280 4628 gratias
2312 4555 2420 4612 Deo
2442 4556 2552 4625 agit
2578 4573 2591 4608 :
2621 4554 2837 4625 ἑντυχία
2862 4571 3008 4619 vero,
3041 4556 3265 4624 quando
3294 4555 3419 4623 quis

1841 4645 2103 4701 adversus
2138 4646 2368 4715 iujurios
2402 4643 2569 4699 Deum
2602 4645 2931 4714 interpellat,
2971 4660 3207 4714 euntque
3238 4645 3305 4699 ad
3339 4644 3423 4699 tti-

1842 4737 2044 4791 tionem
2085 4736 2402 4793 sumendam
2451 4737 2671 4793 cxcitat.
2701 4736 2854 4804 Quod
2889 4751 3039 4800 vero,
3092 4736 3287 4805 inquit,
3336 4736 3424 4788 έν-

1842 4824 2131 4894 τυγχάνειν
2185 4841 2290 4879 non
2322 4824 2461 4879 idem
2508 4826 2580 4880 sit
2607 4826 2750 4894 quod
2782 4824 3071 4889 ίκετέυειν,
3122 4822 3217 4877 sed
3281 4822 3422 4875 idem

1854 4914 2036 4984 potius
2069 4913 2214 4983 quod
2247 4914 2588 4983 interrogare,
2620 4920 2675 4966 ct
2702 4926 3004 4981 responsum
3036 4909 3291 4978 accipere,
3335 4924 3429 4969 ap.

1814 5072 1859 5104 "
1888 5072 1905 5125 Ι
1934 5070 2071 5125 Tim.
2102 5087 2159 5134 ll,
2193 5071 2238 5123 l.

1669 5250 1880 5309 NOTAE
1892 5290 1906 5303 .

230 5423 346 5497 (εί)
386 5424 900 5497 ὑπερήρτηταιπκαί,
933 5440 997 5481 ex
1020 5428 1256 5483 Coibcrt.

230 5496 351 5563 (92)
378 5496 471 5548 καὶ
512 5496 718 5560 Ἠλίας,
754 5496 907 5552 Colb.

228 5568 351 5634 (93)
384 5565 535 5621 Colb.
570 5584 668 5637 pro
698 5568 877 5622 αὐτόν.

259 5637 354 5699 94)
395 5639 469 5689 Ita
502 5640 682 5692 scribo
725 5654 824 5708 pro
855 5638 1039 5695 αὐτόν.

232 5640 356 5775 (95)
393 5704 646 5762 Fortasse
686 5708 969 5775 legendum
1029 5728 1039 5762 ι

260 5707 356 5774 95)
393 5704 646 5777 Fortasse
686 5704 969 5777 legendum
1029 5719 1113 5764 est
1168 5712 1350 5771 αὐτόν,
1400 5722 1457 5767 ιιι
1490 5712 1553 5765 ad
1586 5710 1748 5765 Citri-

152 5792 315 5834 stum
352 5776 638 5845 referatur,
669 5776 890 5848 quando
946 5795 1093 5835 nunc
1116 5781 1180 5835 ad
1219 5780 1460 5851 Πνεῦμα,
1494 5785 1742 5853 proxime

1862 5432 2207 5493 antecedens,
2239 5439 2463 5499 spectat.

1918 5504 2029 5574 (96)
2059 5492 2429 5574 Cltry_sostt)nti
2458 5501 2568 5554 lucc
2599 5506 2744 5574 sunt,
2774 5509 2934 5574 quem
2956 5492 3163 5574 _Nostcr
3182 5510 3310 5574 tum
3336 5509 3430 5572 ap-

1849 5563 2032 5645 peliat;
2057 5563 2212 5645 Apud
2250 5584 2374 5625 eunt
2399 5577 2579 5624 tamen
2604 5568 2693 5645 illa
2726 5563 2804 5621 ad
2843 5566 2909 5645 Ιιζ
2931 5564 2993 5645 II.
3033 5580 3141 5619 non
3177 5563 3428 5645 iit_venin.

1918 5644 2031 5728 (97)
2056 5634 2211 5728 Colb.
2249 5654 2345 5709 ριζο
2377 5638 2835 5711 προκαλούμενος.
2888 5634 3037 5691 Idem
3062 5648 3193 5690 mox
3227 5634 3308 5685 ἑτι
3334 5646 3430 5703 pro

1849 5715 1985 5783 ἐστί,
2011 5713 2168 5769 male.
