4174 6450
802 387 900 452 851

1953 395 2216 456 ΡΗΟΤΙΙ
2247 397 2754 459 PATRIARCHIE
2791 401 2904 464 ΟΡ.

800 510 949 572 paret
978 518 1044 556 ex
1073 517 1158 565 eo,
1190 501 1332 572 quod
1359 501 1502 558 Deus
1540 504 1607 558 ad
1639 503 1808 557 Eliam
1832 506 1907 558 ait
1937 524 1951 560 :
1985 525 2004 557 ι
2039 506 2179 572 Quid
2200 515 2255 561 tu
2281 507 2359 561 hic

2469 509 2558 573 οα,
2582 511 2771 576 Ἥλία;
2797 530 2815 562 ι
2839 511 3550 584 ἀποκρίνεταιίρωτηθεὶςό
3574 515 3867 584 προφήτης
3883 533 3898 546 ·
3914 535 3934 566 ι
3966 518 4069 585 Ζη-

797 593 934 664 agis,
968 591 1115 645 Elia?
1162 609 1183 642 ι
1216 589 1314 646 llic
1348 592 1712 662 interrogatus
1759 595 2020 662 propheta
2055 597 2375 664 respondet:

805 698 824 730 ι
855 678 981 731 Zelo
1025 679 1232 734 zelatus
1268 693 1390 732 sum
1443 689 1663 748 pr0ptcr
1704 679 1990 734 Dominum
2034 685 2378 751 omnipoten-

797 779 926 833 tem,
958 769 1087 840 quia
1113 778 1165 824 le
1193 771 1551 824 deseruerunt
1594 771 1688 823 lilii
1741 772 1971 827 Israel"
2002 812 2018 837 ,
2063 792 2083 826 ι
2111 786 2218 829 etc.
2265 773 2378 829 Hoc

796 861 917 917 loco
951 879 1056 917 non
1096 872 1179 918 est
1215 862 1396 933 δέησις
1431 863 1757 932 (precatio),
1792 867 1888 919 sed
1929 865 2278 935 interrogatio
2324 876 2380 922 et

797 955 1106 1021 responsio.
1169 952 1244 1007 Ex
1292 963 1525 1022 utroque
1580 965 1762 1008 autem
1820 957 2063 1010 nascitur
2116 957 2373 1023 ἔντευξις.

795 1038 951 1096 Unde
1001 1058 1127 1098 vero
1161 1044 1263 1097 ltoc
1304 1042 1653 1100 manifestum
1704 1045 1824 1100 est?
1853 1044 1995 1099 Audi
2025 1044 2254 1101 Paulum
2301 1049 2374 1104 ita

794 1134 1108 1205 loquentem
1144 1151 1160 1188 :
1194 1153 1212 1185 ι
1249 1131 1444 1190 Nonne
1479 1136 1688 1207 legistis
1731 1137 1873 1205 apud
1923 1137 2094 1191 Eliam
2144 1139 2377 1208 prophe-

797 1234 928 1292 tam,
957 1225 1102 1296 quod
1129 1225 1260 1279 dicit
1305 1223 1615 1296 Scriptura,
1641 1227 1786 1297 quod
1818 1228 2174 1297 interpellarit
2204 1227 2372 1282 Deum

791 1328 980 1371 contra
1011 1317 1262 1373 lsraelem
1283 1317 1362 1372 ⁸⁸2
1395 1338 1415 1370 ι
1471 1316 1658 1389 Itaque
1684 1317 1903 1388 ἐντυχία
1941 1336 2049 1373 non
2099 1320 2239 1373 idem
2291 1330 2376 1374 est

790 1405 935 1473 quod
964 1403 1171 1475 δέησις.
1202 1405 1379 1474 Atque
1427 1405 1540 1460 [nec
1583 1405 1802 1474 quidem
1840 1405 2002 1460 habet
2047 1407 2373 1476 Clirysosto-

792 1511 933 1549 mus.
964 1493 1126 1550 Juvat
1154 1511 1280 1550 vero
1320 1499 1636 1551 accuratius
1665 1497 1719 1550 in
1764 1497 1958 1550 Irarum
1990 1512 2184 1551 vocum
2217 1497 2372 1554 δεσυ-

789 1584 1018 1638 rentiam
1059 1585 1360 1656 inquirere,
1416 1602 1481 1641 ac
1528 1588 1692 1641 simul
1723 1586 2041 1652 ostendere,
2084 1589 2229 1658 quod
2262 1605 2368 1642 non

789 1677 966 1730 solum
997 1677 1150 1748 copia
1180 1693 1276 1731 sua
1313 1678 1556 1733 dicenda
1593 1679 1706 1732 sint
1756 1679 2022 1744 sufﬁcere,
2074 1679 2166 1733 sed
2202 1679 2366 1732 etiam

789 1766 915 1830 illis,
947 1767 1040 1837 qui
1070 1783 1163 1821 eas
1203 1767 1459 1822 solertius
1499 1777 1752 1823 excutere
1793 1769 2081 1836 voluerint,
2141 1769 2369 1822 inteme-

789 1868 919 1911 rata:
961 1867 1016 1912 et
1048 1858 1210 1913 salva:
1242 1867 1557 1927 appareant.

786 2030 1110 2100 QUJ‘ZSTIO
1127 2032 1331 2088 CLXIV
1360 2032 1548 2106 [Cois].
1567 2033 1799 2099 CXCIV,
1827 2034 1989 2090 Taur.
2007 2031 2360 2105 CLXXXIV].

793 2227 813 2260 ι
851 2207 1028 2280 Neque
1062 2210 1200 2265 enim
1255 2211 1414 2280 pudet
1467 2228 1549 2264 me
1597 2211 1870 2281 Evangelii
1912 2229 1931 2265 :
1955 2213 2173 2281 justitia
2226 2214 2366 2266 enim

1366 2300 1567 2365 Dei"',
1608 2319 1627 2352 ι
1669 2310 1774 2355 etc.

2391 1871 2438 1928 B

2481 598 2588 652 λῶν
2645 601 2896 671 ἐζήλωκα
2953 603 3139 674 Κυρίῳ
3204 605 4067 675 παντοκράτορι,ὄτιέγκατέὶι-

2480 692 2581 743 τεόν
2619 709 2676 745 σε
2705 695 2808 746 υἱοὶ
2833 695 3072 766 Ἰσραὴλ,
3110 713 3129 746 ι
3154 697 3249 749 καὶ
3268 695 3422 762 ἑξῆς.
3462 697 3572 750 Καὶ
3620 699 3720 751 οὐκ
3769 698 3931 750 ἐστιν
3981 703 4064 752 ἔνο

2477 780 2652 832 ταῦθα
2704 781 2911 852 δέησις,
2962 783 3079 836 ἀλλ’
3110 783 3381 855 ἐρώτησις
3428 786 3520 837 καὶ
3568 785 3894 856 ἀπόκρισις.
3959 791 4064 842 Καὶ

2479 873 2700 940 γέγονεν
2786 875 2846 927 τὺ
2918 876 2978 942 ἐξ
3069 879 3271 946 ἀμφοῖν
3357 877 3615 941 ἔντευξις.
3699 880 3815 932 Καὶ
3896 883 4063 934 πόθεν

2477 966 2668 1036 δῆλονς
2733 969 2947 1022 Παύλου
3022 969 3270 1038 λέγοντος
3353 970 3625 1024 ἄκουσον·
3681 991 3700 1022 ι
3758 975 3884 1025 Οὐκ
3973 976 4061 1026 ἀν-

2478 1059 2678 1127 έγνωτε
2709 1062 2768 1114 ἐν
2802 1061 2960 1130 Ἠλίᾳ
2986 1060 3066 1127 τῷ
3094 1063 3371 1132 προφήτῃ,
3402 1063 3456 1114 τί
3495 1061 3643 1129 λιγει
3675 1065 3709 1132 ἡ
3737 1065 3961 1134 Γραφῇ,
3993 1067 4060 1127 ὡ,

2478 1153 2795 1223 ἐντυγχάνει
2823 1152 2900 1223 τῷ
2925 1153 3069 1220 Θεῷ,
3091 1155 3233 1207 κατὰ
3258 1153 3352 1206 τοῦ
3393 1155 3607 1224 Ἰσραήλ
3631 1173 3645 1219 ;
3683 1174 3702 1206 ι
3736 1155 3958 1208 Οὐκοῦν
3983 1159 4061 1208 ὲν-

2475 1245 2637 1313 τυχία
2676 1246 2778 1297 οὐκ
2820 1244 2934 1298 εστι
2978 1245 3182 1314 δέησις.
3232 1245 3392 1297 Ἀλλὰ
3440 1245 3613 1298 ταῦτα
3650 1246 3752 1315 μὲν
3782 1249 3815 1300 6
3851 1247 4060 1316 Χρυσίδα

2477 1352 2698 1404 στομος.
2730 1337 2822 1388 Δεῖ
2844 1337 2890 1389 δ’
2909 1330 3002 1389 οὖν
3027 1335 3109 1388 ετι
3139 1337 3644 1406 λεπτομερέστερον
3673 1337 3772 1400 τὰς
3791 1338 4057 1404 διαφορὰς

2473 1426 2583 1479 τῶν
2614 1427 2922 1496 εἰρημένων
2949 1427 3232 1495 ὀνομάτων
3249 1427 3670 1493 ἐπισκέψασθαι,
3697 1429 3793 1479 καὶ
3825 1428 4057 1479 ἐπιθεω-

2477 1516 2663 1585 ρῆσαι,
2690 1516 2772 1570 ὅτι
2797 1519 2873 1587 μὴ
2899 1515 2977 1586 τῷ
3009 1515 3205 1585 πλήθει
3231 1517 3393 1585 μόνον
3425 1517 3586 1570 ίκανα
3607 1512 3748 1570 εἶναι
3767 1514 4048 1583 λέγεσθαι,

2472 1609 2608 1662 ἀλλὰ
2639 1608 2859 1670 καὶτοῖς
2891 1607 3195 1678 δεινότερον
3213 1607 3630 1672 διακωδωνίζειν
3660 1609 3844 1663 ταῦτα
3871 1609 4053 1679 βουλο-

2475 1700 2658 1768 μένοις
2683 1698 2934 1752 ἀνάλωτα
2960 1698 3057 1752 καὶ
3081 1698 3471 1769 ἀνεπηρέαστα
3497 1697 3804 1768 διαμένειν.

2978 2030 3310 2086 ΕΡΩἹἮΣΙΣ
3373 2032 3528 2085 ΡΞΔ’.

2478 2229 2498 2262 ι
2546 2212 2628 2264 Οὐ
2660 2209 2770 2280 γὰρ
2798 2210 3241 2279 ἐπαισχύνομαι
3278 2210 3345 2263 τὸ
3389 2210 3791 2276 Εὐαγγέλιον·
3830 2208 4049 2266 δικαιο-

2820 2301 2980 2366 σύνη
3013 2299 3120 2370 γὰρ
3143 2297 3314 2362 Θεοῦ,
3355 2319 3373 2349 ι
3409 2297 3502 2350 καὶ
3524 2295 3689 2364 ἑξῆς.

909 2455 1159 2505 Editarum
1182 2469 1210 2505 a
1238 2455 1415 2504 Wolﬁo
1445 2456 1682 2517 vigesima
1699 2454 1912 2515 septima
1961 2455 2020 2517 (l.
2045 2468 2113 2515 c.,
2135 2468 2184 2516 p.
2217 2453 2447 2504 803-809.
2473 2453 2673 2504 Galland
2695 2467 2740 2514 p.
2768 2452 2995 2513 748-750,
3036 2465 3088 2502 ιι.
3131 2452 3231 2512 45).
3259 2478 3321 2488 -
3349 2451 3402 2499 ιιι
3445 2450 3585 2499 llum.
3629 2464 3662 2511 ι,
3711 2450 3792 2509 16,
3854 2450 3933 2499 l7.

855 2630 1058 2685 Paulus
1089 2631 1169 2684 ait
1199 2649 1213 2685 :
1255 2649 1272 2680 ι
1315 2628 1432 2683 Νοη
1465 2630 1629 2700 pudet
1670 2645 1758 2686 me
1789 2630 2063 2699 Evangelii
2096 2647 2109 2683 ε
2142 2629 2352 2698 iustitia

783 2723 927 2775 enim
965 2721 1055 2774 Dei
1090 2721 1144 2775 in
1177 2722 1271 2774 illo
1300 2722 1590 2775 revelatur.
1623 2739 1644 2772 ο
1676 2721 1959 2787 Quomodo
1988 2735 2116 2776 vero
2141 2721 2354 2788 iustitia

786 2813 877 2866 Dei
918 2813 971 2866 in
1021 2814 1112 2866 illo
1143 2813 1444 2866 reveletur?
1494 2814 1809 2884 quomodo?
1854 2814 2095 2883 inquam.
2147 2812 2204 2866 In
2248 2828 2348 2877 eo,

783 2904 926 2972 qunti
965 2905 1044 2957 lex
1087 2905 1258 2972 prima
1290 2903 1491 2959 Judaeis
1524 2905 1656 2959 solis
1708 2904 1832 2957 data
1879 2914 1983 2968 est,
2031 2919 2138 2957 non
2171 2912 2353 2957 autem

783 2995 993 3049 caneris
1040 2995 1376 3056 hominibus,
1418 2997 1669 3048 eumdem
1718 2995 1958 3063 alioquin
2002 2993 2352 3048 Conditorem

781 3085 1140 3153 eamdemque
1189 3095 1435 3137 naturam
1475 3085 1843 3139 habentibus:
1894 3094 2084 3138 contra
2117 3083 2357 3154 Evange-

784 3177 919 3230 lium
949 3177 1206 3231 omnibus
1231 3177 1423 3230 eodem
1450 3191 1648 3246 genere
1671 3177 1806 3231 ortis
1834 3178 2113 3244 aequaliter
2141 3192 2362 3246 compe-

783 3269 866 3324 tit.
923 3269 979 3322 lu
1025 3269 1118 3321 illo
1169 3283 1299 3321 vero
1344 3268 1555 3336 justitia
1612 3267 1703 3322 Dei
1745 3270 2044 3333 reveletur,
2107 3269 2361 3338 idemque

779 3359 1001 3429 iustitia:
1031 3361 1379 3428 Evangelium
1405 3370 1649 3415 vocatur.
1675 3360 1731 3413 lu
1762 3359 1934 3415 Veteri
1967 3361 2148 3428 itaque
2167 3358 2359 3414 Testa-

780 3463 966 3506 mento
990 3453 1207 3506 vocatio
1241 3467 1345 3506 non
1379 3461 1494 3506 erat
1537 3453 1725 3520 justa;
1785 3466 1960 3522 neque
1987 3452 2131 3505 enim
2167 3465 2358 3506 omnes

781 3541 985 3610 pariter
1015 3541 1242 3595 vocabat
1272 3551 1364 3595 aut
1396 3523 1774 3604 illuminabat;
1807 3541 1902 3596 sed
1935 3538 2153 3596 Iudaeos
2184 3541 2352 3596 solos.

781 3631 968 3702 itaque
990 3647 1096 3686 non
1124 3643 1241 3686 erat
1256 3633 1424 3702 justa,
1455 3633 1547 3687 sed
1578 3632 1933 3695 meonomica,
1955 3648 2183 3701 quaeque
2210 3633 2352 3686 viam

775 3723 1000 3792 justitize
1019 3724 1274 3784 muniret.
1294 3724 1468 3787 Absit,
1489 3732 1548 3777 ut
1570 3724 1713 3778 hanc
1730 3726 1951 3790 iustam,
1972 3725 2117 3780 illam
2134 3742 2262 3780 vero
2281 3727 2357 3780 iu-

779 3816 1002 3881 justam,
1027 3817 1310 3885 appellem!
1334 3817 1444 3870 lmo
1469 3832 1598 3870 vero
1618 3819 1756 3872 hanc
1773 3819 1914 3872 viam
1934 3829 1988 3872 et
2006 3821 2356 3889 praeparatio-

781 3919 902 3958 nem
951 3906 1016 3958 ad
1048 3906 1205 3960 istam
1251 3921 1373 3960 esse
1401 3907 1742 3976 suspicantes
1765 3905 1962 3974 Judzi,
1990 3910 2271 3978 putabant,
2300 3921 2354 3963 et

781 3995 1126 4063 livangelium
1159 3997 1259 4050 sibi
1279 3998 1442 4051 etiam
1465 3998 1620 4056 solis.
1640 3997 1923 4052 sicutolim
1941 3997 2133 4066 legem,
2166 3999 2350 4052 datum

779 4087 864 4140 iri.
893 4087 1090 4141 Praeter
1112 4103 1261 4157 spem
1293 4103 1422 4142 vero
1447 4091 1782 4158 exspectatio
1803 4090 1916 4144 haec
1941 4091 2096 4144 aliter
2132 4091 2347 4145 cecidit.

777 4177 1066 4247 Propterea
1090 4188 1143 4233 et
1163 4179 1327 4232 David
1353 4181 1462 4233 ait:
1486 4199 1504 4230 ι
1535 4179 1999 4250 Exspectavimus.
2020 4197 2054 4236 0
2070 4182 2232 4246 Deus,
2255 4183 2350 4236 mi-

778 4271 1125 4326 sericordiam
1163 4281 1308 4326 tuam
1343 4274 1396 4325 in
1431 4273 1611 4327 medio
1637 4274 1817 4343 populi
1851 4274 2004 4328 tui".
2037 4293 2055 4325 ι
2087 4275 2150 4328 Et
2179 4291 2303 4328 mox
2331 4295 2344 4330 :

2533 2627 2655 2680 Ὅτι
2683 2626 2858 2696 ’φησὶν
2903 2629 2931 2679 6
2978 2623 3209 2688 Παῦλος,
3246 2643 3264 2676 ι
3297 2626 3371 2676 Οὐ
3401 2624 3508 2694 γὰρ
3534 2627 3946 2695 ἐπαισχύνομαι
3995 2626 4048 2677 τ’)

2472 2719 2814 2787 Ἐυαγγέλιον
2837 2735 2850 2751 ο
2881 2718 3195 2786 δικαιοσύνη
3236 2718 3344 2786 γαρ
3391 2717 3527 2768 Θεοῦ
3561 2719 3620 2767 ἐν
3643 2716 3794 2784 αὑτῷ
3828 2720 4040 2768 ἀποκα-

2457 2809 2738 2864 λύπτεται.
2770 2829 2789 2862 ι
2827 2810 2952 2872 Πῶς
2999 2806 3090 2862 οὗν
3125 2809 3437 2878 δικαιοσύνη
3481 2809 3614 2860 Θεοῦ
3641 2811 3694 2859 ἐν
3716 2809 3875 2878 αὑτῴ
3913 2810 4042 2862 ἀπσ-

2460 2903 2822 2968 καλύπτεταις
2882 2902 3004 2965 Πῶς
3049 2901 3196 2970 (98);
3270 2900 3484 2969 Ἐπειδὴ
3529 2904 3557 2953 6
3611 2900 3834 2969 πρῶτος
3890 2903 4048 2968 νόμος

2473 2996 2749 3058 Ἰουδαίοις
2775 2995 2957 3064 μόνοις
2996 2995 3204 3046 ἐδέδοτο
3234 2994 3326 3044 καὶ
3361 2993 3470 3062 (99)
3492 2993 3552 3045 οὗ
3595 2993 3705 3044 τῶν
3739 2992 3927 3045 ἄλλων
3962 2995 4051 3045 ἀν-

2460 3085 2713 3154 θρώπων,
2760 3087 2860 3154 τῆς
2892 3085 3062 3151 αὐτῆς
3125 3085 3482 3152 ὑπαρχόντων
3523 3084 3907 3152 δημιουργίας
3981 3103 4049 3138 κα

2461 3176 2694 3246 φύσεως,
2722 3177 2784 3229 τὸ
2821 3176 2876 3228 δὲ
2912 3176 3244 3243 Εὑαγγέλιυν
3275 3177 3439 3228 πᾶσιν
3472 3176 3753 3244 ὀμοτίμως
3781 3179 3905 3240 τοῖς
3932 3178 4049 3246 ὁμο-

2461 3266 2652 3333 φυέσιν
2681 3267 2906 3327 εἰκότως
2935 3280 2949 3295 °
2987 3266 3046 3317 ἐν
3105 3265 3253 3334 αὐτῷ
3300 3263 3614 3331 δικαιοσύνη
3651 3264 3794 3317 Θεοῦ
3831 3268 4046 3319 ἁποκα·

2458 3359 2718 3413 λύπτεται
2756 3360 2854 3431 (Ι),
2888 3361 2981 3413 καὶ
3015 3361 3260 3413 καλεῖται
3308 3361 3652 3430 δικαιοσύνης
3682 3363 4043 3430 Εύαγγὲλιον.

2470 3452 2558 3503 Ἐν
2585 3451 2764 3504 τοίνυν
2807 3455 2871 3523 τῇ
2900 3453 3114 3523 ιίαλαιᾷ
3155 3452 3402 3524 Διαθήκῃ
3429 3454 3530 3506 οὐκ
3567 3449 3635 3520 ἦν
3664 3455 3695 3522 ἡ
3738 3454 3944 3523 κλῆσις
3973 3456 4046 3506 δι-

2457 3541 2587 3594 καία
2616 3558 2630 3574 ο
2662 3541 2723 3594 οὐ
2744 3541 2853 3612 γὰρ
2897 3542 3099 3610 ὁμοίως
3134 3542 3343 3604 πάντας
3375 3543 3560 3596 ἐκάλει
3589 3546 3683 3595 καὶ
3730 3542 4004 3610 ἐφώτιζεν
4031 3560 4043 3570 ’

2455 3634 2566 3694 τοῖς
2610 3633 2879 3696 Ἰουδαίοις
2911 3632 2967 3685 δι
3001 3633 3182 3702 μόνοις
3216 3633 3314 3699 (‘2).
3342 3633 3456 3685 υύκ
3480 3629 3546 3700 ἦν
3582 3633 3674 3685 οὖν
3697 3633 3916 3696 δικαία,
3941 3636 4044 3686 ἀλλ’

2455 3723 2794 3794 οἰκονομικὴ,
2821 3722 3427 3792 προπαρασκευάζουσα
3463 3721 3578 3773 ὁδὸν
3603 3725 3666 3791 τῇ
3697 3721 4041 3792 δικαιοσύνῃ’

2454 3818 2514 3869 οὑ
2562 3817 2704 3884 λέγω
2764 3817 2966 3888 ταύτην
3001 3817 3216 3869 δικαίαν
3249 3856 3263 3881 ,
3322 3816 3582 3885 κάκείνην
3635 3815 3848 3868 ἄδικον.
3911 3818 4043 3869 Ἀλλ’

2454 3910 2667 3979 ἐκείνην
2717 3910 2836 3962 ὁδὸν
2888 3909 3092 3978 ταύτης
3155 3911 3250 3963 καὶ
3318 3909 3772 3976 προκατασκευὴν
3835 3912 4038 3977 ταύτης

2456 4003 2832 4070 ὑπελὰμῦανον
2893 4003 2943 4056 ol
3003 4002 3280 4066 Ἰουδαῖοι,
3330 4003 3410 4053 ὅτι
3452 4002 3545 4053 καὶ
3599 4001 3657 4052 τὸ
3705 4001 4042 4068 [εὐαγγέλιον

2452 4095 2630 4156 αὐτοῖς
2674 4093 2960 4164 δοθήσεται
3003 4095 3096 4145 καὶ
3136 4095 3340 4163 μόνοις,
3388 4091 3575 4161 ὥσπερ
3621 4091 3716 4143 καὶ
3768 4093 3798 4142 6
3832 4093 4000 4158 νόμος
4026 4106 4037 4117 ⁸

2451 4187 2610 4256 ἐξέϐη
2639 4187 2694 4238 δὲ
2735 4186 2864 4254 παρ’
2902 4186 3122 4248 ἐλπίδας
3167 4187 3199 4255 ἠ
3241 4184 3560 4255 προσδοκία·
3609 4184 3687 4236 6:6
3743 4185 3842 4237 καὶ
3879 4184 4040 4236 Δαόὶδ

2449 4278 2645 4345 λέγειί
2668 4277 3059 4347 ’Υπελάσομεν,
3081 4277 3110 4328 6
3134 4276 3284 4339 Θεὸς,
3301 4275 3362 4326 τὸ
3387 4275 3534 4337 ἔλεός
3560 4291 3652 4328 σου
3676 4275 3736 4326 ἐν
3767 4275 3928 4345 μέσῳ
3953 4273 4038 4326 τοῦ

781 4383 799 4415 ι
837 4363 1002 4418 Prout
1049 4380 1242 4420 nomen
1278 4375 1430 4419 tuum
1479 4375 1601 4429 est,
1653 4365 1831 4426 Deus.
1870 4366 1939 4418 ita
1971 4367 2133 4420 etiam
2176 4367 2343 4437 gloria

2462 4366 2577 4418 λαοῦ
2604 4383 2696 4418 σου
2731 4361 2932 4428 ἰεῖτα,
2969 4384 2989 4417 ι
3029 4364 3183 4418 Κατὰ
3205 4365 3266 4416 τὸ
3299 4363 3474 4434 δνομά
3507 4379 3626 4424 σου,
3652 4364 3678 4414 6
3707 4362 3871 4426 Θεὸς,
3902 4363 4038 4416 οὕτω

777 4457 929 4509 tua“
962 4475 975 4510 :
1010 4476 1029 4506 ο
1089 4472 1194 4511 non
1244 4457 1419 4511 solum
1464 4457 1518 4510 in
1564 4457 1742 4512 medio
1793 4459 1976 4526 populi
2010 4460 2119 4522 tui,
2149 4460 2243 4513 sed
2293 4466 2347 4513 et

777 4560 939 4615 super
971 4561 1162 4601 omnes
1193 4547 1329 4602 llnes
1366 4555 1544 4602 terra).
1565 4546 1904 4603 Ostensurus
1924 4559 2103 4602 autem
2123 4549 2348 4618 iustitia:

773 4654 898 4693 esse
914 4639 1159 4694 omnium
1185 4648 1341 4694 terrae
1365 4639 1554 4693 [inium
1581 4640 1850 4705 misereri,
1877 4641 2027 4694 addit
2055 4659 2070 4696 :
2103 4660 2121 4692 ι
2149 4639 2346 4696 Dextra

775 4736 865 4780 tua
925 4729 1081 4796 plena
1136 4737 1220 4782 est
1282 4728 1536 4795 iustitia;
1595 4727 1858 4782 Dominus
1942 4729 2187 4798 regnavit
2213 4731 2280 4783 “.
2321 4748 2340 4779 ι

774 4813 1058 4877 Quomodo
1093 4829 1220 4868 vero
1246 4814 1446 4868 dicitur
1475 4833 1490 4868 :
1549 4833 1569 4865 ι
1605 4815 1850 4883 regnavit
1880 4813 2064 4868 Deus?
2096 4835 2114 4866 ι
2152 4813 2345 4870 Nonne

773 4905 914 4970 ideo,
940 4906 1080 4974 quod
1118 4907 1320 4975 regiam
1357 4905 1503 4960 illam
1527 4905 1843 4974 dignitatem
1883 4921 2072 4960 recens
2099 4907 2343 4976 accepit?

773 4990 829 5045 Si
861 4996 1004 5046 enim
1035 4993 1302 5046 dixisset:
1349 4990 1614 5047 Dominus
1659 5002 1846 5064 regnat
1870 5031 1885 5056 ,
1927 5002 2189 5048 retentum
2220 4994 2341 5063 ejus

879 5167 970 5238 "il
999 5168 1130 5233 Reg.
1161 5184 1276 5231 xIx,
1304 5167 1337 5221 9
1360 5183 1512 5238 seqq.

772 5255 892 5308 xcv,
924 5237 989 5306 9;
1027 5254 1168 5304 xcvi,
1203 5239 1259 5306 l;
1285 5237 1553 5303 xcvut,’l.

1599 5167 1643 5200 ⁸⁸
1673 5167 1830 5222 Rom.
1869 5183 1930 5235 ιι,
1955 5168 2010 5223 2.
2104 5172 2168 5203 ⁸⁸⁸
2204 5173 2359 5229 Rom.

2467 5175 2553 5230 l6.
2639 5179 2680 5210 ¹⁹
2711 5178 2852 5234 Psal.
2895 5194 3061 5245 xtvu,
3095 5179 3148 5235 9.
3233 5181 3278 5212 “
3311 5179 3452 5236 Psal.
3490 5195 3620 5244 xcu,
3654 5179 3702 5233 Ι.

2449 4459 2591 4527 καὶὴ
2620 4456 2824 4519 αίνεσίς
2859 4472 2952 4509 σου
2973 4472 2988 4486 '
3015 4456 3137 4526 οὐχὶ
3167 4457 3225 4510 ἐν
3252 4457 3401 4523 μέσῳ
3427 4453 3525 4507 τοῦ
3555 4453 3684 4508 λαοῦ
3711 4471 3809 4506 σου
3849 4457 4032 4524 μόνον,

2447 4549 2583 4603 ἀλλὰ
2610 4549 2706 4600 ἐπὶ
2745 4547 2812 4601 τὰ
2868 4548 3083 4619 πέρατα
3141 4548 3242 4617 τῆς
3294 4548 3398 4615 γῆς
3427 4561 3440 4575 ·
3480 4547 3570 4600 καὶ
3608 4547 3696 4598 ἵνα
3742 4545 3928 4617 δείξῃ,
3957 4549 4032 4600 ὅτι

2448 4641 2509 4694 τὸ
2539 4639 2757 4710 ἐλεῆσαι
2797 4641 2867 4693 τὰ
2906 4640 3119 4709 πέρατα
3165 4640 3265 4708 τῆς
3313 4639 3416 4706 γῆς
3455 4637 3805 4707 δικαιοσύνης
3863 4640 4031 4699 ἐστὶν,

2448 4731 2644 4798 ἐπάγει
2671 4747 2684 4761 ο
2733 4749 2749 4782 ι
2795 4731 3147 4798 Δικαιοσύνης
3171 4729 3442 4798 πλήρηςή
3478 4729 3629 4792 δεξιά
3669 4745 3789 4782 στω.
3837 4729 3900 4781 ὐ
3933 4731 4036 4783 liti-

2453 4835 2566 4889 pto;
2587 4819 2936 4872 ἐὸασίλευσεν
2966 4836 2978 4848 ·
3022 4838 3039 4870 ι
3073 4819 3207 4882 πῶς,
3233 4839 3250 4869 ι
3285 4821 3313 4870 6
3349 4819 3548 4886 Κύριος
3580 4817 3980 4878 ἐϐασίλευσεν;
4014 4839 4027 4868 ι

2448 4902 2538 4976 ἄρ’
2563 4907 2639 4971 ὼς
2671 4909 2978 4978 πρόσφατον
3007 4908 3186 4962 λαϐὼν
3216 4909 3276 4960 τὸ
3307 4909 3407 4977 τῆς
3442 4907 3724 4978 βασιλείας
3769 4908 4029 4976 ἁξὶωμας

2445 4997 2495 5050 εί
2525 4999 2623 5068 μὲν
2661 4999 2770 5070 γὰρ
2795 4995 2945 5053 εἶπεν
2973 5015 2988 5030 ο
3037 5000 3094 5052 '0
3127 4999 3331 5070 Κύριος
3381 5000 3674 5071 βασιλεύει,
3701 5001 3805 5071 τὴν
3866 5003 4030 5054 ἀΐδιον

3813 5181 3857 5211 ⁸⁸
3889 5179 4022 5235 Psal.

2268 5408 2499 5465 NOTAE.

847 5588 960 5655 (98)
991 5587 1109 5651 πῶς
1132 5582 1224 5642 οὖν
1264 5620 1331 5631 -
1359 5590 1509 5657 πῶς;
1542 5601 1671 5647 sunt
1699 5606 1765 5648 ex
1795 5594 2032 5650 Collicrt.

845 5658 1044 5735 (99)_o-3
1073 5657 1229 5735 (ξομ).
1291 5660 1430 5735 male
1492 5663 1714 5718 omittit.
1773 5664 2082 5720 Memineris
2120 5680 2340 5735 quoque

773 5729 862 5801 hie
889 5727 1412 5801 subintelligendum
1428 5746 1551 5785 esse
1590 5736 1722 5801 τοῖς,
1759 5735 1863 5790 huc
1897 5752 2061 5793 sensu
2093 5753 2107 5789 :
2139 5727 2337 5790 ὶιαὶόὺ

774 5799 884 5862 τοῖς
905 5797 1013 5852 τῶν
1044 5797 1218 5856 am.»
1245 5799 1566 5872 ἀνθρώπιον.

2519 5597 2534 5657 (
2544 5595 2596 5669 l)
2627 5595 3079 5669 ᾀπυκαλύπτεται
3094 5595 3283 5669 _debe0
3304 5595 3634 5669 Colbertino.

2518 5665 2594 5733 (2)
2627 5663 2940 5732 Legendum
2969 5665 3151 5728 fuerit,
3207 5665 3334 5728 τοὺς
3398 5663 3689 5726 Ἰουδαίους
3725 5663 3784 5716 δὲ
3815 5665 4014 5731 μόνους,

2447 5749 2523 5857 ge.
2557 5734 2761 5802 ἐκάλει,
2791 5736 2894 5792 nisi
2927 5752 2991 5792 ex
3026 5735 3404 5806 superioribus
3465 5743 3710 5802 repetere
3753 5735 3889 5790 velis
3915 5733 4016 5785 ἐδέ·

2481 5820 2588 5857 οτο.

2481 5820 2588 5858 οτο.
