4174 6450
740 404 845 468 855

1891 397 2156 460 PHOTII
2193 397 2698 462 PATRIARCH£
2723 401 2835 464 CP.

3905 395 4010 460 856

743 521 941 585 lectus,
988 531 1153 587 super
1190 515 1366 585 capite
1399 521 1720 585 potestatem
1767 511 1972 568 habere
2008 513 2312 584 oportebat,

2441 515 2655 585 ιεφαλῆς
2699 515 2964 586 ἔχειντὴν
3000 516 3251 581 ἐξουσίαν
3301 514 3411 584 (10)
3443 515 3572 578 ἔδει,
3633 511 3726 566 καὶ
3776 511 4007 576 εἰδέναι,

742 620 904 681 atque
937 608 1062 664 inde
1104 608 1377 677 colligere,
1409 606 1578 677 quod,
1602 605 1853 677 quamvis
1885 607 2060 676 capite
2102 605 2318 661 caeteris

743 704 1002 767 emineat,
1037 701 1150 770 ipse
1182 709 1362 753 tamen
1397 700 1502 753 sub
1549 700 1746 768 capite,
1795 698 2072 753 communi
2112 697 2321 752 scilicet

744 795 989 848 omnium
1035 790 1262 846 Domino
1313 800 1368 844 et
1423 790 1790 860 imperatore,
1845 793 1917 844 sit
1964 789 2316 844 constitutus.

747 884 1035 956 Imperium
1061 884 1207 943 enim
1239 881 1459 951 penitus
1487 882 1718 936 liberum
1745 891 1799 937 et
1833 880 2040 951 legibus
2075 881 2316 937 solutum

747 991 910 1045 grave
947 985 1052 1037 est,
1079 984 1130 1030 et
1160 974 1289 1029 lerri
1319 975 1406 1028 vix
1438 985 1637 1045 potest.
1669 974 1960 1044 Propterea
1987 984 2042 1030 et
2073 976 2127 1029 in
2170 973 2322 1029 Novo

747 1067 1103 1125 Testamento
1140 1066 1236 1128 illi,
1278 1065 1372 1134 qui
1407 1065 1713 1120 sacerdotio
1738 1077 1958 1118 summo
1986 1062 2322 1133 inauguran-

749 1169 858 1223 tur,
892 1158 1168 1229 Evangelii
1201 1157 1401 1211 librum
1440 1156 1602 1224 capiti
1649 1155 1967 1225 impositum
2011 1154 2233 1216 habent,
2267 1162 2324 1207 ut

748 1248 927 1303 ollicio
959 1249 1089 1304 huic
1121 1247 1368 1302 initiatus
1414 1245 1700 1314 intelligat.
1734 1261 1795 1301 se
1827 1261 2011 1300 veram
2047 1243 2324 1312 Evangelii

751 1337 944 1390 tiaram
973 1336 1271 1405 accepisse,
1304 1349 1492 1404 seque,
1523 1334 1738 1388 etiamsi
1777 1334 2010 1388 aliorum
2041 1343 2206 1402 caput
2237 1347 2326 1385 sa-

748 1444 843 1482 cro
892 1431 999 1482 ritu
1055 1429 1128 1482 sit
1187 1428 1542 1491 constitutus,
1601 1428 1684 1481 vel
1733 1427 1813 1480 sic
1869 1436 2048 1480 tamen
2114 1424 2326 1493 legibus

751 1520 941 1573 iisdem
990 1518 1295 1588 subjectum
1342 1533 1484 1581 esse,
1521 1516 1758 1584 aliisque
1801 1517 2156 1586 imperantem
2187 1514 2326 1583 legis

750 1610 982 1678 imperio
1020 1609 1212 1665 teneri.
1245 1607 1436 1676 Itaque
1478 1608 1613 1660 tiara
1643 1608 1732 1659 illa
1761 1614 2081 1675 potestatem
2115 1604 2328 1674 signiﬁ-

749 1702 928 1764 cabat,
962 1709 1095 1762 tum,
1144 1713 1307 1768 quam
1349 1698 1402 1750 in
1453 1697 1715 1766 populum
1763 1694 2019 1758 habebat,
2065 1703 2202 1754 tum,
2237 1693 2325 1747 cui

752 1791 866 1861 ipse
895 1791 1158 1846 adversus
1191 1789 1358 1844 Deum
1390 1799 1509 1843 erat
1557 1788 1862 1856 subjectus.
1905 1787 2076 1840 Porro
2107 1787 2324 1839 bractea

2420 607 2501 658 ὃτι
2532 607 2738 676 κεφαλῇ
2767 608 2877 660 τῶν
2903 607 3080 660 ἄλλων
3103 606 3541 675 προϐαλλόμενος
3579 604 3676 657 καὶ
3698 602 3870 666 αὐτὸς
3901 603 4007 654 ὑπὸ

2421 699 2661 769 κεφαλὴν
2690 702 2804 752 ἐστι
2827 699 2920 752 τὸν
2943 699 3123 752 κοινὸν
3147 700 3403 751 ἁπάντων
3419 696 3697 765 Δεσπότην
3713 697 3818 750 καὶ
3848 694 4008 759 ἕξου-

2424 791 2672 859 σιαστήν.
2714 790 3122 858 ’Λπολελυμὲνη
3139 790 3248 860 γὰρ
3265 788 3553 842 αὑθεντεία
3576 791 3672 842 καὶ
3698 789 4010 858 αὐτόνομος

2421 879 2824 950 ἀφόρητός(11)
2857 883 3004 933 ἐστιν
3027 884 3120 934 καὶ
3149 880 3380 950 χαλεπή.
3410 883 3507 933 Διά
3538 880 3695 934 τοῦτο
3723 882 3827 934 καὶ
3851 883 3914 933 ὲν
3947 883 4009 949 τῇ

2425 973 2607 1041 χάριτι
2641 973 2690 1024 οἱ
2729 972 3141 1042 ἀρχιερατεύων
3185 970 3520 1039 τελούμενοι,
3559 973 3621 1024 τὸ
3669 971 4013 1038 Εὐαγγὲλιον

2426 1063 2521 1115 επὶ
2555 1063 2794 1132 κεφαλῆς
2822 1062 3092 1133 δέχονται,
3122 1062 3209 1114 ἵνα
3255 1061 3404 1132 μάθῃ
3428 1062 3457 1112 6
3502 1063 4012 1131 χειροτονούμενος,

2424 1157 2506 1208 ὅτι
2538 1157 2636 1225 τὴν
2670 1155 2926 1226 ἀληθινὴν
2949 1153 3041 1207 τοῦ
3086 1155 3418 1221 Εὑαγγελίου
3459 1156 3656 1222 τιάραν
3703 1156 3992 1223 λαμϐάνει

2426 1245 2519 1297 καὶ
2537 1247 2641 1305 ὅτι.
2670 1245 2718 1297 εί
2747 1245 2841 1298 καὶ
2868 1244 2980 1297 τῶν
3017 1243 3194 1297 ἄλλων
3227 1246 3591 1314 1ερουργείται
3617 1245 3842 1314 κεφαλῇ
3869 1246 4010 1309 (1’2),

2426 1335 2540 1390 ἀλλ’
2571 1331 2664 1388 οὖν
2705 1337 2799 1387 καὶ
2838 1336 2999 1397 αὐτὸς
3032 1335 3139 1389 ὑπὸ
3183 1335 3407 1399 τούτους
3447 1337 3560 1407 (l3)
3607 1336 3855 1389 τελεῖται
3895 1339 4018 1396 τοὺς

2429 1426 2650 1493 νόμους,
2675 1428 2768 1478 καὶ
2799 1426 2908 1480 τῶν
2927 1427 3103 1479 ἀλλων
3131 1426 3353 1496 κρατῶν
3406 1429 3692 1497 κρατεῖται
3727 1427 3814 1488 τῷ
3843 1428 4013 1496 νόμῳ.

2439 1516 2580 1569 Ἀλλ’
2629 1519 2661 1586 ἡ
2717 1517 2817 1586 μὲν
2865 1519 3030 1588 τιάρα
3082 1520 3182 1590 τὴν
3233 1517 3482 1584 ἐξουσίαν
3543 1518 3773 1585 ιτύπου,
3831 1521 3904 1582 ἦν
3959 1535 4017 1571 τε

2428 1609 2589 1672 αὐτὸς
2647 1604 2793 1679 εἶχεν
2839 1609 2934 1663 τοῦ
2969 1609 3122 1673 λαοῦ,
3163 1612 3256 1664 καὶ
3294 1611 3386 1679 ὑφ’
3418 1612 3486 1680 ἢν
3526 1610 3690 1673 αὐτὸς
3713 1612 4019 1681 ἀνεφὶρετο

2427 1693 2521 1748 τοῦ
2545 1693 2680 1748 Θεοῦ
2708 1712 2721 1726 ·
2746 1695 2808 1749 τὸ
2834 1695 2891 1749 δὲ
2927 1696 3156 1749 πέταλον
3184 1696 3247 1749 τὸ
3281 1697 3535 1766 χρυσοῦν,
3560 1698 3618 1750 ἒν
3651 1690 3698 1764 ᾧ
3741 1697 3810 1750 τὸ
3844 1699 4018 1766 ὄνομα

2431 1788 2767 1841 ἐκεκόλαπτο
2802 1787 2896 1841 τοῦ
2943 1787 3104 1853 Θεοῦ,
3128 1787 3380 1841 ἐπέκειτο
3411 1787 3511 1856 μὲν
3540 1787 3620 1857 τῷ
3657 1789 3878 1860 στήθει,
3918 1806 4018 1856 φυ·

752 1896 942 1944 anrea,
1002 1881 1088 1935 cui
1150 1879 1243 1934 Dei
1307 1893 1506 1932 nomen
1555 1888 1673 1931 erat
1726 1876 2075 1945 insculptum,
2125 1873 2328 1943 pectori

2441 1878 2605 1946 λακῆς
2651 1878 2695 1930 δ’
2714 1880 2900 1948 ἐπεῖχε
2933 1879 3104 1932 τύπον
3145 1879 3254 1932 τῶν
3302 1881 3360 1932 εν
3393 1880 3590 1951 καρδίᾳ
3633 1880 3971 1949 κινημάτων
4000 1895 4012 1907 ·

755 1973 1124 2033 incumbebat.
1175 1969 1478 2039 eademque
1528 1985 1692 2039 opera
1734 1968 2099 2038 signiﬁcabat,
2145 1967 2331 2020 cordis

753 2063 979 2119 allectus
1015 2064 1182 2133 probe
1213 2063 1611 2122 observandas.
1639 2061 1972 2128 eosdemque
2014 2059 2080 2112 ad
2125 2059 2332 2112 summi

756 2155 1008 2211 Numinis
1043 2165 1231 2209 nutum
1272 2168 1395 2207 esse
1435 2153 1952 2208 accommodandos.
1989 2148 2046 2204 ln
2089 2149 2337 2204 humeris

755 2256 1020 2315 praeterea
1053 2244 1324 2314 smaragdi
1357 2243 1488 2306 duo,
1525 2259 1620 2298 sex
1652 2244 1894 2297 tribuum
1932 2243 2147 2294 nomina
2184 2241 2332 2304 hinc,

757 2337 907 2393 illinc
959 2351 1090 2392 vero
1136 2337 1358 2390 totidem
1420 2349 1678 2405 expressa
1735 2333 2018 2388 habentes.
2061 2332 2145 2386 llli
2206 2347 2335 2386 vero

757 2429 1061 2499 symbolum
1087 2436 1242 2481 erant
1273 2425 1703 2495 pulchritudinis
1727 2438 1822 2479 seu
1851 2423 2040 2477 forma
2072 2421 2338 2477 sacerdo-

759 2531 866 2573 tem
922 2517 1184 2573 decentis.
1243 2515 1579 2586 Stnaragdus
1626 2516 1812 2580 enim,
1869 2516 2007 2585 lapis
2053 2514 2330 2568 viriditate

756 2611 953 2664 decora
1015 2617 1068 2664 et
1133 2610 1400 2680 pellucida
1452 2611 1690 2681 puritate
1739 2610 2068 2674 instructus,
2127 2608 2336 2679 speculi

759 2702 1070 2756 facultatem
1116 2701 1446 2756 subindicat.
1497 2701 1852 2756 Sacerdotem
1882 2703 2027 2755 enim
2072 2701 2338 2754 virtutum

759 2793 1020 2848 exercitio
1041 2793 1288 2862 vigilare,
1315 2792 1590 2863 vitamque
1619 2808 1776 2847 suam
1807 2794 1935 2855 illis.
1960 2793 2055 2862 qui
2079 2794 2183 2847 sibi
2211 2802 2340 2848 sunt

761 2883 1013 2952 subjecti,
1062 2883 1234 2938 insmr
1282 2883 1490 2951 speculi
1546 2892 1941 2952 repraesentare
1994 2893 2229 2952 oportet.
2283 2883 2339 2938 In

766 2975 1000 3028 humero
1035 2989 1164 3028 vero
1204 2975 1444 3028 haerebat
1486 2976 1829 3042 smaragdus.
1874 2977 2132 3045 quoniam
2177 2976 2344 3030 actio-

763 3065 850 3119 nis
874 3075 991 3119 erat
1014 3064 1295 3118 indicium.
1322 3065 1526 3134 Agendi
1561 3065 1707 3119 enim
1736 3069 1978 3134 potentia
2007 3066 2072 3119 ab
2098 3065 2342 3121 humeris

765 3156 984 3225 pendet.
1009 3156 1304 3224 PrOpterea
1324 3155 1489 3209 etiam
1521 3155 1666 3211 Deus
1693 3157 1760 3210 ad
1789 3155 2093 3210 Jerusalem
2129 3158 2339 3227 inquit:

770 3267 788 3297 ε
819 3247 926 3302 Cor
964 3257 1114 3311 tuum
1172 3248 1415 3302 humeris
1476 3247 1584 3301 tuis
1633 3247 1869 3315 impone,
1916 3247 2338 3303 honoratissima

765 3340 894 3402 ﬁlia,
924 3340 1053 3410 quia
1088 3337 1352 3394 Dominus
1383 3348 1434 3393 te
1465 3339 1520 3393 in
1553 3339 1782 3394 salutem
1811 3339 2018 3393 creavit
2041 3341 2111 3394 “.
2149 3359 2168 3392 ι
2201 3338 2338 3394 Nam

763 3443 817 3484 ct
865 3444 1058 3484 manus
1098 3439 1153 3483 et
1201 3429 1459 3483 humeros
1503 3428 1571 3482 de
1612 3429 1921 3484 actionibus
1959 3431 2157 3499 accipit
2192 3429 2342 3484 Scri-

764 3531 945 3589 ptura,
973 3521 1212 3591 quando,
1242 3535 1293 3575 v.
1315 3534 1390 3589 g..
1422 3517 1490 3573 de
1510 3517 1712 3572 Davide
1740 3519 1849 3573 ait:
1881 3537 1898 3570 ι
1930 3517 1998 3573 Ει
2029 3519 2084 3573 in
2109 3521 2346 3588 pruden-

766 3613 841 3665 tia
876 3625 1136 3665 manuum
1170 3625 1397 3664 suarum
1431 3609 1587 3663 duxit
1633 3624 1730 3664 eos
1752 3610 1822 3663 ’⁷.
1861 3629 1878 3660 ι
1915 3609 2148 3664 Oraculo
2179 3624 2344 3680 porro

771 3703 871 3769 illi,
909 3702 1056 3773 quod
1094 3701 1302 3772 pectori
1348 3711 1468 3755 erat
1517 3710 1784 3770 aptatum,
1815 3700 2101 3756 duodecim
2139 3700 2346 3770 lapides

769 3798 920 3851 inlisi
972 3805 1167 3860 erant,
1220 3793 1314 3862 qui
1367 3792 1657 3847 duodecim
1716 3793 1891 3847 tribus
1943 3791 2344 3862 significabant.

771 3889 873 3943 Hic
899 3888 1060 3942 velim
1097 3886 1378 3948 observes,
1428 3899 1597 3955 supra
1636 3882 1855 3954 quidem
1899 3891 1954 3937 et
2005 3884 2059 3937 in
2104 3882 2346 3938 humeris

771 3996 942 4036 unum
979 3979 1208 4034 omnino
1238 3977 1494 4047 lapidem,
1539 3975 1888 4046 smaragdum
1920 3974 2165 4039 scilicet,
2205 3974 2348 4029 intra

771 4077 956 4121 autem
1012 4074 1067 4120 ct
1121 4066 1174 4120 in
1232 4075 1450 4134 pectore
1499 4065 1785 4120 duodecim
1838 4063 2026 4119 fuisse.
2067 4063 2182 4117 lloc
2220 4080 2348 4118 vero

773 4158 1076 4220 subinuuit,
1121 4171 1222 4210 nos
1260 4170 1451 4210 omnes
1483 4157 1617 4210 olim
1647 4155 1866 4225 quidem
1914 4157 2104 4210 eodem
2150 4169 2348 4224 genere

772 4257 923 4302 ortos
962 4261 1103 4311 esse,
1165 4245 1488 4314 procedente
1533 4261 1666 4300 vero
1715 4257 1957 4314 tempore
2025 4246 2078 4298 in
2133 4245 2349 4300 diversa

776 4339 956 4393 studia
997 4340 1222 4394 seissos.
1272 4338 1459 4407 Itaque
1512 4338 1660 4391 aliud
1714 4339 1897 4392 studio
1941 4348 2151 4404 nostro,
2203 4338 2349 4393 aliud

778 4441 988 4486 natura
1033 4430 1207 4485 fertur
1261 4439 1574 4499 acceptum.
1633 4429 1748 4484 Sub
1786 4429 1999 4484 tlmbria
2049 4431 2350 4486 sacerdotis

779 4523 1213 4592 conspiciebatur
1250 4536 1462 4592 margo,
1496 4520 1656 4591 λῶμα
1682 4521 1886 4585 dictus,
1933 4535 2001 4576 ex
2029 4537 2139 4591 quo
2187 4521 2348 4576 ﬂores

779 4614 906 4667 mali
959 4612 1163 4681 punici,
1223 4611 1364 4665 mala
1414 4612 1618 4680 punica
1661 4624 1827 4664 aurea
1875 4619 1929 4663 et
1985 4609 2349 4663 tintinnabula

779 4704 1107 4774 pendebant.
1136 4703 1423 4768 Quomodo
1451 4717 1581 4756 vero
1605 4704 1716 4756 haec
1740 4700 1848 4754 Deo
1873 4716 1966 4769 per
1982 4716 2041 4754 se
2063 4709 2117 4753 et
2146 4700 2354 4752 ratione

781 4797 1036 4866 praecipui
1081 4795 1294 4850 consilii
1347 4795 1431 4848 sui
1481 4793 1702 4862 placere
1747 4791 2030 4861 poterant?
2073 4792 2187 4845 lmo
2224 4805 2352 4843 vero

784 4893 903 4958 ipso
929 4889 1032 4944 hoc
1059 4887 1362 4944 sacerdotis
1387 4885 1575 4941 habitu
1605 4884 1832 4938 virtutes
1857 4883 2070 4951 depingi
2099 4881 2350 4936 faciebat.

788 4980 890 5046 Qui
921 4979 1059 5034 intra
1086 4986 1244 5034 erant
1270 4976 1430 5032 ﬂores
1472 4986 1526 5031 et
1565 4975 1797 5038 fructus,
1841 4975 2128 5044 praeclaras
2191 4987 2359 5042 quas-

2433 1974 2528 2026 καὶ
2559 1973 2634 2035 ὡς
2681 1973 2761 2025 δεῖ
2791 1973 2967 2026 ταῦτα
3009 1972 3476 2044 καταῤῥυθμίζειν
3509 1973 3623 2043 (Η)
3657 1976 3725 2042 τῇ
3767 1973 3916 2040 πρὸς
3966 1974 4020 2025 τδ

2433 2063 2586 2117 Θείον
2617 2064 2796 2119 νεύσει
2831 2066 2924 2117 καὶ
2956 2066 3202 2135 ἀναφορᾷ
3237 2082 3252 2097 ·
3290 2065 3382 2118 ἐπὶ
3421 2065 3478 2118 δὲ
3524 2065 3635 2118 τῶν
3667 2064 3848 2134 ὤμων
3879 2082 4021 2136 σμα-

2438 2156 2635 2226 ράγδου
2669 2155 2801 2208 λίθοι
2834 2157 2946 2221 δύο,
2973 2156 3188 2226 ἔχοντες
3211 2157 3306 2219 τὰς
3335 2157 3395 2220 ἒξ
3423 2156 3595 2225 φυλὰς
3622 2158 3905 2217 ἐντεῦθεν,
3934 2160 4023 2209 καὶ

2436 2248 2532 2308 τὰς
2563 2245 2621 2308 ἐξ
2652 2244 2922 2299 ἐντεῦθεν.
2949 2241 3109 2300 Οὗτοι
3133 2245 3188 2297 δὲ
3221 2245 3495 2313 σύμϐολον
3519 2240 3662 2314 ἦσαν
3710 2244 3814 2312 τῆς
3845 2244 4020 2311 ὅψεως

2434 2338 2532 2405 τῆς
2561 2336 2953 2406 ἀρχιερατικῆς
2982 2352 2997 2367 ·
3033 2336 3148 2405 ἔχει
3170 2335 3279 2406 γὰρ
3300 2338 3334 2404 ἡ
3356 2335 3449 2388 τοῦ
3481 2334 3806 2404 σμαράγδου
3838 2336 4020 2404 ψῆφος

2437 2428 2532 2478 καὶ
2580 2427 2896 2497 χλωρότητα
2945 2427 3219 2497 εὐπρεπῆ,
3256 2428 3351 2481 καὶ
3392 2427 3749 2496 καθαρότητα
3792 2427 4019 2494 διαυγῆ,

2437 2518 2740 2587 κατόπτρου
2796 2517 3028 2588 δύναμιν
3074 2517 3466 2586 ὑποφαίνουσα.
3519 2519 3628 2570 Καὶ
3664 2518 3778 2587 γὰρ
3823 2518 3906 2569 δεῖ
3936 2519 4028 2569 τὸν

2441 2609 2591 2677 ἱερέα
2617 2610 2710 2661 καὶ
2730 2609 2960 2678 ἀσκήσει
2988 2610 3204 2678 νήφειν,
3229 2609 3325 2661 καὶ
3352 2608 3444 2661 τὸν
3468 2608 3582 2677 βίον
3599 2610 3714 2671 τοῖς
3747 2608 3846 2660 ὑπ’
3864 2609 4028 2660 αὑτὸν

2440 2699 2629 2770 ὥσπερ
2658 2703 2963 2770 κάτοπτρον
3003 2701 3266 2771 παρέχειν
3287 2716 3302 2732 ·
3336 2702 3429 2753 ἐπὶ
3454 2703 3546 2753 τὸν
3566 2696 3794 2769 ὣμονδὲ
3823 2703 3858 2768 ἡ
3884 2702 4028 2770 σμά·

2444 2791 2658 2862 ραγδος,
2725 2791 2913 2861 ἐπειδὴ
2962 2789 3214 2861 πράξεώς
3275 2792 3424 2842 ἐστιν
3489 2794 3717 2859 σημεῖον
3749 2809 3765 2822 ο
3834 2791 3869 2858 ἡ
3923 2790 4029 2857 γάρ

2442 2885 2724 2954 πρακτικὴ
2769 2883 2998 2954 δύναμις
3050 2882 3159 2936 τῶν
3204 2881 3369 2952 ὤμων
3425 2882 3658 2950 ἤρτηται
3696 2903 3708 2912 -
3751 2882 3841 2934 διὸ
3872 2884 3969 2934 καὶ
4005 2882 4031 2932 6

2442 2973 2574 3036 Θεὸς
2620 2977 2755 3043 πρὸς
2798 2975 2897 3044 τὴν
2931 2973 3294 3045 Ἰερουσαλὴμ
3346 2974 3490 3040 λέγει
3529 2973 3664 3042 (l5l'
3726 2992 3744 3023 ί
3794 2973 3907 3036 Θὲς
3937 2973 4033 3041 τὴν

2444 3065 2671 3135 καρδίαν
2729 3081 2823 3118 σου
2881 3067 2974 3117 επὶ
3016 3064 3126 3117 τῶν
3175 3063 3343 3134 ὤμων
3387 3081 3506 3131 σου,
3559 3064 3806 3133 θύγατερ
3867 3067 3904 3135 ἡ
3957 3082 4034 3117 τι·

2451 3155 2698 3224 μωμένη,
2731 3155 2812 3206 ὅτι
2835 3154 3038 3224 Κύριος
3087 3154 3263 3219 κτίζει
3316 3171 3376 3207 σε
3418 3155 3498 3213 εἰς
3525 3156 3804 3224 σωτηρίαν
3831 3170 3847 3184 ·
3894 3173 3913 3205 ι
3943 3156 4034 3206 καὶ

2447 3245 2556 3314 γαρ
2620 3247 2719 3307 τὰς
2767 3249 2955 3314 χεῖρας
3013 3248 3106 3298 καὶ
3167 3246 3293 3308 τοὺς
3342 3245 3527 3315 ὤμους
3579 3246 3658 3308 εἰς
3715 3246 3960 3314 πράξεις
4005 3249 4034 3314 η

2447 3338 2638 3409 Γραφὴ
2697 3338 2965 3406 λαμῆἀνει
3000 3376 3018 3403 ,
3085 3337 3161 3401 ὼς
3213 3339 3341 3392 ὃταν
3389 3338 3539 3406 λέγει
3587 3339 3721 3407 περὶ
3779 3339 3884 3391 τοῦ
3941 3344 4037 3391 Aa-

2450 3433 2534 3484 ὁξδ
2575 3450 2588 3463 ο
2645 3452 2662 3483 ι
2714 3434 2824 3486 Καὶ
2875 3434 2935 3485 εν
2986 3435 3106 3496 ταῖς
3142 3433 3393 3486 συνέσεσι
3432 3431 3542 3485 τῶν
3597 3432 3804 3500 χειρῶν
3858 3433 4038 3486 αὐτῶν

2450 3523 2731 3594 ὡδήγησεν
2777 3524 2994 3586 αὐτούς.
3044 3541 3063 3574 ι
3115 3523 3348 3591 Ἐνῆσαν
3376 3522 3434 3575 δὲ
3465 3523 3544 3592 τῷ
3586 3524 3777 3591 λυρψ,
3810 3524 3896 3592 τῷ
3947 3525 4035 3576 ἐπὶ

2451 3614 2544 3666 τοῦ
2573 3614 2804 3683 στήθους
2838 3615 2932 3666 καὶ
2959 3615 3009 3666 oi
3043 3614 3252 3668 δώδεκα
3286 3613 3423 3667 λίθοι
3479 3615 3920 3684 ἐνηρμοσμένοι,
3949 3618 4040 3676 si;

2451 3704 2658 3758 δώδεκα
2687 3704 2858 3771 φυλὰς
2892 3703 3305 3773 ὑποδηλοῦντες.
3333 3706 3441 3758 Καὶ
3469 3705 3570 3774 ὅρα
3599 3721 3612 3733 ·
3639 3705 3754 3758 ἀνω
3786 3707 3922 3775 μὲν,
3955 3707 4040 3758 καὶ

2455 3795 2547 3847 ἰπὶ
2568 3796 2677 3847 τῶν
2707 3795 2874 3865 ὤμων
2907 3796 3007 3866 μὶα
3038 3791 3106 3866 ἦν
3133 3794 3295 3864 φύσις
3316 3795 3425 3848 τῶν
3453 3796 3616 3849 λίθων
3637 3799 3664 3850 δ
3695 3799 4040 3867 σμάραγδος,

2455 3885 2605 3938 κάτω
2654 3885 2710 3938 δὲ
2775 3885 2869 3938 καὶ
2912 3886 3008 3938 ἐπὶ
3063 3885 3157 3938 τοῦ
3212 3885 3441 3956 στήθους
3491 3888 3541 3939 ol
3586 3885 3843 3940 δώδεκα·
3872 3891 4043 3941 αἰνιτο

2455 3976 2681 4045 τομὲνου
2733 3975 2827 4029 τοῦ
2886 3976 3044 4044 λόγου
3079 4015 3094 4042 ,
3136 3977 3217 4030 ὅτι
3262 3976 3472 4031 ἀνωθεν
3533 3980 3631 4047 μὲν
3671 3976 3930 4041 ἅπαντες
3988 3981 4045 4031 ὲκ

2459 4071 2585 4138 μιᾶς
2628 4068 2967 4138 προήλθομεν
3019 4068 3270 4137 φύσεως·
3321 4069 3602 4138 προϊόντος
3641 4070 3697 4122 δὲ
3758 4071 3862 4123 τοῦ
3917 4072 4042 4141 χρόα

2458 4177 2549 4212 νου
2603 4158 2879 4229 διαφόροις
2930 4159 3180 4228 γνώμαις
3221 4160 3591 4230 εμερίσθημεν
3648 4161 3804 4229 (Ιϐ)⁶
3853 4166 3954 4215 καὶ
3989 4162 4045 4213 τδ

2462 4249 2558 4318 μὲν
2613 4247 2796 4299 δίδωσι
2850 4250 2914 4317 τῇ
2965 4247 3182 4319 γνώμῃ,
3219 4247 3279 4300 τὺ
3332 4248 3389 4301 δὲ
3447 4251 3514 4319 τῇ
3557 4249 3763 4317 φύσει·
3831 4252 3948 4304 ὑπὸ
3995 4253 4046 4303 δὲ

2460 4337 2761 4407 κράσπεδον
2808 4337 2903 4390 τοῦ
2943 4337 3135 4408 ἱερέως
3162 4376 3178 4401 ,
3220 4338 3281 4390 τὸ
3339 4337 3630 4406 λεγόμενον
3686 4339 3878 4409 λῶμα,
3906 4340 4044 4405 ἄνθη

2461 4430 2611 4500 ῥόας,
2633 4430 2726 4481 καὶ
2743 4429 2947 4499 potsth
2963 4429 3175 4498 χρυσοῖ,
3199 4430 3292 4483 καὶ
3308 4428 3554 4492 κώδωνες
3576 4430 3942 4503 ἀπῃώρηντο·
3961 4435 4047 4484 καὶ

2391 4551 2434 4606 D
2463 4519 2579 4582 πῶς
2613 4520 2678 4571 ἂν
2721 4519 2805 4589 εῐη
2852 4519 2971 4590 Θεῷ
3016 4520 3190 4575 ταῦτα
3240 4522 3384 4575 κατά
3436 4523 3652 4593 πρῶτον
3711 4522 3882 4592 λόγον
3926 4525 4061 4594 ἀρίο.

2463 4625 2695 4674 σκοντα;
2747 4609 2861 4662 ἀλλ’
2919 4613 2976 4663 ἐν
3033 4610 3111 4682 τῷ
3143 4613 3380 4681 σχήματι
3437 4611 3530 4665 τοῦ
3587 4613 3784 4681 ἱερέως
3839 4613 4049 4682 ἐφῆκεν

2447 4688 2883 4764 ¹ἐξευιονίζεσθαι
2923 4701 3022 4764 τὰς
3054 4703 3255 4772 ἀρετάς
3297 4719 3310 4731 ·
3350 4703 3499 4755 κάτω
3529 4702 3665 4771 ἀνθη
3697 4703 3798 4754 καὶ
3835 4703 4046 4774 καρποὶ

2459 4789 2528 4842 τὰ
2561 4790 2669 4841 τῶν
2702 4789 2912 4858 ἀρετῶν
2954 4791 3376 4860 κατορθώματα,
3425 4793 3583 4845 ἀτινά
3627 4792 3781 4843 ἐστιν
3807 4791 4046 4862 ἐλεημο-

2462 4883 2595 4950 σύνη
2649 4882 2743 4933 καὶ
2798 4880 3114 4952 δικαιοσύνη
3165 4883 3260 4934 καὶ
3303 4880 3708 4952 φιλανθρωπία,
3768 4883 3873 4935 καὶ
3929 4881 4036 4936 τῶν

2457 4971 2632 5026 ἀλλων
2674 4974 2703 5024 6
2743 4970 3022 5040 σύστοιχος
3054 4970 3231 5042 χορός.

807 5087 915 5144 quo
973 5073 1222 5134 virtutes,
1277 5069 1467 5140 quales
1509 5076 1638 5124 sunt
1690 5067 2054 5137 eleemosyna,
2109 5064 2341 5135 justitia,
2384 5063 2732 5131 humanitas,
2798 5073 2851 5117 et
2908 5064 3238 5133 reliquarum
3288 5064 3394 5118 illis
3451 5062 3714 5118 similium
3781 5076 4044 5117 coronam

794 5165 1270 5236 repraesentabant.

856 5299 900 5331 "
921 5294 1122 5353 Jerem.
1149 5311 1300 5359 sui,
1335 5293 1426 5347 29..
1502 5294 1546 5325 "
1570 5291 1714 5349 Psal.
1749 5306 1956 5358 tum,
1987 5292 2076 5347 73.

2333 5383 2563 5442 ΝΟΤΔΕ.

857 5510 972 5573 (l0)
1001 5507 1196 5564 Phrasi
1228 5507 1400 5562 utitur
1425 5504 1652 5561 Paulina
1680 5500 1702 5555 l
1727 5502 1855 5558 Cor.
1883 5519 1960 5571 at,
1992 5502 2077 5558 l0.

858 5576 975 5650 (ll)
999 5578 1290 5650 Siescribo
1325 5591 1422 5650 pro
1451 5576 1761 5647 ἀφόριστος.

891 5647 977 5721 η)
1007 5649 1184 5706 Malim
1215 5647 1448 5769 κεφαλιέὲ.
1511 5716 1523 5732 ‘
1614 5714 1627 5730 ο

893 5722 980 5769 {ﬁt
1013 5720 1169 5769 Colb-
1210 5733 1306 5769 nro
1333 5736 1362 5769 υ
1465 5733 1627 5769 αυτου

893 5716 980 5788 l3)
1013 5720 1169 5777 Colb.
1210 5716 1306 5788 pro
1333 5716 1438 5770 ὑπὸ
1465 5716 1683 5788 αὐτούς.

870 5785 983 5858 ill)
1019 5790 1110 5848 Sic
1142 5785 1323 5847 scribo
1379 5801 1477 5858 pro
1518 5785 1964 5858 καθαριθμήζειν,
2021 5785 2125 5842 nisi
2182 5786 2342 5842 scribi

2469 5500 3013 5576 ntalisxgjrappuOM
3023 5517 3134 5576 sat.

2538 5574 2654 5643 (l5)
2691 5565 3013 5629 υὺίἰἰιιιιόη’
3031 5573 3190 5628 hodie
3212 5571 3357 5644 apud
3383 5570 3506 5636 τοὺς
3533 5567 3672 5624 LXX
3707 5568 3913 5640 legitur
3959 5565 4045 5630 δὺς

2468 5645 2761 5784 ιπῖίὲῗςίιε
2800 5713 2993 5785 scripsi
3019 5728 3118 5785 pro
3148 5712 3537 5785 ἐμερίσθησαν,
3586 5707 3784 5780 pendet
3805 5708 3956 5765 enim
3979 5706 4046 5762 ab

2456 5782 2810 5843 antecedente
2837 5782 3204 5855 προήλθομεν.
