4174 6450
108 426 224 489 857

822 420 921 480 AD
956 412 1549 478 AMPHILOCIIIUM
1592 410 1938 485 QUIESTIO
1997 406 2245 483 CLXVI,
2287 407 2555 471 CLXVII.

3273 412 3386 476 858

192 548 314 599 Ὀτι
351 542 486 614 (l7),
549 543 754 615 φησὶν,
814 542 890 611 μὴ
938 536 1241 610 μεταϐαλλε
1292 536 1514 607 ῥήματα
1563 532 1698 586 Θεοῦ

1872 526 1952 583 Ne
1980 528 2257 593 immutes,
2309 526 2507 596 inquit,
2536 524 2695 580 verba
2735 524 2829 581 Dei
2879 526 3131 584 viventis.
3180 529 3238 583 In
3279 531 3382 586 Pa-

106 639 317 703 ζῶντος
348 653 362 667 ·
398 638 477 701 είς
524 635 767 705 Πατέρα,
798 632 894 686 καὶ
923 631 1072 693 Υίὸν,
1126 629 1221 683 καὶ
1268 628 1422 695 ἀγιον
1476 624 1701 694 Πνεῦμα

109 729 474 801 ἐϐαπτίσθης,
517 729 571 782 τί
612 726 857 797 ἀναιρεῖς
897 723 1009 795 (l8)
1052 722 1123 775 τά
1143 720 1382 791 ὀνόματα
1418 719 1489 772 τά
1521 717 1697 783 ζῶντα

110 822 217 874 καὶ
260 819 503 888 εἰσάγεις
538 818 779 889 ὀνόματα
835 813 1134 886 λογισμῶν,
1194 812 1442 881 γέννημα
1496 808 1718 879 λέγων,.

112 915 219 967 καὶ
241 914 558 983 ἀγέννητον,
582 912 678 968 καὶ
703 909 975 982 γεννητὸν,
993 906 1053 961 δν
1076 906 1183 967 ἀεὶ,
1218 905 1314 959 καὶ
1345 904 1422 982 μή
1470 902 1529 958 ὃν
1575 901 1697 970 ἀεί,

115 1005 344 1059 Τούτων
392 1004 645 1076 ἀνέχεται
685 1002 818 1067 Θεὸς
861 992 970 1055 τῶν
1028 997 1271 1072 ματαίων
1313 998 1607 1070 ῥημάτωνς
1639 995 1700 1051 ἓν

117 1098 282 1168 ῥῆμα
310 1097 397 1151 ῐνα
444 1093 756 1168 μεταϐάλῃ,
790 1093 1076 1167 προφήτας
1135 1090 1269 1145 ποτε
1326 1090 1700 1144 ίειινδύνευσεν

113 1188 409 1242 ἀπολέσαι.
473 1188 585 1241 Καὶ
654 1186 819 1258 βλέπε
874 1186 1120 1257 ῥήματος
1160 1179 1363 1252 μικροῦ
1412 1177 1699 1251 ἀκριϐολο-

116 1276 253 1345 γίαν
281 1291 297 1307 ο
343 1275 425 1329 Ta
482 1276 703 1346 ῥήματα
741 1274 850 1328 τῶν
927 1270 1222 1341 προφητῶν
1269 1285 1415 1331 τινες
1472 1266 1701 1323 ιιιάλουν

119 1366 236 1419 ὑπὸ
286 1365 542 1437 ἀπειρίας
569 1364 680 1435 (l9)
731 1364 928 1434 λῆμμα
989 1362 1235 1433 Κυρίου·
1274 1358 1423 1428 λιγει
1475 1359 1506 1412 6
1566 1356 1700 1420 Θεὸς

115 1455 213 1510 διὰ
245 1454 679 1528 Ἰερεμίου(20),’
716 1472 736 1507 ε
777 1454 905 1509 Ἐάν
931 1454 1182 1525 ὲρωτήση
1232 1467 1291 1505 σε
1337 1451 1367 1504 6
1412 1448 1559 1515 λαὸς,
1606 1447 1641 1517 ἢ
1675 1448 1706 1502 6

119 1547 331 1618 ἱερεὺς,
359 1547 393 1617 ἢ
418 1550 447 1601 6
495 1546 800 1618 προφήτης,
828 1546 921 1600 καὶ
964 1546 1109 1599 sinet
1135 1559 1236 1609 σοι,
1266 1541 1333 1596 Τί
1373 1538 1438 1595 τδ
1460 1539 1654 1609 λῆμμα
1683 1554 1700 1604 ς

1808 629 1965 683 trem,
2002 618 2220 681 Filium,
2247 624 2303 672 et
2334 615 2596 687 Spiritum
2643 627 2894 673 sanctum
2941 619 3250 687 baptizatus
3294 636 3378 679 es.

1806 709 1985 776 Quare
2014 707 2236 761 nomina
2282 697 2402 760 viva
2429 705 2596 772 tollis,
2637 714 2693 760 et
2724 707 2946 761 numina
2984 708 3381 777 cogitationum

1819 808 2034 853 tuarum
2072 795 2309 861 invehis,
2342 794 2680 866 progeniem,
2708 805 2763 850 et
2799 794 3103 864 ingenitum
3140 806 3196 851 et
3230 801 3385 868 geni-

1807 898 1942 953 tum,
1987 900 2202 956 semper
2247 886 2537 950 essisteus,
2582 894 2638 939 et
2682 900 2790 938 non
2831 900 3048 954 semper
3094 887 3382 944 exsisteus

1804 977 2168 1051 appellando?
2215 974 2356 1031 Num
2413 991 2549 1030 vana
2591 976 2867 1045 ejusmodi
2924 976 3089 1032 verba
3126 979 3383 1033 tolerabit

1806 1071 1985 1130 Deus?
2024 1071 2331 1127 Periculum
2375 1071 2508 1125 olim
2553 1082 2692 1136 erat,
2724 1085 2793 1125 ne
2835 1085 3005 1125 unum
3030 1071 3259 1126 verbum
3301 1071 3376 1125 ad

1807 1163 2192 1235 pervertendos
2228 1163 2518 1232 prophetas
2552 1161 2779 1231 periret.
2805 1161 2939 1216 Vide
2970 1176 3121 1227 vero,
3142 1173 3388 1232 quanto-

1800 1269 1935 1327 pere
1982 1256 2187 1310 vocula
2234 1269 2416 1325 parvas
2457 1253 2598 1307 ratio
2642 1252 2935 1309 habeatur.
2979 1251 3386 1323 Prophetarum

1807 1348 1970 1401 verba
2031 1346 2281 1402 nonnulli
2343 1360 2424 1412 ,οι
2476 1344 2846 1415 imprudentia
2909 1343 3105 1415 λῆμμα
3169 1343 3388 1398 Domini

1809 1438 2080 1495 vocabant
2126 1457 2141 1493 :
2188 1459 2208 1492 ε
2258 1438 2315 1493 Si
2369 1446 2423 1493 te
2480 1436 2901 1507 interrogaverit
2953 1436 3230 1505 populus,
3294 1441 3391 1489 aut

1809 1534 2103 1599 sacerdos,
2169 1541 2263 1588 aut
2315 1533 2618 1603 propheta,
2680 1539 2735 1586 et
2788 1529 3031 1595 dixerit,
3084 1528 3226 1595 Quid
3282 1529 3390 1585 sibi

116 1637 249 1690 εἰπὶ
283 1640 488 1703 αὐτοῖς,
529 1640 611 1691 ὅτι
647 1638 721 1690 Τδ
766 1637 959 1707 λῆμμα
986 1634 1189 1706 Κυρίου
1229 1633 1387 1703 ὑμεῖς
1414 1633 1559 1687 ius.
1588 1630 1699 1701 Δή-

1816 1626 1914 1682 rult
1950 1625 2185 1698 λῆμματ
2232 1625 2321 1681 die
2362 1625 2492 1691 illis,
2534 1622 2646 1680 Vos
2693 1624 2828 1680 estis
2880 1623 3078 1695 λῆμμα
3123 1619 3388 1678 Domini:

112 1728 300 1799 ψομαι
345 1728 454 1799 γὰρ
496 1729 641 1799 ὑμᾶς
704 1728 919 1799 λῆμμα.
953 1727 1047 1781 καὶ
1090 1725 1238 1797 ράεω
1288 1724 1455 1795 ὑμᾶς,
1495 1722 1586 1777 ῐνα
1624 1720 1701 1793 μὴ

113 1820 321 1890 λέγητε
349 1820 560 1892 λῆμμα.
586 1839 607 1874 s
636 1820 733 1874 Ἐν
754 1821 904 1890 ῥῆμα
936 1819 1019 1873 ῐνα
1047 1819 1125 1889 μή
1156 1815 1522 1889 μεταποιηθῇ,
1545 1814 1705 1870 ἀπει-

112 1912 257 1982 λεῐῤ
286 1912 417 1976 Θεός
442 1928 456 1943 ο
480 1912 575 1967 καὶ
617 1912 683 1966 σὺ
719 1912 1011 1982 ὀλόκληρον
1062 1908 1347 1980 δογμάτων
1396 1904 1704 1978 ἀκρίϐειανς

111 2004 459 2077 διαστρέφων
480 2004 718 2076 νομίζεις
740 2004 1024 2074 διαφυγεῖν
1059 2001 1156 2065 τὰς
1179 1998 1275 2055 τοῦ
1305 1997 1442 2053 Θεοῦ
1471 1998 1702 2070 χείραςς

658 2217 993 2276 sparum:
1024 2217 1206 2287 Psq'.

231 2380 367 2449 Πῶς
381 2374 979 2519 κρεσϐευτὴςητξῇῗὲἒ
1051 2377 1306 2447 Χριστὸς
1320 2376 1477 2447 παρὰ
1490 2376 1600 2433 τοῦ

1806 1730 1904 1771 vos
1972 1716 2118 1771 enim
2182 1714 2356 1772 instar
2432 1713 2716 1786 λήμματος
2774 1714 3036 1785 arripiam
3067 1754 3083 1781 ,
3140 1722 3195 1769 et
3253 1728 3391 1770 con-

1810 1806 2042 1879 l’ringam
2064 1822 2184 1875 vos,
2218 1823 2287 1864 ne
2304 1807 2498 1863 dicatis
2521 1807 2756 1878 amplius
2780 1806 3059 1878 λήμμα⁸⁶.
3087 1824 3106 1859 s
3135 1804 3215 1862 l‘bi
3246 1805 3391 1861 Dens

1813 1901 1993 1957 minas
2049 1899 2197 1966 iecit,
2241 1914 2311 1956 ne
2363 1915 2472 1955 una
2521 1915 2625 1956 vox
2672 1907 2956 1955 mutetur:
2990 1908 3046 1955 tu
3096 1912 3248 1964 vero,
3292 1896 3391 1968 qui

1818 1992 2134 2048 universam
2174 2000 2487 2063 rectamque
2522 1992 2898 2047 doctrinarum
2938 1992 3134 2048 seriem
3164 2005 3388 2061 perver-

1815 2083 1907 2151 tis,
1933 2098 2127 2139 manus
2152 2081 2245 2139 Dei
2267 2081 2505 2152 eliugere
2530 2093 2583 2138 te
2617 2098 2778 2153 posse
2807 2081 3089 2153 opinaris?

1811 2218 2143 2289 QUES‘I‘IO
2164 2219 2373 2278 CLXVI
2400 2219 2589 2295 [CoisL
2613 2220 2819 2290 CXCV,
2848 2222 3015 2278 Taur.
3050 2221 3387 2297 CLXXXV].

1912 2376 2186 2444 Quoiuodo
2218 2375 2465 2434 Christus
2506 2378 2712 2450 legatus
2761 2396 2797 2435 α
2826 2378 2996 2435 Patre
3033 2381 3277 2436 venerit!

857 2601 1004 2653 Edita
1025 2616 1054 2652 a
1079 2600 1207 2652 Maio
1233 2600 1289 2664 (l.
1326 2613 1371 2651 c.
1394 2613 1449 2663 p.
1470 2598 1608 2663 106.)
1636 2625 1698 2637 —
1716 2599 1793 2654 De
1812 2597 2008 2653 Christo
2029 2606 2263 2664 tanquam
2286 2598 2449 2650 Patris
2479 2600 2663 2665 legato.

197 2755 325 2809 Ὀτι
343 2748 495 2823 ἦλθε,
515 2750 670 2823 φησὶ,
701 2748 854 2823 παρά
893 2748 987 2804 τοῦ
1016 2748 1230 2819 Πατρδς
1255 2750 1284 2803 6
1306 2746 1543 2818 Χριστος
1566 2746 1711 2819 πρὸς

1883 2746 2041 2815 Quod
2078 2749 2287 2803 venerit
2305 2747 2563 2805 Christus
2600 2763 2633 2804 a
2665 2746 2828 2804 Patre
2867 2748 3076 2820 legatus
3106 2750 3175 2805 ad
3210 2750 3386 2807 homi-

117 2848 257 2911 τοὺς
289 2844 606 2917 ἀνθρώπους
629 2842 991 2915 πρεσϐευτὴς,
1017 2841 1231 2912 ἐσφάγη
1278 2842 1308 2895 6
1353 2837 1714 2911 πρεσϐευτὴς,

120 2942 226 2991 καὶ
253 2937 375 2990 τότε
400 2935 668 3005 γίγονενή
692 2936 903 3005 είρήνη.
939 2932 1142 2988 ’Δλλόί
1160 2930 1419 3003 πρέσϐεις
1435 2930 1718 3001 ἐρχόμενοι

126 3030 230 3082 καὶ
270 3027 420 3099 δῶρα
473 3027 699 3099 φέρουσι
726 3026 823 3079 καὶ
869 3024 1018 3094 δῶρα
1062 3022 1420 3093 λαμϐάνουσι.
1446 3023 1604 3076 Ποῖον
1624 3017 1719 3076 οὖν

124 3116 257 3189 ἧκε·
282 3116 464 3188 φέρων
489 3117 682 3186 δῶρον,
704 3114 802 3169 καὶ
835 3117 986 3168 ποῖον
1008 3112 1270 3168 άντίλαϐε
1294 3129 1310 3177 ;
1330 3112 1637 3192 Παράδοξον
1656 3112 1718 3165 τὸ

121 3208 329 3278 δῶρον,
345 3204 421 3267 ὡς
448 3204 544 3258 καὶ
571 3206 600 3257 6
620 3202 963 3273 πρεσϐευτής
980 3200 1280 3272 παράδοξος
1300 3201 1361 3254 τὸ
1386 3196 1524 3271 αἷμα
1550 3200 1718 3254 αὑτοῦ

128 3298 323 3367 φέρων
342 3292 471 3367 ἦλθε
491 3294 684 3364 δῶρον·
705 3293 767 3348 τὸ
789 3293 951 3363 σῶμα
970 3293 1137 3347 αὑτοῦ
1154 3288 1287 3362 ἦλθε
1313 3294 1494 3363 φέρων
1520 3291 1713 3365 δῶρον’

125 3390 231 3443 καὶ
247 3387 305 3441 τί
324 3387 453 3459 παρ’
480 3387 614 3458 ἐμοῦ
638 3386 798 3440 ῑλαϐε
824 3387 1027 3457 δῶρονς
1049 3385 1258 3439 Πίστινο
1286 3386 1382 3439 καὶ
1406 3385 1457 3439 τί
1478 3386 1598 3439 ἀντὶ
1622 3385 1720 3439 αὐ·-

122 3480 231 3548 τῆς
264 3493 356 3547 μοι
380 3476 621 3547 παρέσχε
651 3475 883 3546 ;Χάριν.
919 3473 1243 3527 Ἐπίστευσα
1270 3470 1399 3539 εγὼ·
1429 3472 1720 3543 ὲχαρίσατο

125 3572 364 3631 ἐκεῖνος·
380 3568 545 3638 ἐλύθη
569 3569 603 3639 ή
628 3565 816 3636 ῐχθραο
848 3567 878 3619 6
908 3562 1249 3636 πρεσϐευτὴς
1278 3563 1407 3617 ὅταν
1432 3562 1561 3633 non
1586 3562 1721 3633 πρὸς

126 3660 313 3722 ἔθνος,
340 3658 441 3711 οὐκ
459 3658 601 3724 ἀξιοῖ
622 3673 728 3710 τινι
756 3654 863 3710 τῶν
891 3654 1165 3725 ἀγοραίων
1195 3654 1231 3724 ἢ
1263 3654 1512 3724 πενήτων
1539 3653 1720 3707 διαλε·

126 3750 358 3822 χθῆναι,
386 3750 501 3803 ἀλλ’
555 3747 717 3812 εὐθὺς
742 3748 823 3820 τῷ
853 3747 1064 3818 βασιλεῖ
1092 3747 1393 3818 πρόσεισιν.
1420 3737 1590 3809 Οὗτος
1612 3743 1671 3799 δὲ
1692 3746 1721 3798 6

131 3839 484 3913 πρεσϐευτὴς
505 3834 660 3910 ἦλθε,
690 3838 787 3893 καὶ
822 3838 985 3901 εὐθὺς
1040 3837 1237 3909 πόρνῃ,
1266 3836 1360 3891 καί
1407 3838 1599 3907 λῃστῇ,
1630 3836 1723 3889 καὶ

132 3930 373 4004 τελώνῃ,
399 3931 493 3986 καὶ
523 3931 719 4002 μάγοις
743 3929 1016 4000 διηλέχθη.
1050 3924 1202 3993 Εἶδες
1232 3928 1572 3999 πρεσϐευτοῦ
1596 3927 1720 3997 φιλ-

131 4024 462 4096 ανθρωπίαν
488 4040 503 4089 ;
534 4024 597 4077 οὐ
631 4023 739 4091 γὰρ
790 4022 926 4093 πρὸς
956 4022 1051 4075 ἕνα
1093 4022 1187 4076 καὶ
1221 4020 1475 4094 δεύτερον
1533 4014 1717 4091 ἦλθεν,

1820 2852 1940 2903 nes,
1971 2839 2209 2894 ostendit
2239 2838 2345 2894 hoc
2377 2857 2392 2894 :
2426 2838 2748 2895 interfectus
2782 2848 2865 2896 est
2910 2840 3142 2911 legatus,
3176 2851 3232 2897 et
3265 2852 3397 2898 tunc

1818 2929 1963 2987 facta
1987 2939 2072 2987 est
2096 2946 2233 3002 ρει..
2272 2930 2379 2986 Sed
2408 2932 2570 3003 legati
2609 2932 2892 2987 venientes
2929 2933 3070 2987 dona
3118 2932 3301 2989 ferunt
3342 2944 3399 2990 et

1818 3020 1981 3075 simul
2022 3020 2165 3074 dona
2215 3018 2514 3090 accipiunt.
2561 3019 2733 3086 Quale
2775 3036 2909 3093 ergo
2959 3021 3165 3077 donum
3212 3023 3396 3080 ferens

1818 3110 1988 3174 venit,
2017 3120 2073 3168 et
2100 3112 2258 3183 quale
2288 3113 2495 3183 recepit
2511 3111 2535 3166 2
2554 3110 2844 3168 Πίεὶϐοιιω
2869 3113 3099 3179 donum,
3122 3114 3396 3183 siquidem

1822 3202 2087 3258 mirabilis
2139 3204 2244 3258 iste
2290 3204 2521 3259 nuntius
2558 3218 2717 3260 suum
2752 3204 3077 3275 sanguinem
3107 3205 3163 3259 iu
3190 3205 3397 3261 donum

1820 3292 2003 3349 ferens
2034 3295 2198 3349 venit.
2244 3294 2458 3366 Corpus
2498 3310 2659 3351 suum
2724 3293 2908 3351 ferens
2963 3296 3167 3351 donum
3229 3297 3397 3351 venit.

1822 3384 2105 3451 Quodnam
2152 3396 2330 3440 autem
2378 3401 2407 3439 a
2456 3386 2617 3441 nobis
2646 3386 2850 3441 donum
2882 3389 3089 3456 accepit
3113 3388 3139 3442 τ
3164 3386 3353 3441 Fidem
3382 3403 3398 3452 ;

1822 3486 1876 3532 et
1902 3476 2033 3547 quid
2075 3492 2175 3546 pro
2219 3477 2309 3532 illa
2343 3477 2477 3531 mihi
2516 3477 2785 3533 donavit?
2820 3476 3087 3533 Gratiam.
3124 3477 3239 3550 Ego
3276 3496 3401 3535 cre-

1821 3568 1964 3633 didi,
1998 3568 2087 3623 ille
2115 3568 2451 3638 gratificabat
2471 3607 2488 3635 ,
2523 3568 2701 3623 soluta
2727 3580 2811 3624 est
2833 3570 3142 3625 inimicitia.
3162 3570 3401 3641 Legatus

1824 3674 1947 3713 cum
1988 3671 2136 3713 venit
2171 3658 2240 3713 ad
2282 3666 2498 3729 gentem
2524 3696 2540 3725 ,
2596 3673 2707 3714 non
2750 3660 3009 3730 dignatur
3049 3675 3173 3714 cum
3216 3660 3403 3731 aliquo

1824 3748 2034 3817 plebeio
2076 3748 2163 3804 vel
2205 3763 2448 3820 paupere
2473 3752 2825 3815 conversari,
2862 3751 2957 3805 sed
2986 3752 3096 3805 cito
3132 3752 3246 3822 regi
3280 3766 3405 3807 sese

1822 3836 1998 3894 ollert.
2027 3836 2265 3909 Legatus
2306 3848 2492 3895 autem
2525 3827 2616 3894 ille
2646 3841 2870 3895 veniens
2898 3842 3083 3896 statim
3123 3856 3249 3895 cum
3286 3856 3404 3897 me-

1824 3931 2018 3986 retrice
2049 3939 2105 3986 et
2129 3930 2344 3987 latrone
2367 3940 2424 3987 et
2453 3934 2710 3987 usurario
2733 3942 2788 3987 et
2819 3933 2994 4004 magis
3020 3943 3403 3988 coiiversatur.

1828 4020 2062 4075 Videsne
2088 4021 2251 4092 legati
2281 4021 2786 4093 philantbropiam?
2813 4022 2931 4077 Non
2952 4024 3095 4077 enim
3129 4024 3198 4077 ad
3229 4039 3404 4079 unum

132 4091 279 4170 ἀλλά
327 4114 461 4186 πρὸς
512 4115 613 4185 τήν
668 4091 854 4183 κοινὴν
899 4113 1083 4184 φύσιν.
1160 4114 1271 4168 Καὶ
1290 4091 1423 4184 ἧλόε
1474 4112 1538 4165 τὺ
1587 4112 1711 4181 ἐμὸν

1826 4114 1911 4167 vel
1946 4091 2176 4168 alterum
2214 4091 2396 4178 venit,
2432 4114 2527 4169 sed
2561 4091 2631 4169 ad
2666 4129 2859 4169 omnes
2888 4115 3173 4179 homines,
3211 4124 3268 4169 et
3306 4132 3405 4171 ve-

130 4202 610 4275 περιϐεϐλημίνος
641 4204 856 4274 ἱμάτιον
888 4243 903 4267 ,
932 4204 1018 4256 ἵνα
1069 4203 1142 4274 μὴ
1192 4205 1372 4276 γυμνῇ
1395 4205 1460 4275 τῇ
1508 4202 1720 4273 θεότητι

130 4296 585 4368 παραγινόμενος
603 4294 933 4368 νοσήσῃτὴν
961 4295 1156 4365 θήρανο

679 4452 1015 4506 ΕΡΩἸῊΣΙΣ
1063 4450 1225 4506 ΡΞΖ’.

130 4704 243 4766 Εις
267 4700 334 4754 τὸ
359 4702 550 4769 ῥητόν
581 4700 711 4772 (au)-
747 4719 766 4752 ι
804 4700 884 4772 Εζ
902 4716 993 4766 τις
1118 4698 1369 4772 Χριστῷ,
1399 4698 1577 4767 καινή
1602 4699 1725 4772 reti-

213 4787 322 4854 σις
346 4767 451 4824 (τὰ
480 4767 697 4840 ἁρχάῖα
726 4769 1021 4839 παρῆλθε,
1049 4767 1179 4823 ιδοὺ
1209 4767 1416 4840 γέγονε
1450 4768 1625 4823 καινὰ
1651 4767 1724 4822 τὰ

214 4856 437 4894 narra.
470 4859 489 4893 l

1828 4204 1984 4259 niens
2012 4213 2203 4259 nostro
2230 4204 2479 4259 induitur
2512 4206 2735 4269 vestitu,
2772 4220 2860 4270 ne,
2896 4205 2941 4261 si
2966 4207 3238 4270 venisset,
3266 4207 3406 4261 divi-

1828 4294 1998 4351 nitate
2026 4310 2133 4350 non
2164 4294 2358 4362 velata,
2390 4295 2537 4351 illius
2566 4310 2856 4351 occursum
2890 4296 3200 4354 timeamus.

1939 4461 2264 4531 QUIESTIO
2320 4462 2549 4521 CLXVII
2597 4464 2783 4531 [Cuisl.

2453 4534 2805 4609 CLXXXVI].

2853 4464 3082 4532 CXCVI,
3135 4465 3301 4522 Taur.

1831 4690 1897 4746 In
1932 4692 2207 4746 oraculum
2255 4692 2432 4748 illud:
2471 4713 2489 4746 ι
2520 4692 2579 4749 Si
2607 4697 2725 4763 quis
2763 4703 2840 4748 est
2889 4696 2945 4748 in
2997 4693 3234 4759 Christo,
3268 4710 3405 4749 nova

1898 4771 1974 4815 est
2002 4772 2275 4829 creatura;
2310 4776 2482 4819 cetera
2543 4763 2893 4831 transierunt,
2943 4780 3061 4818 ecce
3097 4780 3231 4818 nova
3260 4765 3409 4833 facta

1897 4841 2019 4886 sunt
2047 4834 2226 4886 omnia
2270 4835 2340 4888 ".
2372 4852 2393 4885 s

599 4994 859 5047 Editarum
881 5010 908 5045 a
932 4996 1111 5047 Wolﬁo
1134 4993 1372 5059 vigesima
1393 5000 1560 5045 octava
1582 4992 1600 5057 (
1628 4992 1666 5042 ι.
1702 5005 1711 5041 ι

1816 5008 1840 5043 ι.
1864 4992 2092 5044 sto-sis.
2114 4994 2344 5045 Galland.
2364 4992 2497 5058 xm,
2515 4993 2638 5057 πω,
2660 4992 2775 5057 τοι,
2797 5007 2849 5046 n.
2871 4992 2972 5056 ει.)

222 5149 351 5204 Ὀτι
378 5149 543 5219 φασὶν
592 5151 643 5205 oi
685 5151 1047 5223 Ἑλληνικαὶ,
1079 5151 1173 5205 καὶ
1200 5150 1262 5205 τὸ
1302 5150 1585 5215 ’ἰουδαΐζον
1611 5165 1626 5181 ο
1652 5148 1719 5203 Τί

144 5240 433 5313 κομπάζει
461 5240 667 5307 Παῦλος
700 5242 894 5314 λέγων·
929 5263 947 5296 ι
971 5243 1051 5296 Τὰ
1074 5244 1275 5313 ἀρχαῖα
1303 5241 1569 5313 παρῆλθε,
1621 5240 1729 5295 ίδοῦ

226 5405 275 5437 ³³
297 5404 498 5460 Jerem.
527 5418 683 5471 nm,
706 5402 796 5459 35.
870 5404 917 5436 ι’
938 5402 983 5457 ll
1009 5402 1140 5457 Cor.
1172 5417 1225 5468 v,
1253 5402 1338 5457 Π.

1905 5148 2148 5205 Gentiles
2194 5161 2248 5205 et
2289 5148 2642 5206 ludaizantes
2692 5149 2927 5206 dicunt:
2964 5148 3103 5217 Quid
3149 5148 3415 5219 gloriatur

1834 5238 2036 5297 Paulus
2094 5239 2319 5297 dicens:
2366 5259 2385 5294 ε
2423 5239 2614 5297 Vetera
2660 5240 3039 5298 transierunt:
3068 5256 3197 5299 ecce
3228 5241 3417 5298 omnia

1686 5511 1917 5571 ΝΟΤΒ.

229 5672 503 5745 (Γηρυε
530 5680 856 5745 sequuntur,
884 5688 946 5727 ea
1003 5670 1279 5743 quomodo
1308 5672 1411 5725 huc
1436 5669 1724 5740 quadrent,

154 5761 273 5803 non
307 5742 598 5797 admodum
611 5742 805 5798 'video.

233 5813 351 5885 (18)
379 5812 529 5868 Colb.
564 5828 662 5883 pro
694 5813 761 5868 ἂν
794 5814 955 5886 ἐρεῖς.

1932 5665 2019 5757 122
2047 5666 2334 5757 ξέεηιςεξιξε)
2357 5664 2903 5757 usionis-Ai“
2934 5668 3091 5723 ηιειιίε
3126 5668 3413 5736 ὲττττιρεπιίε·

1928 5737 2018 5803 ‘20)
2051 5735 2109 5789 in
2131 5734 2521 5801 Codice,'male
2544 5754 2557 5791 :
2584 5734 2843 5791 Ἢοαῐου.

1927 5806 2018 5873 21)
2048 5807 2126 5866 είς
2154 5805 2213 5859 τὸ
2242 5806 2424 5877 ῥητόν,
2455 5806 2636 5874 accepi
2655 5820 2719 5861 es
2752 5806 2909 5862 Colb.
