4174 6450
802 407 906 472 859

1963 415 2226 478 PHOTII
2263 419 2768 480 PATRIARCHJE
2800 422 2908 482 CP.

3978 427 4076 489 860

806 524 948 578 laeta
987 531 1119 580 sunt
1163 539 1302 579 nova
1338 541 1352 578 :
1385 523 1430 579 si
1455 526 1580 596 quis
1611 528 1664 581 in
1704 526 1926 584 Christo
1971 542 2074 595 est,
2103 548 2243 588 nova
2289 547 2374 590 est

2481 539 2668 606 γέγονε
2720 539 2788 590 τὰ
2834 539 3010 591 πάντα
3042 537 3320 591 κιινάἐί
3377 558 3460 601 τις
3518 543 3576 594 ἰν
3633 539 4069 612 Χριῖτῷ,καινὴ

803 626 1077 670 creatura.
1115 635 1133 668 ι
1186 616 1297 686 Ego
1346 619 1520 683 enim,
1585 619 1786 690 inquit,
1830 622 1969 677 nihil
2020 627 2144 678 novi
2199 627 2379 682 video.

806 705 1001 763 Nonne
1027 723 1157 761 vero
1181 709 1350 764 babes
1379 711 1592 777 oculos,
1630 723 1691 767 ut
1728 728 1791 767 ea
1831 719 2138 786 perspicere
2164 721 2382 788 possis?

806 801 1106 866 Adesdum,
1135 811 1190 855 et
1235 801 1432 856 faciam
1469 805 1565 858 tibi
1605 806 1821 870 oculos,
1865 817 1926 861 ut
1968 808 2179 865 videas.
2227 810 2382 866 Tune

804 907 936 945 vero
987 893 1178 947 oculos
1231 894 1368 948 das?
1416 895 1530 952 lmo
1581 913 1732 953 vero.
1775 897 1928 953 Tune
1972 901 2236 957 Conditor
2282 905 2383 959 es?

807 982 1028 1054 Utique.
1058 984 1247 1041 Nonne
1290 1000 1470 1043 mente
1501 1001 1695 1060 captus
1725 995 1824 1047 es?
1858 994 2202 1066 Neutiquam.
2236 995 2382 1052 Ocu-

807 1077 959 1131 losne
991 1078 1176 1148 itaque
1219 1082 1468 1148 corporis
1511 1081 1684 1137 facis?
1730 1084 1848 1139 Non
1883 1101 2038 1151 sane,
2084 1088 2202 1153 sed,
2233 1090 2378 1158 quod

807 1169 928 1237 plus
975 1171 1135 1235 valet,
1182 1173 1403 1227 mentis.
1442 1173 1632 1244 Itaque
1673 1185 1728 1230 et
1777 1179 1910 1232 mihi
1953 1180 2142 1234 oculos
2182 1181 2382 1250 paras?

807 1258 903 1314 Vel
944 1263 1202 1317 maxime.
1237 1261 1429 1319 Nonne
1459 1280 1589 1320 vero
1625 1282 1721 1322 eos
1750 1269 1963 1322 habeo?
1989 1269 2228 1325 Minime.
2271 1269 2378 1326 Sed

807 1362 866 1406 tu
899 1353 1110 1407 habes?
1147 1353 1363 1424 Utique.
1407 1354 1524 1418 Dic,
1564 1374 1776 1428 quaeso,
1805 1361 2118 1429 quomodo?
2144 1359 2300 1427 Quod
2332 1363 2379 1417 si

807 1453 864 1496 tu
902 1446 1161 1513 templum
1210 1446 1491 1516 ingressus
1537 1452 1742 1504 nudum
1791 1451 1864 1504 ibi
1902 1453 2281 1519 simulacrum,
2323 1462 2382 1508 et

806 1547 1022 1590 mutum
1067 1537 1297 1607 lapidem
1349 1541 1555 1604 videas,
1599 1542 1863 1611 dicasque
1894 1582 1910 1606 ,
1938 1541 2037 1600 Hic
2081 1555 2166 1600 est
2198 1544 2377 1611 Deus,

809 1649 938 1686 num
968 1633 1161 1688 oculos
1195 1642 1326 1688 tunc
1361 1634 1571 1690 habes?
1598 1635 1784 1706 Neque
1811 1638 1956 1691 enim
1989 1639 2199 1693 externi
2235 1640 2378 1693 oculi

809 1725 1108 1794 quidquam
1136 1737 1388 1794 prosunt,
1416 1729 1638 1797 quando
1674 1730 1898 1785 internis
1941 1741 2132 1800 captus
2174 1747 2254 1787 es.
2286 1731 2380 1786 Vi-

809 1819 905 1871 des
936 1818 1119 1887 itaque
1150 1832 1376 1873 neeesse
1403 1835 1544 1883 esse,
1577 1829 1637 1874 ut
1676 1822 1865 1878 oculos
1897 1823 1992 1877 tibi
2027 1839 2236 1894 parem,
2267 1840 2378 1894 quo

2485 632 2659 692 κτίσις
2692 647 2706 694 ;
2740 650 2758 683 ι
2793 630 2903 697 ἐγὼ
2955 631 3086 700 γὰρ,
3115 633 3270 700 φησὶ,
3301 633 3486 685 καινὸν
3532 633 3684 686 οὐδὲν
3745 634 3966 702 βλέπω.
4003 637 4070 684 Οὐ

2483 723 2592 792 γὰρ
2651 722 2794 790 ἔχεις
2854 721 3188 791 ὀφθαλμοὺς,
3222 724 3307 776 ἵνα
3366 725 3479 794 ἴδῃς
3511 724 3683 778 ταῦτα
3711 746 3724 784 ;
3753 725 3961 793 Δεῦρο,
3985 728 4071 776 καὶ

2484 817 2696 884 ποιήσω
2747 832 2830 868 σοι
2881 816 3216 886 ὀφθαλμοὺς,
3258 819 3352 870 καὶ
3398 821 3615 886 ὁράσεις
3658 820 3794 888 (ἣν
3843 821 3959 871 Καὶ
4013 823 4067 871 στι

2483 907 2659 967 ποιεῖς
2712 905 3064 974 ὀφθαλμούςς
3125 909 3253 960 Ναί.
3291 910 3396 960 Καὶ
3449 909 3790 979 δημιουργὸς
3851 907 3936 972 εἷς
3972 913 4069 961 Καὶ

2483 996 2646 1048 πάνυ.
2667 997 2740 1048 Σὺ
2756 998 3134 1066 ἀπονενόησαιζ
3151 1000 3283 1067 Οὐχί
3295 1042 3306 1053 .
3323 1001 3531 1052 Ούκοῦν
3545 1003 3716 1062 ποιεῖς
3735 1002 3856 1066 (25)
3874 1002 4068 1067 ὀφθαλ-

2486 1088 2620 1155 μοὺς
2646 1087 2740 1139 τοῦ
2773 1088 3054 1158 σῶματος;
3075 1089 3174 1142 Οῦ·
3192 1090 3327 1143 ἀλλὰ
3357 1091 3420 1143 τὸ
3458 1093 3660 1159 μεῖζον.
3682 1094 3782 1160 τῆς
3805 1094 4064 1144 διανοίας.

2484 1177 2592 1227 Καὶ
2633 1179 2807 1240 ποιεῖς
2839 1193 2930 1245 μοι
2958 1177 3304 1247 ὁφθαλμούςς
3341 1181 3608 1234 Μάλιστα.
3637 1183 3712 1232 Ού
3763 1184 3881 1248 γὰρ
3935 1183 4062 1247 ἔχθη

2481 1268 2722 1336 Οὺχι⁶Σὺ
2738 1269 2794 1320 δὲ
2819 1269 2996 1337 ικίίςῖ
3027 1269 3154 1323 Ναίι
3181 1271 3302 1334 Πῶς
3321 1287 3336 1334 ἶ
3355 1273 3473 1323 εἶτῒέ
3501 1289 3612 1339 μοι.
3637 1274 3810 1325 Ὅταν
3828 1276 4063 1341 ﬁniret;

2480 1359 2560 1419 si;
2609 1359 2754 1420 ναὸν,
2795 1361 2889 1410 καὶ
2930 1359 3043 1431 ἴδῃς
3076 1361 3193 1412 ἐκεῖ
3241 1361 3424 1424 ξόανον
3483 1363 3709 1429 γυμνὸν,
3739 1363 3894 1414 λίθον
3921 1365 4064 1424 ᾶ;ω-

2483 1463 2590 1508 νον,
2624 1449 2718 1498 καὶ
2772 1449 2933 1517 εῑπῃς
2961 1465 2976 1480 ’
3010 1443 3183 1511 Οὗτος
3228 1453 3256 1502 6
3288 1451 3421 1512 θεός
3472 1454 3618 1504 ἐστιν
3645 1471 3658 1481 ·
3701 1449 3816 1522 ἄρα
3867 1455 4066 1520 ὀφθεὶ-

2485 1538 2618 1606 μοὺς
2647 1539 2792 1605 ἔχεις
2816 1557 2831 1604 ;
2867 1539 2941 1610 μὴ
2971 1539 3077 1608 γὰρ
3099 1541 3287 1608 ὀφελός
3304 1559 3356 1592 τι
3379 1560 3486 1594 των
3514 1543 3713 1606 ἔξωθεν
3764 1544 4067 1611 ὀφθαλμῶν

2478 1625 2590 1680 τῶν
2629 1627 2776 1679 ἔνδον
2805 1630 3271 1698 πεπηρωμένωνς
3333 1633 3497 1701 Ὁρᾷς
3543 1633 3624 1684 ὅτι
3673 1634 3872 1702 χρείαν
3929 1636 4068 1700 ἔχεις

2481 1717 2568 1770 ἴνα
2597 1719 2810 1788 ποιήσω
2843 1736 2924 1772 σοι
2959 1719 3294 1788 ὀφθαλμοὺς,
3327 1720 3467 1772 ὥστε
3515 1722 3606 1773 τὸν
3636 1721 3786 1774 λίθον
3845 1739 3906 1773 σε
3946 1726 4066 1775 ἱδ;ἶι

2482 1807 2648 1872 λίθον,
2684 1809 2777 1860 καὶ
2837 1809 2899 1860 τὸ
2948 1807 3124 1873 ξύλον,
3152 1810 3308 1872 ξύλον
3337 1827 3354 1842 ο
3387 1810 3698 1880 ὀφθαλμοὺς
3733 1811 3908 1879 εχεις,
3946 1816 4066 1865 ὅταν

808 1907 1041 1974 lapidem
1094 1905 1280 1962 videas
1331 1923 1454 1963 esse
1499 1910 1758 1979 lapidem,
1800 1919 1854 1966 et
1887 1912 2095 1981 lignum
2145 1929 2266 1968 esse
2307 1915 2370 1967 li-

2481 1901 2592 1968 ῐξῃς
2626 1898 2803 1964 ξύλον,
2834 1901 2928 1953 καὶ
2960 1903 3370 1972 προσκυνήσῃςο
3403 1906 3496 1955 καὶ
3531 1903 3710 1957 λαϐὼν
3761 1906 3905 1972 ἐγὼ,
3941 1908 4068 1960 αὐτὸ

811 2013 999 2068 gnum.
1047 1995 1248 2052 Oculos
1289 1998 1479 2062 babes,
1513 2007 1572 2052 ut
1603 2000 1796 2054 videns
1833 2001 2038 2070 lignum
2080 2003 2210 2056 illud
2254 2005 2377 2057 ado-

2481 1991 2686 2046 καύσω.
2719 1987 2865 2062 Ἆρα
2893 1992 3035 2062 εχεις
3056 1993 3367 2063 ὀφθαλμοὺς
3387 1997 3446 2047 τὸ
3469 1997 3760 2065 καιόμενον
3788 1998 3930 2050 Θεὸν
3957 2002 4067 2050 ὀνο-

808 2087 940 2142 res?
976 2088 1087 2159 Ego
1117 2105 1244 2142 vero
1278 2089 1408 2144 illud
1446 2091 1790 2145 comburam.
1825 2090 1963 2146 Num
2000 2093 2165 2164 igitur
2190 2095 2377 2150 oculos

2482 2085 2700 2152 μὰζωνς
2731 2084 2859 2138 ὅταν
2884 2085 2950 2137 τὰ
2983 2086 3132 2155 πάθη
3186 2086 3472 2150 θεοποιεῖς,
3518 2088 3838 2157 ὀρθαλμοὺς
3891 2090 4066 2158 ἕλξις

809 2180 1001 2242 habes,
1029 2181 1123 2248 qui
1175 2180 1329 2241 illud,
1370 2181 1517 2249 quod
1567 2184 1928 2249 comburitur,
1971 2185 2138 2238 Deum
2192 2187 2379 2256 appel-

809 2272 932 2326 les?
972 2270 1146 2326 llomo
1177 2272 1378 2340 aliquis
1428 2273 1617 2326 ebrius
1656 2284 1762 2336 est,
1792 2283 1846 2327 et
1889 2274 2290 2340 circumfertur,
2325 2288 2380 2330 et

806 2365 1104 2429 deridetur,
1141 2373 1197 2418 et
1230 2380 1297 2420 ex
1331 2365 1552 2421 homine
1598 2367 1810 2421 ratione
1834 2367 2130 2423 destitutus
2173 2369 2376 2424 evadit.

807 2448 888 2502 Tu
921 2465 1050 2504 vero
1097 2451 1218 2506 ais:
1268 2450 1574 2508 Ebriositas
1613 2453 1748 2508 deus
1782 2464 1885 2517 est,
1936 2455 2214 2520 Bacchus;
2263 2457 2380 2511 fur-

809 2552 922 2595 tum
972 2544 1108 2598 deus
1133 2552 1236 2608 est,
1273 2541 1595 2599 Mercurius.
1628 2543 1882 2611 Videsne,
1910 2548 2086 2602 oculis
2117 2548 2213 2602 tibi
2243 2565 2380 2618 Opus

807 2635 972 2688 esse?
1001 2635 1108 2688 Lex
1155 2649 1319 2704 prava
1355 2636 1546 2703 punit;
1579 2647 1635 2690 tu
1674 2652 1824 2700 vero,
1861 2654 1925 2691 ea
1969 2648 2210 2708 patratis,
2241 2641 2379 2694 nihil

807 2727 999 2780 semis.
1048 2724 1193 2793 Jom,
1268 2745 1456 2797 quaeso
1506 2740 1578 2795 te,
1617 2731 1833 2784 attende
1875 2731 2148 2798 quomodo
2197 2734 2379 2786 omnia

811 2817 952 2870 facta
1007 2818 1117 2871 sint
1168 2834 1327 2872 nova.
1391 2820 1654 2875 Creatura
1699 2822 1754 2874 in
1816 2819 2095 2890 Scriptura
2152 2831 2381 2876 vocatur

812 2923 920 2960 non
949 2909 1151 2971 solum,
1179 2911 1401 2978 quando
1453 2911 1658 2981 aliquid
1697 2927 1763 2966 es
1794 2913 1972 2966 nihilo
2011 2927 2133 2968 esse
2168 2913 2380 2982 incipit,

811 3001 902 3052 sed
961 3010 1016 3054 et
1049 3003 1269 3068 quando
1299 3003 1528 3070 aliquid,
1561 3004 1709 3068 quod
1737 3013 1840 3067 est,
1889 3003 1944 3057 in
1972 3006 2167 3058 melius
2201 3015 2382 3058 muta-

811 3100 921 3142 tur.
956 3089 1100 3144 Deus
1122 3093 1322 3145 cmlum
1349 3094 1616 3157 condidit,
1664 3095 1767 3149 hoc
1793 3104 1895 3155 est.
1917 3095 2046 3149 fecit
2077 3096 2282 3164 aliquid
2311 3111 2375 3149 ex

811 3181 1028 3234 nihilo:
1067 3181 1204 3234 idem
1239 3198 1369 3236 vero
1416 3184 1581 3237 etiam
1626 3196 1797 3248 creat,
1840 3185 2060 3254 quando
2105 3187 2379 3242 hominem

806 3274 1033 3342 impium
1069 3275 1273 3328 bonum
1305 3275 1483 3330 eﬂicit.
1524 3275 1702 3347 Atque
1743 3279 1830 3332 hic
1867 3293 2054 3332 creare
2091 3279 2232 3333 idem
2271 3290 2375 3342 est,

807 3367 955 3435 quod
1008 3368 1213 3437 aliquid
1250 3370 1303 3421 in
1345 3369 1540 3423 melius
1580 3379 1810 3425 mutare.
1861 3371 1998 3426 Audi
2030 3385 2192 3440 porro
2225 3371 2380 3426 Davi-

816 3457 940 3512 dem
983 3460 1317 3529 loquentem.
1369 3460 1640 3526 Quoniam
1693 3463 1838 3516 enim
1889 3464 1977 3517 ille
2023 3474 2079 3518 et
2122 3479 2217 3518 cor
2258 3464 2378 3532 ejus

811 3561 1058 3604 creatum
1088 3561 1228 3614 erat,
1260 3553 1530 3607 adulterio
1554 3569 1686 3608 vero
1703 3564 1758 3607 et
1786 3553 1931 3608 caede
1963 3554 2376 3623 inquinabatur,

806 3647 862 3692 ct
919 3641 986 3694 ad
1030 3641 1230 3694 czedetn
1282 3642 1580 3710 ferebatur,
1632 3643 1800 3698 Deum
1845 3653 2118 3712 precatur,
2157 3653 2212 3698 et
2253 3647 2372 3699 ait:

813 3749 830 3779 ι
865 3730 970 3784 Cor
1014 3747 1215 3786 novum
1249 3747 1373 3787 crea
1405 3734 1459 3786 in
1498 3749 1607 3798 me,
1642 3731 1783 3790 Dens
1807 3735 1885 3797 ³⁶;
1918 3754 1936 3786 ι
1988 3751 2095 3791 non
2132 3738 2375 3807 quide,

805 3821 949 3887 quod
989 3831 1116 3876 ante
1155 3836 1263 3878 non
1314 3822 1547 3878 habebat
1583 3839 1700 3887 cor,
1757 3825 1900 3879 sicut
1947 3841 2048 3881 nec
2092 3827 2159 3880 de
2196 3828 2378 3883 cordis

805 3913 1062 3977 essentia,
1111 3915 1208 3968 sed
1255 3915 1322 3968 de
1366 3916 1595 3984 optima,
1648 3931 1769 3985 quae
1799 3916 1930 3970 illttd
1965 3927 2146 3982 ornat,
2193 3919 2378 3973 condi-

810 4004 955 4056 tione
990 4003 1254 4072 loquitur.
1290 4001 1454 4058 Videa
1483 4005 1667 4073 itaque
1695 4005 1843 4073 quod
1875 4015 2124 4060 creatura
2155 4017 2376 4062 vocetur

803 4110 911 4147 non
961 4095 1159 4158 solum,
1207 4095 1254 4149 si
1312 4111 1376 4148 ex
1415 4096 1591 4151 nihilo
1642 4097 1848 4167 aliquid
1889 4099 2124 4153 existere
2159 4099 2372 4168 incipit,

801 4187 895 4240 sed
927 4187 1117 4248 etiam,
1161 4187 1208 4241 si
1240 4187 1371 4256 quid
1404 4189 1584 4256 quoad
1630 4189 1926 4244 essentiam
1958 4199 2272 4258 corruptum
2317 4191 2373 4244 in

806 4280 1002 4333 melius
1059 4288 1317 4334 mutetur.
1381 4277 1458 4334 ita
1513 4281 1773 4337 meretrix
1835 4282 2122 4346 conditur,
2179 4283 2226 4338 si
2280 4283 2375 4337 liat

802 4379 952 4423 casta
978 4386 993 4434 ;
1030 4371 1100 4424 ita
1130 4386 1322 4439 rapax,
1357 4371 1402 4424 si
1430 4372 1627 4425 evadat
1657 4372 1994 4427 misericors.
2027 4373 2104 4426 Ita
2136 4373 2189 4426 in
2216 4388 2371 4427 ovem

2483 2174 2672 2242 μεθύει
2716 2177 2744 2228 6
2804 2175 3091 2246 ἄνθρωπος
3124 2217 3139 2241 ,
3177 2179 3274 2230 καὶ
3335 2181 3711 2249 περιξεέρεται.
3748 2183 3851 2233 καὶ
3903 2199 4065 2234 κατα-

2479 2268 2705 2334 γελᾶται
2744 2285 2755 2295 ·
2803 2269 2898 2322 καὶ
2942 2269 3151 2336 γίνεται
3186 2271 3306 2323 ἀντὶ
3353 2272 3447 2324 τοῦ
3503 2271 3797 2342 ἀνθρώπου
3856 2275 4064 2340 ἄλογος.

2481 2359 2554 2412 Σὺ
2578 2361 2635 2413 δὲ
2665 2361 2843 2428 λέγεις
2866 2378 2878 2392 ·
2924 2363 2988 2415 'ﬂ
3037 2363 3176 2431 μέθη
3217 2363 3358 2426 θεὸς,
3389 2365 3418 2414 6
3457 2367 3708 2426 Διόνυσος
3744 2383 3756 2398 ·

2482 2451 2624 2517 θεὸς,
2676 2455 2704 2505 6
2750 2453 2986 2524 Ἑρμῆς·
3013 2456 3168 2524 ὁρᾷς,
3209 2455 3290 2506 ὅτι
3345 2456 3505 2524 χρεία
3559 2473 3639 2508 σοι
3678 2458 4018 2524 ὀψθαλμῶη
4046 2465 4067 2508 ς

2481 2547 2646 2612 νόμος
2696 2545 2763 2596 ’τὰ
2820 2545 2965 2612 πάιοη
3015 2544 3231 2609 κολάζει
3258 2561 3271 2575 ⁶
3305 2547 3493 2598 καὶσὺ
3531 2547 3704 2598 ταῦτα
3747 2550 3926 2598 ποιῶν
3977 2551 4067 2599 οὐκ

2484 2637 2710 2706 αἰσθάνῃ
2741 2651 2754 2698 ;
2792 2637 2838 2687 εί
2867 2636 3044 2704 βούλει
3073 2637 3152 2698 δὲ,
3189 2639 3446 2706 πρόσχες,
3483 2639 3630 2699 ὅπως
3660 2641 3862 2705 γέγονε
3897 2643 4066 2691 πάντα

2485 2727 2666 2780 καινά.
2701 2727 2892 2788 Κτίσις
2933 2728 2990 2778 ἐν
3023 2731 3086 2796 τῇ
3119 2727 3306 2796 Γραφῇ
3358 2729 3596 2793 λέγεται,
3625 2731 3657 2797 ἡ
3688 2729 3751 2780 ού
3805 2732 3975 2796 μόνον
4010 2733 4066 2780 ix

2481 2819 2575 2872 τοῦ
2610 2820 2684 2888 μὴ
2723 2819 2873 2881 ὄντος
2906 2822 2983 2881 είς
3015 2821 3074 2872 τὸ
3104 2815 3245 2873 εἶναι
3271 2823 3602 2888 παραγωγὴ.
3630 2821 3772 2872 ἀλλὰ
3803 2825 3904 2874 καὶ
3949 2825 3981 2891 ἡ
4007 2826 4064 2874 ἐκ

2481 2909 2574 2962 τοῦ
2600 2909 2749 2971 ὄντος
2798 2911 2891 2962 ἐπὶ
2919 2911 2980 2962 τὸ
3019 2910 3228 2978 βέλτιον
3259 2913 3548 2981 μεταϐολή.
3573 2913 3838 2966 Ἐκτισεν
3868 2917 3900 2968 6
3943 2916 4064 2975 Θεὸς

2481 3001 2574 3053 τὸν
2602 3003 2830 3068 οὐρανόν
2854 3017 2868 3032 ·
2902 3001 3060 3054 τοῦτό
3083 3006 3228 3054 ἐστιν
3265 3006 3329 3056 ὲκ
3355 3004 3448 3058 τοῦ
3492 3005 3564 3074 μὴ
3612 3005 3771 3067 ὄντος
3822 3010 4059 3076 ἐργασα-

2485 3093 2607 3145 σθαι
2634 3111 2647 3124 ο
2682 3095 2876 3157 κτίζει,
2909 3097 3001 3147 καὶ
3025 3096 3153 3148 ὅταν
3186 3095 3277 3148 τὸν
3312 3099 3543 3166 πονηρὸν
3569 3098 3878 3167 ἄνθρωπον
3913 3102 4062 3151 me,

2484 3187 2866 3256 ἀπεργάσηται
2890 3203 2904 3216 ⁶
2938 3188 3170 3240 ἐνταῦθα
3199 3189 3261 3240 τὸ
3290 3190 3496 3252 κτίζειν
3529 3192 3675 3241 ἐστὶν
3713 3192 3812 3241 ἐπὶ
3859 3192 3923 3243 τὸ
3952 3193 4060 3258 32').-

2481 3296 2593 3332 τιον
2644 3278 2940 3349 μεταϐολή.
2991 3280 3100 3331 Καὶ
3137 3281 3368 3333 ἄκουσον
3415 3280 3509 3332 τού
3546 3281 3716 3332 Δαϐὶδ
3771 3282 4059 3349 λέγοντος·

2482 3367 2672 3437 ἐπειδὴ
2699 3369 2807 3437 γὰρ
2838 3364 2903 3437 ἦν
2928 3368 3092 3429 αὐτὸς
3118 3370 3213 3419 καὶ
3244 3369 3277 3436 ἡ
3314 3367 3511 3438 καρδία
3538 3367 3705 3420 αύτοῦ
3738 3369 4061 3438 ἐκτισμένη.

2482 3457 2776 3529 ὲρῤυπώοη
2823 3457 2882 3510 δὲ
2929 3461 2995 3528 τῇ
3035 3459 3270 3528 μοιχείᾳ,
3301 3458 3394 3510 καὶ
3442 3457 3519 3526 τῷ
3565 3458 3736 3525 φόνῳ,
3775 3461 3884 3510 καὶ
3939 3461 4059 3528 πρὸς

2483 3549 2689 3618 φθορὰν
2713 3549 3066 3618 κατεφέρετο,
3099 3549 3412 3618 παρακαλεῖ
3438 3549 3529 3601 τὸν
3555 3549 3712 3610 Θεὸν,
3751 3551 3857 3601 καὶ
3887 3551 4028 3617 λέγει
4046 3568 4058 3581 ·

2485 3660 2504 3692 ι
2544 3642 2785 3712 Καρδίαν
2812 3641 3056 3710 καθαρὰν
3092 3641 3275 3693 κτίσον
3297 3642 3355 3692 ὲν
3372 3641 3564 3709 ἑμοὶ,δ
3596 3641 3752 3702 Θεός.
3786 3661 3809 3693 a
3853 3644 3967 3710 Οὐχ
3990 3645 4061 3694 Em

2483 3731 2750 3798 πρότερον
2780 3730 2880 3783 ούκ
2921 3727 3033 3799 εἶχε
3063 3729 3286 3800 καρδίαν
3322 3744 3336 3758 '
3378 3729 3500 3781 οὐδὲ
3542 3729 3672 3798 περὶ
3723 3732 3831 3798 τῆς
3881 3731 4060 3790 ούσίας

2477 3822 2575 3890 τῆς
2600 3820 2826 3890 καρδίας
2857 3821 3025 3889 λέγει,
3056 3820 3193 3874 ἀλλὰ
3223 3821 3352 3890 περὶ
3394 3819 3495 3889 τῆς
3527 3819 3849 3889 κοσμούσης
3899 3821 4059 3890 αὐτὴν

2478 3913 2708 3982 ἀρίστης
2750 3913 3042 3976 πολιτείας.
3091 3912 3220 3966 Ἰδοὺ
3274 3913 3452 3964 τοίνυν
3499 3911 3676 3973 κτίσις
3729 3911 4056 3979 λέγεται,υύ

2483 4006 2644 4076 μόνον
2670 4005 2702 4074 ἡ
2727 4005 2792 4057 ὲκ
2812 4003 2908 4057 τοῦ
2929 4004 3004 4074 μὴ
3035 4005 3184 4066 ὄντος
3205 4005 3283 4066 εἰς
3303 4003 3366 4056 τὸ
3392 3998 3534 4056 εἶναι
3563 4006 3911 4074 παραγωγὴ,
3933 4005 4057 4058 ἀλλὰ

2478 4101 2572 4150 καὶ
2599 4099 2631 4167 ἡ
2654 4097 2754 4166 τῆς
2787 4098 2976 4160 οὐσίας
3012 4095 3405 4166 διαφθαρείσης
3442 4096 3521 4158 είς
3553 4096 3612 4148 τὸ
3639 4094 3862 4164 βέλτιον
3900 4114 4057 4167 μεταο

2480 4188 2611 4257 ϐολή
2641 4205 2654 4219 ·
2688 4187 2829 4241 ούτω
2855 4187 3098 4252 κτίζεται
3141 4190 3374 4256 σώφρων
3401 4188 3435 4256 ὴ
3467 4187 3662 4256 πόρνη,
3686 4185 3877 4250 οὕτως
3908 4190 4054 4255 ἐλεή-

2483 4297 2599 4348 μων
2632 4279 2660 4330 6
2717 4277 2902 4348 ἅρπαξ
2925 4296 2937 4309 ·
2973 4277 3116 4330 οὕτω
3164 4276 3559 4346 μεταϐάλλεται
3594 4277 3671 4338 είς
3721 4276 4002 4344 πρόϐατον
4031 4279 4054 4327 6

2475 4371 2657 4434 λύκος,
2689 4370 2783 4423 καὶ
2813 4369 3015 4432 δίὲραξ
3044 4371 3122 4431 είς
3168 4368 3492 4437 περιστεράν
3518 4383 3532 4398 ο
3561 4367 3655 4420 δύο
3703 4367 3942 4430 κτίσεις.
3966 4370 4052 4419 Διὰ

804 4467 1048 4512 mutatur
1099 4458 1278 4528 lupus,
1328 4467 1382 4512 et
1444 4459 1499 4514 in
1549 4460 1860 4515 columbam
1929 4461 2207 4530 accipiter.
2257 4463 2372 4517 Duo

2481 4461 2634 4514 τοῦτο
2675 4463 2770 4513 καὶ
2801 4460 2864 4512 τδ
2906 4460 3129 4529 λουτρὸν
3175 4459 3377 4528 κτίσμα
3423 4457 3678 4524 λέγεται·
3727 4458 3790 4510 τὸ
3839 4459 4051 4528 λουτρὸν

801 4551 983 4620 itaque
1033 4563 1158 4605 sunt
1182 4552 1480 4608 creationis
1518 4569 1736 4624 genera.
1766 4553 2056 4625 Propterea
2103 4556 2265 4610 etiam
2295 4555 2371 4610 la-

2481 4553 2621 4621 λέγω
2641 4554 2738 4623 τῆς
2765 4550 3199 4620 παλιγγενεσίας.
3231 4570 3247 4602 ι
3287 4549 3714 4618 ’Δποδυσάμενοι
3740 4551 3877 4619 γὰρ,
3905 4551 4047 4617 φησι,

810 4657 1032 4696 vacruin
1069 4644 1273 4698 dicitur
1327 4645 1558 4710 creatio,
1600 4647 1899 4708 lavacrum,
1935 4647 2182 4716 inquam,
2216 4664 2370 4719 rege-

2481 4645 2570 4698 τδν
2602 4643 2833 4696 παλαιὸν
2858 4642 3166 4714 ἄνθρωπον,
3197 4641 3550 4710 ἐνδυσάμενοι
3581 4640 3637 4692 δὲ
3659 4641 3757 4692 τὸν
3794 4643 3940 4705 νέον,
3972 4642 4050 4693 τὸν

805 4732 1127 4786 nerationis.
1170 4751 1189 4783 ι
1222 4731 1500 4787 Exuentes
1535 4734 1704 4800 enim,
1736 4735 1928 4804 inquit,
1967 4736 2239 4790 hominem
2277 4751 2369 4791 ve-

2481 4735 2923 4804 άναγεννὼμενον
2948 4734 3067 4788 κατ’
3083 4734 3268 4786 είκόνα
3279 4731 3372 4786 τοῦ
3397 4733 3677 4794 κτίσαντος
3700 4733 4042 4802 αὑτόν(·ὶι).ι

801 4833 998 4887 ιεϊειιι,
1054 4824 1337 4880 induentes
1392 4833 1571 4879 autem
1609 4841 1832 4889 novum,
1879 4828 1972 4896 qui
2019 4837 2370 4898 regeneratus

2486 4831 2648 4901 Ὁρᾷς
2700 4829 2790 4884 οὖν
2816 4830 2898 4882 ὅτι
2928 4829 3045 4883 ἐστὶ
3065 4827 3225 4899 καινὴ
3255 4829 3449 4891 κτίσις.
3475 4828 3540 4879 Τί
3569 4829 3676 4897 γάρ
3717 4847 3811 4898 μοι
3843 4829 4044 4896 ὄφελος,

796 4925 879 4968 est
921 4915 985 4969 ad
1029 4915 1318 4984 imaginem
1355 4917 1498 4985 ejus,
1540 4918 1633 4986 qui
1679 4933 1804 4972 eum
1856 4919 2112 4972 condidit.
2152 4939 2171 4971 ε
2209 4917 2370 4974 Vides

2481 4922 2570 4976 MV
2599 4922 2824 4992 γένηται
2857 4923 2885 4974 6
2913 4920 3138 4989 οὐρανὸς
3171 4920 3376 4983 καινὸς,
3402 4919 3496 4972 καὶ
3526 4918 3595 4988 γῆ
3628 4921 3818 4989 καινὴ,
3858 4919 3969 4986 ἐγὼ
3997 4920 4046 4969 δὲ

800 5007 1005 5075 ilaquc,
1039 5007 1179 5074 quod
1230 5021 1369 5060 nova
1399 5007 1580 5077 aliqua
1637 5010 1708 5062 sit
1736 5017 2008 5064 creatura.
2038 5007 2177 5074 Quid
2221 5009 2366 5065 enim

798 5099 931 5151 mihi
957 5098 1199 5168 prodest,
1231 5099 1278 5152 si
1311 5099 1510 5153 coelum
1551 5098 1643 5152 ﬁat
1675 5113 1898 5165 novum,
1933 5109 1988 5156 et
2017 5109 2157 5154 terra
2206 5115 2368 5165 nova,

797 5206 928 5258 ergo
962 5205 1090 5243 vero
1123 5190 1358 5259 peccatis
1409 5190 1749 5245 inveteravi?
1783 5189 1992 5246 leum
2028 5193 2222 5248 domus
2259 5201 2361 5259 est,

794 5298 892 5352 ego
918 5298 1046 5338 vero
1079 5286 1131 5336 in
1180 5299 1247 5338 eo
1279 5283 1526 5338 diversor
1563 5293 1618 5340 et
1658 5291 1881 5354 aegroto.
1919 5285 2146 5349 Quando
2191 5287 2363 5340 medi-

870 5462 912 5493 ⁸⁸
943 5461 1084 5518 Psal.
1112 5478 1166 5526 ι..
1194 5462 1280 5517 ll.

2474 5013 2593 5072 ταῖς
2655 5008 2950 5078 ἁμαρτίαις
3026 5009 3460 5077 πεπαλαίωμαις
3529 5009 3558 5059 6
3619 5009 3857 5078 οὐρανὸς
3909 5003 4044 5065 οἶκός

2468 5102 2638 5166 ἔστιν,
2665 5100 2774 5168 ἐγὼ
2795 5099 2850 5153 δὲ
2868 5101 2896 5151 6
2916 5099 3268 5170 διαιτώμενος
3292 5100 3350 5150 ὲν
3374 5099 3544 5168 αὐτῷ,
3564 5100 3662 5152 καὶ
3692 5099 3894 5152 νοσῶν.
3928 5098 4044 5152 Ἐὰν

2474 5191 2657 5262 ίατρὸς
2700 5195 2778 5256 εἰς
2824 5193 2922 5262 τὴν
2966 5192 3142 5246 οίκίαν
3180 5191 3274 5244 τοῦ
3327 5190 3739 5263 ἁῤῥωστοῦντος
3795 5189 4039 5252 εἰσέλθοι,

2474 5287 2568 5338 καὶ
2607 5286 2698 5338 τοῦ
2753 5287 2850 5356 μὲν
2878 5285 3136 5356 οὐδεμίαν
3162 5284 3420 5356 πρόνοιαν
3470 5282 3648 5349 λάϐοι,
3675 5281 3957 5336 λευκαίνει
3990 5281 4037 5332 δὲ

2268 5600 2498 5658 NOTAE.

861 5761 973 5828 (2‘2)
1002 5764 1152 5816 Coll).
1176 5764 1268 5815 καὶ
1301 5765 1452 5830 ὁρᾷς.

864 5834 976 5903 (i5)
1006 5833 1173 5899 [doi:t,
1197 5833 1442 5904 ποίησον.

2547 5756 2660 5823 (Ἠ)
2691 5757 2902 5809 Coloss.
2937 5771 3017 5817 Ill,
3047 5756 3129 5819 10,
3164 5755 3252 5809 ubi
3287 5767 3462 5809 tamen
3492 5752 3882 5809 hodiecodiccs
3905 5765 4028 5804 noe-

2475 5829 2605 5882 nihil
2636 5828 2790 5880 aliter
2822 5827 3038 5880 habent.
