4174 6450
213 432 319 493 865

1045 431 1140 488 AD
1180 426 1767 488 AMPHILOCBIUM
1808 420 2149 495 QUIESTIO
2186 419 2665 481 CLXX-CLXXI.

3356 421 3460 482 866

214 548 308 597 τὸν
348 545 589 613 ἁρπάσαι
652 544 750 612 τὴν
800 542 1051 606 ἐξουσίαν
1107 543 1214 595 τῶν
1270 543 1608 611 κτισμάτων,
1678 541 1793 593 ἀλλ’

1899 540 2048 590 nium
2086 536 2139 589 in
2167 544 2451 589 creaturas
2482 533 2586 588 sibi
2613 547 2721 586 non
2758 545 2850 600 per
2882 529 3129 598 rapinam
3162 530 3459 593 vindicare,

217 637 323 688 ύπδ
352 636 449 704 τὴν
479 635 572 686 τοῦ
603 634 849 701 Σωτῆρος
881 632 1135 702 πρόνοιαν
1168 631 1312 685 οέλει
1340 632 1558 684 κεῖσθαι
1598 632 1665 683 τὰ
1692 632 1791 697 τῆς

212 723 544 793 οἰκονομίας·
578 723 659 775 διὸ
698 723 847 793 καὶὴ
886 721 1168 792 παραϐολὴ
1206 722 1298 773 τὸν
1351 721 1614 790 νεώτερον
1676 722 1792 772 εἱσ-

213 815 361 879 άγει,
385 812 617 865 λαϐόντα
652 811 751 881 τὴν
781 811 1046 882 πατρικὴν
1090 810 1295 872 οὐσίαν,
1328 812 1409 872 είς
1442 809 1624 880 χώραν
1661 812 1794 863 ἀπο-

213 902 456 971 δημῆσαι
480 900 715 970 μακράν·
746 900 805 952 τὸ
834 901 888 953 δὲ
922 900 1092 968 μῆκος
1118 901 1179 951 οὐ
1213 898 1446 961 σταδίοις
1472 898 1784 960 διετείνετο,

217 994 355 1044 ἀλλὰ
407 992 630 1061 τρόποις
685 988 1043 1055 ὶξέτοπίζετο.
1109 991 1215 1044 Καὶ
1266 990 1431 1060 γὰρὸ
1461 973 1794 1060 ἁμαρτάνων

217 1083 437 1151 μακρὰν
470 1082 676 1150 γίνεται
708 1080 866 1147 Θεοῦ,
902 1083 964 1134 ού
992 1081 1160 1149 τόπῳ,
1187 1082 1324 1145 ἀλλὰ
1352 1082 1565 1151 τρόπῳ.
1596 1080 1794 1133 Λαϐὼν

216 1172 275 1225 δὲ
331 1174 431 1243 τὴν
490 1173 679 1225 οὐσίαν
737 1172 836 1241 τὴν
897 1173 1170 1242 πατρικὴν
1230 1172 1512 1225 ἀπώλεσεν
1570 1171 1738 1239 αὐτὴν
1780 1212 1794 1235 ,

214 1261 446 1323 ἀσώτως
484 1261 853 1325 ζῶν.ἐλαϐεν
904 1261 1055 1331 ἥλιον
1117 1264 1196 1325 είς
1233 1262 1566 1325 ἀπόλαυσιν,
1600 1263 1693 1315 καὶ
1739 1262 1798 1314 τὸ

216 1351 391 1420 δωρον
447 1352 522 1414 ὡς
572 1351 703 1404 Θεὸν
748 1352 1152 1421 προσεκύνησεν
1183 1369 1197 1382 ·
1237 1353 1434 1406 ἐλαϐεν
1483 1352 1665 1422 πηγάς
1717 1356 1797 1416 είς

219 1438 466 1508 τρυςιὴν,
524 1440 617 1492 καὶ
663 1440 724 1493 τὸ
773 1441 942 1511 δῶρον
989 1441 1353 1510 ὲθεοποίησεν·
1409 1443 1645 1511 ἠγνόησε
1707 1444 1799 1495 τὸν

219 1532 609 1600 χαρισάμενον,
640 1533 733 1583 καὶ
774 1531 835 1584 τὸ
883 1534 1125 1603 χάρισμα
1180 1532 1629 1604 ὑπερεδόξασενή
1661 1535 1796 1605 αὐτὴ

218 1621 421 1683 κτίσις·
466 1619 583 1674 ἀλλ’
620 1622 680 1674 ού
733 1624 898 1676 πᾶσιν
950 1624 1149 1692 ὁμοίως
1181 1624 1432 1693 ὁρωμένη
1491 1625 1731 1695 πατρική
1762 1625 1795 1693 ἡ

220 1711 401 1763 οὐσία·
428 1711 549 1763 ἀλλ’
596 1713 624 1764 6
658 1712 757 1779 μὲν
791 1711 969 1775 καλῶς
1012 1713 1171 1783 αὐτῇ,
1198 1713 1301 1766 όδδ
1333 1712 1517 1776 κακῶς
1549 1715 1795 1785 ἀπεχρή-

222 1818 376 1863 σατο,
424 1803 608 1871 τάγμα
636 1801 793 1855 τοῦτο
838 1804 1080 1865 κάκεῖνο,
1127 1805 1174 1855 εί
1208 1804 1301 1856 καὶ
1344 1804 1620 1875 διάφορον·
1643 1805 1671 1857 ό
1699 1806 1791 1857 εὐ·-

1902 628 1994 682 s-d
2054 640 2274 681 omnem
2314 639 2503 679 earnm
2558 620 3093 677 administrationem
3157 619 3466 674 Servatoris

1897 718 2251 786 providentia:
2282 718 2430 784 cupit
2460 729 2582 769 esse
2618 711 2940 779 subiectam.
2984 709 3271 780 Propterea
3304 726 3467 780 para-

1897 809 2020 862 bula
2051 806 2140 859 illa
2170 805 2441 873 juniorem
2476 803 2794 865 introducit,
2838 801 2982 869 quod
3011 810 3263 869 paternas
3293 800 3464 853 facul-

1898 906 2037 949 tates
2085 893 2354 962 recipiens
2383 892 2435 945 in
2479 893 2831 962 longinquam
2882 890 3151 959 regionem
3194 890 3465 943 discesse-

1899 989 1987 1039 rit.
2027 987 2272 1055 Longum
2310 998 2438 1037 vero
2490 984 2621 1037 illud
2659 984 2763 1036 iter
2813 997 2921 1035 non
2977 981 3165 1035 stadiis
3197 980 3467 1051 produce-

1897 1078 2077 1140 batur,
2116 1078 2209 1132 sed
2255 1077 2498 1129 moribus
2530 1074 2984 1143 distinguebatur.
3039 1071 3278 1127 Peccans
3317 1071 3465 1125 enim

1898 1170 2134 1237 quisque
2164 1179 2403 1221 remotus
2458 1178 2542 1221 est
2574 1184 2602 1219 a
2647 1168 2777 1230 Deo,
2826 1178 2935 1217 non
2974 1164 3113 1224 loco,
3159 1162 3252 1217 sed
3304 1162 3469 1215 morio

1900 1261 2020 1313 bus.
2052 1258 2197 1312 Idem
2230 1273 2361 1311 vero
2391 1267 2645 1326 paternas
2691 1254 2975 1309 facultates
3006 1261 3224 1314 nactus,
3267 1251 3467 1303 intem-

1900 1362 2154 1421 peranter
2189 1352 2419 1405 vivendo
2449 1366 2544 1404 cas
2570 1350 2823 1418 dissipat.
2852 1346 3033 1401 Solem
3064 1346 3207 1399 enim
3238 1345 3291 1395 in
3320 1358 3471 1397 eom-

1902 1445 2121 1501 ntodum
2151 1460 2307 1498 suum
2338 1453 2549 1498 nactus.
2584 1441 2787 1496 donum
2830 1439 2957 1493 illud
2993 1439 3165 1492 instar
3203 1436 3293 1490 Dei
3336 1435 3472 1487 ado-

1902 1549 1982 1592 rat
2018 1554 2031 1589 :
2065 1535 2243 1589 fontes
2268 1536 2322 1587 in
2360 1535 2754 1587 recreationem
2787 1540 3003 1595 nactus,
3043 1537 3097 1582 et
3136 1530 3237 1580 hoe
3270 1538 3471 1578 munus

1901 1628 1992 1683 Dei
2028 1626 2148 1681 loco
2180 1626 2357 1679 habet.
2392 1622 2611 1693 Ignorat
2655 1623 2924 1683 datorem,
2969 1622 3172 1673 donum
3204 1630 3330 1671 vero
3373 1629 3468 1668 ea-

1898 1720 2019 1774 dem
2059 1725 2307 1773 creatura
2343 1715 2513 1768 niniio
2544 1713 2690 1768 cultu
2742 1711 3109 1781 prosequitur.
3156 1705 3343 1776 Neque
3385 1714 3469 1759 ιιι

1900 1824 2023 1864 men
2068 1821 2260 1862 omnes
2307 1814 2585 1874 paternam
2630 1801 2992 1856 [nereditatem
3034 1798 3220 1851 eadem
3261 1797 3471 1849 ratione

222 1893 390 1963 σεϐὴς
414 1894 473 1946 τὸ
501 1893 693 1956 κάλλος
753 1895 855 1965 όρᾷ
876 1894 968 1947 τοῦ
1000 1894 1227 1965 ούρανοῦ
1268 1895 1362 1947 καὶ
1401 1895 1507 1949 ἀπὸ
1535 1894 1626 1947 τοῦ
1659 1895 1791 1948 κάλο

1899 1902 2163 1955 adierunt.
2213 1898 2366 1952 Alius
2412 1896 2558 1952 enim
2610 1897 2701 1949 illa
2754 1898 2914 1959 hene,
2969 1894 3109 1948 alius
3150 1905 3279 1944 vero
3330 1888 3470 1943 male

219 1986 348 2047 ὶους
376 1985 467 2036 τὸν
500 1984 828 2054 δημιουργὸν
882 1988 1124 2053 ἀνυμνεῖ.
1158 1986 1429 2057 «Ὀψομαι
1470 1985 1600 2057 γὰρ,
1634 1988 1788 2056 φησὶ,

220 2077 350 2138 τοὺς
405 2076 665 2145 οὐρανοὺς
724 2077 858 2145 ἔργα
900 2076 1010 2129 τῶν
1054 2076 1330 2130 δακτύλων
1362 2094 1474 2131 σου.
1506 2096 1525 2128 ι
1585 2074 1736 2130 Εῐδεν
1766 2079 1794 2130 ό

218 2165 445 2234 ἀσεϐὴς,
482 2165 737 2235 καὶπρὸς
784 2168 881 2235 μὲν
930 2166 1019 2219 τὸν
1050 2166 1273 2237 κτίστην
1324 2168 1421 2237 τὴν
1468 2167 1707 2222 διάνοιαν
1734 2168 1793 2220 οὐ

218 2255 550 2309 διεϐίϐασεν·
614 2258 975 2327 ὲναπομείνας
1044 2259 1120 2328 τῷ
1168 2259 1355 2312 κάλλει
1412 2260 1507 2313 τοῦ
1558 2260 1793 2330 ούρανοῦ

219 2348 358 2399 Θεὸν
407 2347 715 2418 ἑφαντάσθη
762 2349 823 2401 τὸ
877 2348 1287 2420 δημιούργημα·
1336 2352 1365 2403 6
1416 2351 1643 2422 εὐσεϐὴς
1700 2350 1795 2420 οὐχ

221 2437 436 2508 ὑϐρίζει
465 2438 561 2510 τὴν
612 2440 806 2503 κτίσιν,
846 2440 981 2494 ἀλλὰ
1010 2442 1085 2511 τῷ
1127 2442 1370 2513 Δεσπότῃ
1422 2442 1519 2511 τὴν
1549 2442 1792 2512 προσκύ-

219 2545 383 2595 νησιν
429 2528 767 2597 ταμιεύεται·
808 2534 941 2602 τιμᾷ
974 2532 1068 2602 τὴν
1098 2532 1273 2585 κτίσιν
1312 2533 1415 2602 (27
1438 2534 1480 2598 ),
1513 2532 1629 2585 ἀλλ’
1662 2533 1795 2602 ὁμό-

216 2616 430 2669 δουλον·
459 2617 558 2669 οὐκ
610 2618 856 2686 ἀφαιρῶν
888 2618 941 2671 δὲ
968 2619 1027 2672 τὸ
1081 2620 1241 2681 σέϐας
1267 2618 1359 2671 τοῦ
1394 2619 1675 2682 κτίσαντος
1704 2636 1799 2672 πε-

222 2707 443 2775 ριάπτει
468 2706 545 2775 τῷ
580 2708 859 2775 κτίσματι·
893 2710 1107 2761 ἐπαινεῖ
1133 2708 1191 2761 τὸ
1230 2708 1620 2779 φιλοτέχνημα,
1674 2709 1794 2762 ἀλλ’

216 2800 347 2867 οὐχὶ
362 2799 460 2867 τὴν
478 2798 571 2851 τοῦ
597 2801 837 2869 τεχνίτου
853 2801 1008 2864 δόξαν
1033 2803 1112 2863 εις
1136 2803 1312 2853 ἐκεῖνο
1334 2818 1397 2853 πε
1408 2802 1726 2872 ριίστησιυκὸ
1741 2802 1799 2855 δὲ

216 2888 486 2959 δυσσεϐὴς
510 2889 568 2940 ού
592 2890 774 2953 κακῶς
807 2891 904 2959 μὲν
921 2889 1059 2943 εἶδεν
1084 2891 1215 2957 (28).
1246 2894 1427 2955 κακῶς
1457 2892 1511 2944 δὲ
1533 2893 1801 2961 προσεκύο

198 2995 408 3049 ,νησεν,
447 2980 539 3032 καὶ
590 2985 765 3033 πᾶσαν
814 2983 910 3053 τὴν
939 2982 1089 3046 τάξιν
1108 2984 1417 3053 ἀνέτρεψεν·
1435 2985 1515 3037 ὅτι
1534 2985 1799 3055 δράκοντα

218 3071 485 3134 πολλάκις
501 3073 533 3140 ἡ
560 3071 747 3141 ι’ραφὴ
760 3072 911 3126 καλεῖ
927 3074 1015 3127 τὸν
1035 3074 1295 3139 διάϐολον,
1320 3074 1414 3127 καὶ⁵
1429 3075 1549 3142 ὅφιν
1574 3077 1798 3129 σκολιόν.

1896 2006 2029 2046 usus
2073 1999 2179 2046 est.
2215 1988 2280 2042 Et
2312 1989 2398 2042 hic
2431 1998 2487 2041 et
2533 1988 2622 2041 ille
2668 1996 2851 2041 certus
2884 1987 3164 2039 hominum
3201 1982 3337 2036 ordo
3361 1990 3467 2042 est,

1898 2082 2151 2151 quamvis
2183 2099 2209 2134 a
2253 2096 2311 2136 se
2346 2080 2661 2135 distinctus.
2693 2078 2867 2133 llonto
2910 2079 3053 2131 enim
3084 2077 3205 2144 pius
3234 2072 3471 2143 pulchri-

1897 2175 2142 2229 tudinem
2192 2174 2315 2228 (αειί
2369 2173 2534 2237 ridet,
2586 2180 2641 2225 ct
2680 2172 2751 2225 ob
2802 2169 3266 2239 pulchritudinem
3321 2164 3466 2218 illam

1897 2262 2234 2317 conditorem
2289 2260 2496 2315 laudat.
2537 2280 2555 2313 ι
2588 2259 2796 2313 Videbo
2840 2259 3006 2320 enim,
3048 2257 3244 2325 inquit,
3279 2254 3465 2312 caelos.

1897 2367 2059 2422 opera
2091 2367 2352 2407 manuum
2382 2360 2595 2407 tuarum
2621 2350 2688 2402 ".
2728 2370 2744 2400 ι
2784 2348 2937 2403 Videt
2965 2350 3213 2403 eamdem
3247 2347 3466 2415 impius,

1898 2446 1992 2501 sed
2022 2454 2251 2499 mentem
2298 2460 2451 2499 suam
2498 2445 2563 2498 ad
2615 2443 2953 2497 conditorem
3011 2456 3115 2493 non
3148 2439 3467 2493 convertit:

1899 2552 2108 2601 verum,
2152 2538 2204 2590 in
2242 2535 2647 2606 pulchritudine
2680 2534 2800 2587 εαξιί
2839 2534 3012 2601 ipsius
3041 2532 3275 2592 haerens,
3316 2528 3470 2597 opill-

1900 2628 2047 2681 cium
2081 2627 2210 2681 illud
2262 2638 2317 2681 ut
2347 2628 2515 2682 Deum
2560 2626 2662 2681 sibi
2702 2623 3126 2694 reprznsentarit.
3160 2622 3288 2676 Pius
3316 2634 3470 2675 crea-

1904 2730 2077 2774 turam
2113 2734 2220 2775 non
2251 2720 2411 2775 afﬁcit
2438 2720 2661 2790 injuria.
2690 2719 2787 2773 sed
2816 2717 3093 2773 Conditm-i
3138 2717 3345 2769 cultum
3377 2714 3471 2766 dc-

1904 2811 2006 2865 frrt
2038 2829 2049 2864 :
2086 2811 2319 2865 honorat
2345 2812 2675 2873 ereaturam,
2710 2810 2802 2864 sed
2845 2819 2903 2861 ut
2927 2821 3280 2870 conservam;
3310 2802 3463 2858 debi-

1905 2914 2018 2957 tum
2072 2918 2199 2958 vero
2253 2904 2544 2965 honorem,
2606 2903 2879 2957 conditori
2942 2901 3299 2967 subreptum,
3361 2912 3469 2949 nun

1902 2992 2159 3048 transfert
2193 2994 2243 3047 in
2282 3006 2607 3049 creaturam.
2638 2995 2847 3049 Laudat
2876 2993 3189 3056 artiﬁcium,
3231 2990 3323 3043 sed
3357 2988 3471 3058 glo-

1902 3087 2040 3139 riam
2085 3085 2308 3139 artificis
2360 3086 2434 3139 illi
2486 3102 2591 3140 non
2634 3086 2894 3141 vindicat.
2946 3083 3152 3152 Impius
3198 3096 3323 3134 vero
3364 3093 3469 3132 non

220 3164 320 3215 Διὸ
344 3163 436 3215 καὶ
464 3165 491 3216 6
512 3164 701 3232 Σωτήρ
726 3181 887 3232 φησιν
912 3182 927 3196 ·
978 3183 995 3216 ι
1020 3164 1147 3218 Ἰδοὺ
1187 3164 1391 3217 δέδωκα
1413 3167 1539 3234 ὑμῖν
1558 3166 1801 3231 ἐξουσίαν

1905 3175 2044 3228 male
2068 3175 2285 3243 quidem
2321 3174 2473 3239 vidit,
2505 3174 2643 3229 male
2674 3182 2853 3228 autem
2883 3173 3149 3234 adoravit,
3188 3180 3471 3237 totumque

220 3255 419 3306 πατεῖν
445 3253 629 3306 ιπάνω
657 3253 831 3321 ὄφεων
859 3254 949 3305 καὶ
978 3254 1249 3324 σκορπίων
1279 3255 1413 3325 (‘29),
1434 3275 1453 3307 ι
1480 3257 1572 3308 καὶ
1600 3256 1683 3309 ἵνα
1717 3258 1793 3326 μὴ

216 3346 290 3397 τὰ
312 3344 551 3413 ἓρποντα
577 3344 852 3415 ὑπολάϐῃς
878 3346 1175 3415 ἐπήγαγεν·
1216 3347 1355 3399 «Καὶ
1377 3348 1469 3399 ἐπὶ
1502 3350 1680 3400 πᾶσαν
1701 3348 1794 3418 τὴν

217 3437 457 3505 δύναμιν
504 3436 597 3489 τοῦ
651 3436 868 3506 ἐχθροῦ·
902 3456 918 3487 ι
952 3437 1167 3508 δράκων
1199 3439 1293 3492 καὶ
1325 3438 1444 3507 ὄφις
1470 3439 1497 3490 6
1529 3440 1789 3501 6té6a'm;

161 3538 172 3546 '
218 3524 326 3592 οὐχ
354 3522 429 3585 ὡς
458 3522 580 3593 ῥίζα
607 3524 821 3588 κακίας,
852 3523 926 3587 ὦς
956 3542 1115 3593 φασιν
1146 3528 1194 3578 οί
1226 3527 1534 3595 λιανιχαῖοι,
1579 3528 1691 3579 ἀλλ’
1721 3527 1795 3589 ὡς

221 3614 516 3683 κατάρχων
557 3614 664 3666 τῶν
702 3614 1016 3683 δαιμονίων,
1058 3617 1150 3669 καὶ
1186 3618 1426 3687 ἀρχηγὸς
1477 3618 1659 3680 αὐτοῖς
1700 3620 1795 3687 τῆς

220 3705 549 3766 ἐκπτώσεως
581 3704 838 3772 γεγονώς.

1902 3264 2142 3318 ordinent
2176 3265 2463 3334 pervertit.
2519 3266 2802 3334 Scriptura
2849 3263 3124 3318 diabolum
3171 3277 3313 3331 smpe
3347 3261 3471 3314 dra-

1900 3371 2090 3409 conem
2143 3366 2199 3411 et
2245 3366 2551 3427 serpentem
2604 3357 2888 3426 obliquum
2944 3356 3191 3426 appellat.
3244 3353 3370 3407 Ideo
3418 3362 3473 3408 ct

1903 3443 2158 3497 Sci-valor
2189 3445 2316 3498 dicit
2353 3464 2365 3499 :
2399 3464 2417 3497 ι
2453 3444 2591 3501 Ecce
2630 3446 2752 3498 dedi
2783 3446 2935 3498 robis
2962 3453 3280 3513 potestatem
3310 3457 3472 3511 super

1903 3534 2245 3603 sezpcntibus
2280 3546 2333 3589 et
2371 3538 2602 3606 scorpiis
2645 3536 3043 3590 ambulandi”.
3082 3554 3100 3585 ι
3133 3532 3207 3587 Ne
3243 3548 3371 3586 vero
3404 3532 3473 3585 de

1904 3624 2185 3692 rrptilibus
2213 3627 2325 3680 hac
2350 3628 2606 3697 accipias,
2637 3626 2917 3695 subjungit
2950 3644 2961 3678 :
2997 3644 3015 3676 ι
3049 3623 3112 3678 Ει
3136 3639 3298 3693 super
3323 3621 3473 3677 omni

1904 3722 2170 3779 potestate
2201 3714 2427 3768 inimici.
2462 3733 2480 3765 ι
2522 3716 2696 3769 Draco
2725 3725 2778 3767 et
2810 3728 3037 3783 serpens
3072 3714 3321 3768 diabolus
3354 3720 3472 3774 est;

222 3808 344 3847 non
390 3803 445 3848 ut
474 3796 623 3849 radix
666 3797 906 3859 malitiae,
952 3804 1010 3848 ut
1055 3794 1335 3853 Mauiclnci
1369 3800 1545 3866 aiunt,
1590 3798 1682 3854 sed
1725 3813 1779 3852 ut
1815 3800 1957 3861 talis,
1996 3804 2086 3870 qui
2155 3806 2491 3860 daemonibus
2529 3806 2859 3870 doininctur,
2927 3804 3221 3873 lapsusque
3284 3815 3471 3858 auctor

224 3886 341 3942 illis
376 3883 678 3944 exstiterit.

761 4073 1094 4127 ΕΡΩΤΗΣΙΣ
1122 4074 1289 4126 ΡΟΑ⁹.

1989 4069 2320 4136 QCA‘ISTIO
2350 4071 2558 4126 CLXXI
2588 4072 2779 4144 [CoiaL
2805 4071 2911 4136 CC,
2958 4069 3121 4126 Taur.
3159 4070 3370 4143 CXCI].

875 4297 1014 4346 Edita
1035 4311 1060 4345 ει
1088 4296 1388 4363 .‘llontacutlo
1414 4298 1512 4360 (ep.
1537 4297 1597 4346 50
1631 4298 1689 4347 ad
1715 4298 1918 4360 Gregor.
1956 4311 2001 4359 p.
2029 4298 2108 4355 88,
2149 4295 2251 4356 90).
2284 4296 2336 4345 In
2364 4295 2665 4354 Matthaeum,
2692 4306 2724 4353 ι,
2752 4295 2812 4342 ες

308 4488 369 4544 Ὅ
400 4488 686 4558 ἀσπασμὸς
738 4488 941 4541 ἄνωθεν
992 4492 1023 4557 ἡ
1062 4489 1320 4561 σύλληψις
1346 4492 1623 4560 κάσποροςο
1662 4491 1795 4561 κύη-

1973 4487 2238 4543 Salutatio
2290 4488 2357 4543 de
2413 4503 2664 4554 sursum;
2711 4488 2999 4559 conceptio
3056 4487 3177 4543 sine
3226 4488 3468 4555 seniine;

216 4600 313 4645 σις
358 4582 651 4651 ἄφραστος·
686 4578 875 4640 ὠδῖνες
903 4578 1183 4647 ἁλόχευτοι
1208 4597 1221 4609 ·
1257 4582 1493 4648 σφραγὶς
1522 4580 1620 4649 τῆς
1658 4597 1797 4650 παρ..

215 4672 407 4735 ηενίας
426 4688 439 4702 ·
473 4673 507 4741 η
523 4670 630 4721 τῶν
655 4669 859 4723 ὠδίνων
889 4668 1128 4731 διάλυσις
1160 4671 1209 4737 (6
1232 4669 1339 4740 γάρ
1358 4670 1513 4732 τόκος
1530 4670 1762 4740 άιρῧορος
1778 4687 1792 4701 ·

213 4764 324 4819 καὶ
357 4764 391 4833 ή
423 4760 676 4815 ,τεκοῦσα
706 4760 969 4831 παρθένος
1003 4762 1096 4814 καὶ
1142 4762 1280 4830 μετὰ
1326 4762 1597 4832 γέννησιν)
1623 4776 1635 4789 ·
1667 4760 1797 4824 Θεὸς

1902 4580 2187 4650 parturitio
2240 4578 2668 4647 inexplicabilis;
2724 4588 2914 4647 partus
2964 4578 3085 4633 sine
3144 4578 3469 4643 obstetrice;

1900 4669 2223 4737 virginitatis
2240 4668 2515 4738 sigillum;
2548 4669 2800 4723 dolorum
2836 4668 3082 4723 absentia
3103 4668 3250 4738 (nant
3274 4679 3329 4724 et
3354 4671 3473 4726 sine

1896 4760 2243 4828 corruptione
2294 4759 2396 4815 fuit
2444 4760 2741 4831 generatio.
2795 4770 2850 4814 et
2898 4776 3022 4830 qua
3070 4761 3296 4831 peperit,
3352 4772 3471 4832 post

214 4858 283 4907 ὲν
344 4851 510 4923 σαρκὶ
554 4852 614 4905 τὺ
660 4852 1014 4920 τικτόμενον·
1063 4851 1221 4921 χορὸς
1270 4851 1516 4918 ἀγγέλων
1566 4848 1714 4923 ᾆσμα
1737 4852 1798 4904 τὸ

1899 4862 2111 4920 partum
2152 4851 2305 4918 virgo
2359 4850 2714 4919 permansit);
2760 4850 2904 4919 quod
2949 4853 3299 4915 nascebatur,
3330 4851 3470 4909 Deus

214 4941 415 5012 οαῦμα
467 4940 796 5010 ποιούμενοι·
853 4942 979 4994 ενοα
1006 4942 1275 4994 τοσούτων
1325 4942 1420 4996 καὶ
1467 4942 1797 5012 τηλικούτων

1899 4952 2013 4996 crat
2072 4941 2123 4994 in
2166 4954 2361 5005 carne,
2423 4940 2743 5009 angelorum
2798 4941 3003 4997 chorus
3053 4942 3468 4997 admirationem

217 5032 523 5102 συνδρομὴ,
558 5031 675 5095 πῶς
712 5032 777 5085 ἄν
824 5049 908 5084 τιτ
933 5033 1441 5103 διαυσισϐητήσειε,
1486 5034 1585 5087 κάν
1619 5034 1793 5087 πάντα

1899 5032 2115 5085 cantum
2155 5044 2312 5083 suum
2358 5029 2669 5097 faciebant;
2700 5031 2792 5086 ubi
2827 5032 3019 5087 talium
3059 5049 3384 5100 concursus,
3417 5046 3471 5089 et

295 5202 592 5273 “Philipp.
616 5219 735 5269 vm,
771 5203 824 5259 ι.
901 5204 945 5234 ⁹⁹
966 5200 1098 5258 Luc.
1130 5220 1182 5272 ι,
1221 5205 1243 5258 1
1288 5204 1341 5258 9.

1752 5361 1974 5418 ΝΟΤΛΞ.

298 5560 412 5627 (27)
448 5563 584 5614 ἀλλα
631 5561 808 5631 ο-τὴν
864 5561 1039 5615 κτίσιν
1086 5564 1139 5616 in
1188 5560 1356 5616 altero
1404 5561 1543 5615 male
1588 5560 1788 5613 omissa
1892 5576 1948 5614 re
1977 5562 2151 5615 tnal’s.

211 5632 535 5687 Cnlbertino
558 5632 746 5685 debeo.

1962 5633 2070 5698 (εει)
2102 5632 2311 5685 Interim
2347 5647 2451 5686 non
2486 5632 2664 5697 video,
2692 5635 2970 5701 quomodo
2992 5650 3105 5691 nmc
3136 5654 3242 5693 nuc
3294 5647 3462 5709 pertL.

294 5699 572 5768 (28)Cod.
610 5700 793 5763 κακῶς
841 5701 939 5767 μὲν
965 5698 1121 5763 εἶδεν,
1153 5700 1236 5762 ob,
1290 5717 1387 5771 pro
1436 5714 1544 5769 quo
1594 5715 1785 5753 sensus
1885 5711 2064 5756 nea:.t.

216 5779 471 5825 nostrum
503 5771 626 5823 illud
660 5771 915 5839 postulat,
945 5772 1049 5825 nisi
1080 5770 1238 5837 τὸ,οῠ
1264 5770 1486 5841 prorsus
1509 5785 1781 5839 expunge-

548 5860 809 5923 PATROL.
855 5864 970 5925 Gn.
1020 5864 1117 5923 Cl.

3186 5867 3261 5926 οδ
