4174 6450
778 396 878 460 867

1928 394 2186 456 PHOTII
2229 393 2732 457 PATRIARCIIE
2760 397 2869 458 CP.

3934 401 4032 461 868

778 519 1049 565 tantorum
1100 505 1232 575 fuit,
1289 505 1562 577 quomodo
1610 504 1734 575 quis
1787 505 2062 574 ambigere
2115 515 2339 574 posset,

2443 505 2658 558 ἀσεϐεῖν
2675 506 2829 558 ἔθετο
2849 504 3101 576 μελέτην,
3121 506 3200 560 ὅτι
3221 507 3296 578 μὴ
3318 505 3438 577 οὐχὶ
3453 508 3742 579 παρθένος,
3767 511 3803 579 ἠ
3825 510 4031 578 Παρθέο

775 602 917 657 haud
963 599 1242 670 intelligo,
1293 598 1420 654 licet
1464 597 1569 667 ipsi
1602 597 1875 667 propasita
1936 595 2101 650 fuerit
2128 611 2344 651 summa

776 693 1042 763 impietas,
1074 706 1141 745 an
1175 691 1338 760 Virgo
1383 689 1537 759 virgo
1582 689 1842 743 manserit
1871 702 2042 758 usque
2072 687 2126 741 in
2160 687 2342 742 linem.

776 782 928 847 Quod
981 780 1027 835 si
1077 779 1299 849 quidam
1358 779 1774 834 fundamentum
1846 779 1950 833 sibi
2002 778 2348 848 blasphemia:

779 871 1080 926 struxerint
1123 869 1296 923 illud:
1333 885 1352 919 ι
1392 868 1456 922 Ει
1500 884 1605 922 non
1657 867 1909 936 cognovit
1972 882 2124 932 eam,
2172 867 2348 921 donec

778 969 1059 1030 pepererat
1090 959 1284 1014 Filium
1317 975 1476 1014 suum
1511 961 1954 1029 primogenitum,
1977 977 1996 1010 ι
2021 957 2346 1026 intelligant,

778 1052 848 1103 illi
900 1051 1045 1118 quod
1105 1050 1580 1102 immaculatorum
1639 1051 1987 1102 oraculorum
2038 1047 2240 1103 veritas
2292 1047 2346 1100 id

777 1142 989 1196 volebat
1033 1141 1387 1195 constitutum
1441 1140 1592 1202 dare,
1624 1142 1766 1208 quod
1816 1140 2151 1208 opinionem,
2187 1148 2348 1192 natu-

775 1250 912 1298 ram,
938 1231 1426 1302 apprehensionem
1448 1232 1845 1300 transgreditur
1871 1247 2086 1285 omnem
2108 1272 2123 1296 ,
2151 1245 2346 1299 nempe

773 1327 890 1379 sine
919 1323 1019 1377 viri
1059 1324 1341 1379 consortio
1365 1324 1777 1392 conceptionem
1811 1330 1864 1376 et
1887 1323 2260 1387 nativitatem;
2292 1321 2344 1375 id

772 1429 900 1469 vero
935 1414 1319 1483 praetermisit,
1376 1423 1634 1484 tanquam
1690 1414 2112 1476 consectarium,
2168 1423 2346 1468 mente

770 1505 1064 1573 animoque
1111 1503 1548 1573 concipiendum,
1583 1502 1730 1573 quod
1753 1502 2008 1570 deinceps
2042 1503 2166 1556 fuit.
2186 1503 2344 1558 Certe

771 1596 915 1649 illam
947 1610 1071 1664 qua:
1092 1595 1145 1648 in
1179 1603 1337 1663 partu
1386 1594 1688 1663 permansit
1731 1593 1908 1661 virgo,
1948 1609 2041 1662 per
2072 1593 2342 1662 reliquum

769 1687 891 1741 vitae
939 1701 1162 1741 cursum
1212 1685 1517 1754 perstitisse
1577 1685 1865 1756 virginem,
1913 1700 2088 1752 neque
2139 1701 2341 1739 novum

768 1786 904 1842 erat,
939 1794 1037 1833 nec
1075 1777 1434 1848 paradoxum,
1472 1777 1653 1846 potius
1696 1778 1748 1832 id
1781 1776 1928 1848 quod
1974 1777 2286 1830 necessarie
2311 1790 2342 1830 e

769 1869 1062 1938 prauuissis
1111 1867 1569 1938 consequebatur.
1623 1868 1731 1922 Sed
1792 1876 1847 1922 et
1911 1882 1973 1922 os
2029 1866 2340 1922 Iudaeorum

771 1959 1144 2027 blasphemum
1194 1957 1453 2011 ohturare
1483 1957 1719 2023 volebat,
1751 1956 1845 2027 qui
1880 1956 1946 2011 de
1975 1955 2337 2011 fornicatione

770 2061 953 2118 natum
981 2051 1101 2106 sine
1128 2050 1338 2105 semine
1364 2059 1687 2120 conceptum
1713 2049 2087 2103 traducebant.
2114 2046 2341 2103 Obviam

769 2144 929 2212 igitur
964 2142 1060 2196 ivit
1087 2156 1280 2198 eorum
1308 2142 1487 2211 impize
1522 2140 1839 2207 sententiae,
1867 2140 1994 2195 dum
2029 2140 2341 2195 manifestat

766 2245 820 2289 et
869 2234 1198 2304 depraedicat
1253 2233 1510 2287 intactam
1550 2230 1720 2286 fuisse
1756 2232 1905 2296 viro,
1954 2247 2076 2301 quae
2140 2230 2338 2284 Filium

765 2334 1062 2394 pepererat.
1095 2321 1232 2377 illud
1283 2330 1544 2392 praeterea
1595 2322 1898 2391 intelligere
1941 2321 2159 2384 debent,
2194 2319 2339 2390 quod

765 2431 864 2471 nec
890 2430 1083 2470 vocum
1107 2429 1296 2468 earum
1327 2413 1436 2467 vim
1461 2412 1749 2468 voluerunt
1777 2411 2073 2481 percipere,
2090 2427 2120 2465 e
2139 2411 2339 2480 quibus

763 2508 945 2562 divina
987 2509 1206 2561 oracula
1239 2515 1532 2570 constant;
1569 2504 1775 2574 alioqui
1806 2503 2028 2558 difﬁteri
2067 2519 2174 2557 non
2208 2516 2335 2571 pos—

764 2609 892 2655 sunt
937 2599 1111 2653 Donec
1169 2598 1439 2650 interdum
1488 2611 1583 2666 per
1639 2593 2022 2648 antidiastolen
2078 2591 2340 2660 temporis

764 2692 1003 2747 secuturi
1039 2689 1313 2758 usurpari,
1339 2687 1607 2741 interdum
1640 2684 1888 2740 adhiberi
1919 2686 1984 2738 ad
2019 2699 2200 2740 rerum
2225 2682 2341 2737 exi-

765 2783 999 2837 miarum
1050 2790 1105 2835 et
1150 2779 1458 2834 divinarum
1506 2777 1927 2833 declarationem
1967 2794 1980 2831 :
2022 2783 2083 2829 ut
2118 2775 2173 2829 in
2202 2788 2337 2844 prte-

763 2873 925 2935 senti,
963 2886 1072 2924 non
1110 2869 1329 2939 quidem
1358 2867 1427 2922 ad
1456 2866 1902 2937 distinguendum
1943 2867 2163 2936 aliquod
2190 2865 2336 2920 aliud

764 2971 1001 3028 tempus,
1037 2957 1132 3012 sed
1179 2972 1211 3012 e
1259 2965 1448 3010 contra
1495 2954 1676 3023 potius
1711 2953 1777 3007 ad
1811 2952 2173 3007 intimandum
2210 2967 2337 3021 spa-

764 3050 896 3103 tium
917 3047 1399 3108 _immensurabile.
1428 3046 1688 3116 Exempla
1731 3056 1931 3115 prresto
1953 3053 2116 3099 sunt:
2143 3062 2161 3096 ι
2194 3043 2337 3100 Con—

764 3138 1001 3191 surrexit
1052 3137 1255 3190 etenim
1299 3136 1354 3189 in
1401 3133 1595 3189 diebus
1640 3135 1762 3203 ejus
1802 3133 2045 3202 justitia,
2076 3141 2132 3187 et
2159 3134 2336 3192 abun-

763 3228 944 3282 dantia
964 3227 1136 3297 pacis,
1155 3242 1265 3296 quo
1296 3225 1363 3278 ad
1389 3241 1561 3295 usque
1586 3198 1945 3294 perduratura
1963 3223 2064 3277 fuit
2087 3223 2290 3278 luna”.
2310 3242 2328 3274 ›
2361 3198 2404 3258 C

765 3323 868 3374 Sed
903 3331 956 3374 et
985 3318 1245 3387 scriptum
1273 3327 1355 3372 est
1374 3317 1581 3372 dixisse
1601 3315 1816 3371 Patrem
1844 3315 1983 3371 Filio
2009 3335 2023 3370 :
2055 3335 2072 3368 ι
2103 3315 2338 3372 Conside

764 3428 794 3463 ιι
820 3411 1023 3465 dextris
1065 3408 1221 3474 mihi,
1252 3421 1422 3476 usque
1451 3407 1580 3461 dum
1615 3421 1810 3473 ponam
1841 3406 2095 3461 inimicos
2129 3406 2340 3462 scabel-

765 3502 875 3554 lum
939 3500 1133 3569 pedum
1187 3508 1404 3552 tuorum
1429 3496 1495 3548 “.
1535 3514 1553 3546 ι
1585 3494 1649 3548 lit
1678 3496 1744 3549 ad
1771 3495 2073 3562 discipulos
2105 3497 2183 3548 ait
2216 3495 2336 3548 Sal-

765 3603 918 3646 vator
953 3609 967 3645 :
1007 3610 1024 3640 ι
1059 3589 1217 3652 Ecce,
1247 3603 1350 3657 ego
1395 3603 1519 3641 cum
1552 3586 1818 3640 vobismet
1856 3600 1999 3646 sum,
2047 3601 2223 3655 usque
2271 3586 2337 3641 ad

767 3681 950 3734 mundi
1005 3676 1616 3734 consummationem”.
1663 3693 1681 3726 ι
1719 3674 1913 3744 Liquet
1960 3683 2145 3729 autem
2193 3675 2335 3743 quod

764 3776 815 3827 in
871 3773 988 3826 istis
1030 3771 1161 3824 illud
1211 3769 1400 3832 donec,
1442 3782 1549 3821 non
1610 3765 1832 3835 aliquod
1877 3765 2142 3835 temporis
2169 3765 2337 3818 inter-

764 3863 972 3917 stitium
1013 3869 1105 3915 aut
1148 3860 1443 3914 terminum
1478 3855 1770 3918 subinfert,
1809 3855 1904 3909 sed
1946 3870 2050 3908 vox
2090 3855 2204 3916 illa,
2237 3868 2334 3906 ex-

766 3953 1066 4007 cellentiam
1092 3966 1273 4004 rerum
1301 3949 1610 4004 divinarum
1643 3946 1972 4008 subindicat,
2035 3954 2090 3998 et
2125 3955 2335 3998 mentes

763 4046 1054 4116 legentium
1112 4045 1437 4110 animosque
1502 4040 1568 4092 ad
1614 4038 1961 4106 cogitandum
2012 4036 2337 4090 transmittit

763 4137 1136 4192 extensionem
1198 4131 1491 4203 quamdam
1523 4130 1883 4185 indctinitam.
1925 4128 2030 4183 Sed
2086 4145 2185 4184 nec
2230 4131 2333 4186 ista

763 4241 970 4284 tantum
1024 4226 1295 4296 significat
1330 4226 1512 4290 donec,
1541 4239 1730 4278 verum
1765 4231 1819 4278 et
1844 4223 2057 4277 tertiam
2085 4224 2334 4277 animad-

762 4333 972 4375 vertere
999 4327 1083 4374 est
1109 4316 1544 4386 intelligentiam,
1577 4329 1684 4382 qua
1723 4312 1937 4380 quidem
1975 4313 2110 4366 nihil
2153 4313 2332 4384 magni

762 4426 1020 4467 CXCCSrUS
1051 4410 1343 4472 indicatur,
1379 4403 1758 4460 tantummodo
1789 4405 2123 4457 contrarium
2150 4403 2332 4456 innui-

762 4515 849 4558 tur
896 4500 1144 4557 absolute
1197 4497 1571 4553 antecedentis
1602 4495 1886 4562 cujusdam
1939 4495 2104 4547 donec
2134 4510 2152 4548 .'
2181 4503 2240 4548 ut
2275 4494 2325 4548 in
2355 4524 2408 4582 D

763 4599 881 4652 istis
918 4616 930 4651 :
971 4617 988 4648 ι
1023 4594 1140 4649 Non
1202 4609 1418 4648 reversa
1473 4601 1557 4646 est
1600 4591 1666 4644 ad
1712 4589 1825 4644 Nec
1854 4588 2128 4651 columba,
2157 4592 2329 4643 donec

761 4687 1068 4743 exarefacta
1112 4694 1230 4740 erat
1271 4693 1413 4739 terra
1445 4682 1511 4736 ⁸³.
1555 4700 1574 4733 ι
1632 4680 1694 4734 Et
1718 4681 1844 4733 alibi
1876 4679 2073 4734 dicitur
2109 4695 2124 4734 :
2167 4697 2184 4729 ι
2224 4676 2328 4731 Do-

760 4796 857 4834 nec
882 4777 1301 4839 consenueritis,
1321 4789 1422 4846 ego
1447 4773 1587 4828 Deus
1618 4787 1759 4827 sum.
1801 4789 1819 4823 ι
1853 4770 1914 4824 Et
1937 4779 2192 4825 sexcenta
2225 4769 2328 4824 hu—

757 4869 1065 4940 juscemodi
1097 4870 1149 4923 in
1183 4875 1436 4937 promptu
1468 4874 1616 4931 sunt,
1645 4879 1768 4934 qua:
1795 4864 1876 4918 vel
1902 4865 2056 4917 valde
2107 4861 2323 4917 allectat

760 4964 955 5019 surdos
985 4962 1084 5016 hos
1113 4961 1309 5015 docere
1342 4967 1590 5029 possunt,
1625 4957 1769 5027 quod
1807 4971 1909 5010 vox
1951 4956 2040 5009 illa
2078 4955 2330 5026 usurpari

760 5058 893 5114 solet
937 5071 1036 5126 pro
1069 5057 1316 5108 continuo
1353 5063 1407 5108 et
1437 5054 1489 5107 in
1515 5052 1732 5106 sa'cula.
1762 5051 1899 5106 Cum
1935 5051 2102 5120 igitur
2131 5051 2331 5105 docue-

759 5152 868 5203 rint
896 5147 1270 5209 audacissilni,
1291 5146 1435 5214 quod
1462 5153 1581 5214 post
1609 5145 1748 5196 luna:
1775 5142 2101 5196 ablationem
2124 5140 2326 5196 Christi

761 5242 851 5294 Dei
887 5238 1061 5293 nostri
1088 5238 1302 5306 justitia
1335 5237 1388 5288 in
1423 5237 1652 5289 nihilum
1674 5249 1954 5289 recessura
1978 5234 2072 5295 sit.
2103 5242 2155 5287 et
2179 5234 2327 5302 pacis

759 5332 930 5399 ipsius
983 5327 1376 5383 abundantiam
1434 5327 1807 5389 minuendam,
1839 5325 1924 5379 vel
1959 5326 2011 5378 in
2045 5323 2231 5391 odium
2273 5335 2330 5381 et

760 5425 1072 5478 inimicitias
1121 5420 1620 5486 disseminandam;
1661 5429 1753 5473 aut
1795 5419 1939 5488 quod
1971 5435 2094 5473 cum
2144 5421 2326 5488 subje-

759 5516 892 5573 cerit
942 5515 1190 5571 inimicos
1239 5529 1369 5569 suos
1402 5513 1503 5568 sub
1535 5512 1764 5582 pedibus
1793 5510 1931 5576 suis,
1956 5511 2021 5564 de
2055 5511 2172 5563 loco
2195 5525 2328 5565 con-

2447 615 2536 661 vo;
2557 599 2652 651 καὶ
2682 600 2844 668 μέχρι
2870 600 3058 661 τέλους
3081 599 3385 670 διέμεινεν;
3431 601 3494 654 El
3515 601 3571 655 δὲ
3599 601 3683 663 τδ,
3718 620 3739 653 ε
3774 601 3896 654 Οὐκ
3927 603 4033 668 έγί-

2448 706 2654 742 νωσκεν
2673 689 2841 758 αὐτὴν
2867 689 2972 753 ἕως
3000 685 3062 744 οἶ)
3088 690 3274 744 ἔτεκεν
3299 691 3390 745 τὸν
3415 692 3543 745 Υίὸν
3566 692 3738 762 αὐτῆς
3755 692 3852 745 τδν
3881 709 4030 762 πρω-

2446 781 2685 843 τότοκον,
2701 802 2718 833 ι
2744 782 2999 836 ὑπόθεσιν
3020 783 3366 854 βλασφημίας
3390 786 3602 849 ἑαυτοῖς
3618 802 3769 848 τινες
3791 786 3860 838 ἀν
3885 787 4031 854 stipi-

2449 887 2688 934 σκουσιν,
2706 873 2959 938 ἴστωσαν,
2985 873 3061 937 ὡς
3082 876 3116 944 ἡ
3136 875 3244 928 τῶν
3267 877 3550 946 ἀχράντων
3567 876 3782 944 Λογίων
3803 876 4030 945 ἀλήθεια

2447 963 2506 1016 τὸ
2540 964 2638 1033 μὲν
2667 966 2967 1035 παράδοξον
2996 967 3091 1020 καὶ
3120 967 3395 1036 ὑπερφυὲς
3419 969 3512 1022 καὶ
3541 969 3684 1038 ὑπὲρ
3717 968 4031 1035 κατάληψιν

2447 1053 2722 1125 ἠϐουλήθη
2754 1057 3102 1126 πραστῆσαι,
3157 1059 3294 1127 ὅπερ
3319 1059 3438 1112 ἐστὶ
3491 1059 3648 1122 τόκος
3675 1060 3811 1112 ἀνευ
3842 1059 4031 1128 ἀνδρὸς

2449 1145 2800 1212 ἐπιγνώσεως
2823 1163 2838 1176 ·
2872 1147 2936 1202 τὸ
2964 1147 3021 1201 δὲ
3075 1149 3214 1218 μετά
3252 1148 3429 1202 ταῦτα
3454 1151 3590 1202 νοεῖν
3635 1148 3937 1202 κατέλιπεν
3962 1149 4030 1210 ὡς

2447 1234 2757 1289 ἀκόλουθον.
2793 1236 2868 1289 Τὸ
2897 1237 3028 1308 γὰρ,
3075 1237 3174 1308 τὴν
3199 1238 3259 1290 έν
3277 1238 3421 1307 τόκῳ
3448 1238 3920 1308 παρθενεύουσαν,
3947 1240 4033 1289 καὶ

2449 1323 2511 1374 τὺ
2543 1325 2730 1377 λοιπὸν
2757 1326 2847 1379 διὰ
2884 1326 3002 1396 βίον
3028 1325 3385 1398 παρθενεύειν
3411 1367 3426 1392 ,
3453 1326 3578 1380 οὔτε
3607 1326 3802 1380 καινὸν
3838 1327 3976 1386 ὅλως
4001 1328 4029 1392 ἦ

2448 1412 2772 1482 παράδοξον,
2821 1414 2957 1468 ἀλλά
2983 1417 3077 1468 καὶ
3110 1419 3223 1478 τοῖς
3252 1417 3729 1488 προηγησαμένοις
3763 1415 3827 1479 ἔξ
3864 1416 4032 1481 ἄναγ’

2447 1503 2605 1557 καίου
2638 1505 2838 1574 μᾶλλον
2870 1507 3156 1575 ἑπόμενον.
3205 1506 3412 1568 "sum;
3437 1523 3492 1558 τε
3517 1506 3576 1558 δὲ
3613 1505 3710 1560 καὶ
3743 1505 3859 1558 τῶν
3909 1504 4035 1555 Ἰενα-

2446 1594 2608 1648 δαίων
2635 1595 2773 1659 τέως
2819 1597 3195 1666 ἐπιστομίζειν
3221 1596 3364 1664 έγνω
3410 1596 3471 1649 τὸ
3504 1595 3855 1666 βλάσφημον,
3888 1594 3942 1646 οἶ
3974 1598 4035 1645 ἐκ

2447 1685 2699 1756 πορνείας
2725 1686 2818 1739 τὸν
2850 1689 3090 1757 ἀσπορον
3120 1689 3280 1742 τόκον
3321 1688 3588 1759 διέσυρον.
3620 1689 3712 1741 Διὸ
3747 1687 3850 1739 καὶ
3896 1685 4035 1756 πρὸς

2447 1773 2543 1844 τὴν
2585 1776 2809 1829 έκείνων
2847 1777 3059 1832 ἵσταται
3104 1778 3417 1841 κακόνοιαν,
3460 1778 3528 1832 δι’
3558 1772 3633 1832 ὧν
3686 1780 3886 1850 τρανοῖ
3942 1778 4033 1828 καὶ

2375 1846 2414 1899 Β
2445 1865 2809 1937 ἁνακηρύττει
2835 1868 2936 1937 τῆς
2966 1868 3237 1936 τεκούσης
3271 1869 3332 1921 τὸ
3359 1869 3656 1936 ἀνέπαφον.
3691 1846 3947 1923 Κάκεῖνο
3984 1871 4035 1921 δὲ

2445 1956 2794 2018 συνιέτωσαν,
2846 1957 2931 2011 ὅτι
2986 1959 3110 2028 μηδ’
3148 1957 3317 2022 αὐτὰς
3369 1959 3468 2022 τάς
3511 1958 3708 2023 λέξεις,
3760 1959 3826 2024 ἐξ
3857 1953 3938 2013 ὧν
3988 1961 4036 2011 οἱ

2444 2043 2576 2096 θεῖοι
2604 2046 2866 2115 χρησμοὶ,
2893 2047 3132 2100 συνιέναι
3174 2048 3572 2118 ἠϐουλήθησαν·
3610 2049 3643 2118 ἢ
3676 2051 3792 2118 γὰρ
3847 2051 3918 2102 ἂν
3950 2050 4032 2108 τδ.

2441 2134 2573 2199 ἕως,
2631 2137 2940 2206 κατέμαθον
2967 2139 3137 2192 ἐνίοτε
3189 2140 3287 2209 μὲν
3319 2140 3458 2209 πρὸς
3491 2140 3914 2212 ἀντιδιαστολὴν
3943 2141 4035 2194 τοῦ

2442 2225 2642 2295 έφεξῆς
2710 2230 2905 2298 χρόνου
2961 2229 3568 2302 παραλαμϐανόμενον,
3623 2231 3801 2286 ένίοτε
3835 2233 3885 2286 δ’
3942 2229 4038 2288 οὖν

2441 2317 2532 2370 ἐπὶ
2566 2318 2795 2388 δηλώσει
2829 2321 3081 2391 μεγάλων
3121 2322 3221 2390 μέν
3267 2323 3444 2395 ἔργων
3497 2324 3591 2377 καὶ
3644 2325 3986 2396 θεοπρεπιῖιν
4019 2344 4032 2357 ·

2441 2409 2692 2480 καθάπερ
2724 2413 2818 2465 καὶ
2849 2411 2967 2477 νῦν,
2998 2414 3059 2467 οὐ
3091 2415 3200 2484 μὴν
3229 2417 3365 2484 πρδς
3399 2416 3816 2487 ἀντιδιαστολὴν
3840 2419 4036 2489 ἑτέρου

2442 2501 2633 2571 χρόνου
2667 2503 2834 2569 τινὸς,
2889 2504 3027 2558 ἀλλὰ
3074 2507 3166 2559 καὶ
3198 2508 3530 2576 τούναντίον,
3573 2511 3655 2572 είς
3683 2509 4039 2580 ὑπεδήλωσιν

2440 2593 2746 2662 ἀπεράντου
2778 2594 3165 2665 διαστήματος·
3195 2599 3289 2650 καὶ
3313 2599 3417 2652 ἀνά
3469 2601 3624 2670 χεῖρα
3650 2599 3721 2653 τά
3767 2602 4039 2671 παραδείο

2440 2698 2677 2752 γματαί
2700 2685 2974 2739 ’Δνατελεῖ
3002 2688 3110 2758 γὰρ
3132 2689 3190 2741 ὲν
3219 2692 3337 2751 ταῖς
3366 2690 3596 2760 ἡμέραις
3625 2690 3798 2745 αὑτοῦ
3819 2691 4039 2745 δίκαιοο

2441 2769 2576 2839 σύνη
2637 2774 2731 2825 καὶ
2784 2773 2990 2843 πλῆθος
3047 2776 3308 2846 εἰρήνης,
3339 2777 3445 2841 ἕως
3481 2773 3542 2832 οὗ
3590 2781 3974 2852 ἀνταναιρεθῇ
4005 2783 4037 2840 ὴ

2442 2861 2660 2933 σελήνη⁶
2692 2882 2712 2916 ι
2750 2865 2843 2918 καὶ
2866 2903 2883 2931 ,
2934 2883 2952 2916 ι
2991 2865 3172 2919 Κάθου
3204 2868 3279 2921 ἐκ
3309 2869 3498 2933 δεξιῶν
3535 2888 3634 2940 μου
3678 2891 3697 2924 ι
3739 2873 4038 2944 (ἀνάγρα-

2441 2954 2575 3017 πτός
2620 2957 2769 3008 ἐστιν
2824 2958 2852 3010 ὁ
2904 2959 3094 3028 Πατὴρ
3124 2958 3298 3027 λέγων
3337 2960 3414 3030 τῷ
3442 2960 3600 3032 Υίῷ)
3631 2980 3649 3013 ι
3686 2962 3796 3026 ἕως
3825 2963 3896 3016 ἂν
3958 2964 4036 3017 θῶ

2438 3045 2562 3106 τοὺς
2591 3045 2818 3114 ἐχθρούς
2865 3063 2958 3099 σου
2993 3048 3288 3102 ὑποπόδιον
3319 3050 3429 3102 τῶν
3463 3051 3637 3104 ποδῶν
3673 3068 3772 3105 σου
3795 3065 3810 3080 ⁸
3851 3070 3872 3105 ι
3912 3055 4033 3118 καὶ,

2448 3149 2465 3183 ι
2507 3132 2658 3198 Ἰδοὺ,
2702 3133 2814 3202 ἐγὼ
2858 3136 2978 3205 μεθ’
3013 3136 3169 3207 ὑμῶν
3217 3140 3334 3209 εἰμι
3374 3140 3558 3209 (πάλιν
3603 3142 3634 3195 δ
3675 3142 3875 3212 Σωτὴρ
3917 3147 4036 3207 τοῖς

2443 3223 2712 3294 μαθηταῖς
2736 3226 2922 3296 φησιν)
2981 3227 3088 3290 ἕως
3137 3232 3238 3300 τῆς
3274 3231 3584 3295 συντελείας
3612 3233 3706 3286 τοῦ
3741 3235 3972 3299 αἰῶνος.
4009 3255 4028 3289 ›

2441 3315 2549 3366 Καὶ
2576 3315 2753 3383 δῆλον,
2781 3317 2857 3380 ὡς
2886 3317 3124 3371 ἐνταῦθα
3156 3321 3237 3384 τὸ,
3265 3321 3397 3388 ἔως,
3430 3323 3490 3375 οὐ
3526 3326 3782 3394 χρονικόν
3809 3342 3865 3378 τι
3902 3329 4007 3396 μεθ
4025 3358 4038 3367 -

2442 3403 2590 3473 όριον
2617 3405 2710 3456 καὶ
2745 3405 2919 3474 πέρας
2955 3407 3306 3477 παρεισάγει,
3336 3409 3566 3478 μέγεθος
3601 3410 3660 3464 δὲ
3685 3411 3855 3465 θείων
3887 3429 4037 3483 πρα-

2441 3492 2668 3562 γμάτιον
2713 3494 2922 3563 ήλέξις
2956 3495 3459 3566 συμπαραδηλοῦσα
3508 3500 3588 3561 είς
3630 3500 4037 3570 ἀπεριόριστον

2441 3585 2754 3654 παράτασιν
2782 3587 2876 3637 τὸν
2911 3585 3034 3639 νοῦν
3067 3586 3176 3640 τῶν
3208 3587 3646 3657 ἐντυγχανόντων
3675 3591 4032 3660 ἀναπέμπει.

2441 3679 2515 3729 Οὐ
2559 3677 2720 3746 μόνον
2747 3677 2826 3740 δὲ,
2869 3678 3004 3731 ἀλλά
3037 3681 3132 3732 καὶ
3161 3680 3344 3750 τρίτον
3373 3680 3520 3733 ἔστιν
3551 3681 3681 3734 ἰδεῖν
3709 3682 3883 3734 αὑτοῦ
3923 3699 4029 3750 cr,-

2440 3768 2787 3837 μαινόμενον,
2833 3768 2900 3822 δι’
2932 3763 2992 3822 οὗ
3043 3769 3184 3839 μέγα
3220 3769 3322 3838 μὲν
3372 3770 3467 3822 καὶ
3513 3770 3830 3842 ὑπέρογκον
3867 3773 4034 3826 οὐδὲν

2438 3859 2817 3929 ὑποδηλοῦται,
2871 3859 3058 3924 ἁπλῶς
3104 3861 3162 3914 δὲ
3208 3861 3269 3914 τὸ
3311 3863 3557 3916 ἐναντίον
3597 3863 3695 3916 τοῦ
3747 3867 4034 3938 προτέρου

2436 3950 2567 4016 ἕως,
2619 3951 3038 4022 διασημαίνεται
3060 3968 3073 3982 ο
3108 3951 3184 4014 ὡς
3216 3952 3299 4017 τὸ,
3340 3971 3358 4004 ι
3393 3953 3506 4007 Οὐκ
3537 3954 3848 4025 ἀνέστρεψε
3887 3959 4035 4028 πρὸς

2436 4043 2524 4096 τὸν
2561 4043 2684 4095 Νῶε
2715 4045 2748 4114 ὴ
2775 4043 3096 4114 περιστερὰ,
3121 4043 3227 4107 ἕως
3258 4043 3352 4098 τοῦ
3389 4045 3882 4118 καταξηρανθῆναι
3925 4051 4035 4119 τὴν

2439 4133 2573 4201 γῆν
2611 4150 2629 4184 ι
2672 4131 2801 4197 καὶ,
2831 4132 2975 4193 Ἕως
3009 4131 3075 4184 ἂν
3130 4131 3559 4202 καταγηράσητε
3595 4137 3613 4201 (
3634 4133 3882 4203 ἀλλαχοῦ
3915 4151 4034 4203 φη-

2441 4222 2567 4290 σιν),
2605 4220 2715 4289 ὲγὼ
2748 4222 2863 4290 ειμι
2889 4223 2917 4274 ό
2950 4221 3114 4285 Θεός’
3150 4240 3170 4274 ι
3221 4222 3316 4274 καὶ
3352 4222 3486 4276 ἀλλα
3507 4223 3699 4293 μυρία,
3729 4223 3804 4277 δι’
3831 4218 3909 4278 ὧν
3936 4224 4034 4278 εὓ-

2435 4315 2595 4381 δηλον
2631 4316 2724 4368 καὶ
2767 4317 2881 4377 τοῖς
2928 4314 3048 4368 λίαν
3088 4314 3485 4384 ὲθελοκωφοῦσι
3541 4316 3898 4381 καθίσταται,
3950 4321 4033 4382 ὡς

2435 4405 2556 4458 ἀντὶ
2610 4403 2707 4456 τοῦ
2746 4403 3062 4472 Διηνεκῶς,
3108 4407 3201 4458 καὶ
3242 4408 3346 4470 Εἰς
3392 4408 3501 4461 τὸν
3529 4407 3737 4472 αἰῶνα,
3798 4412 3834 4480 η
3873 4410 4031 4476 λέξις

2437 4495 2941 4565 παραλαμϐάνεται.
2975 4497 3144 4551 Ὀταν
3176 4495 3268 4549 οὖν
3290 4495 3539 4561 δείξωσιν
3578 4501 3626 4551 οἱ
3665 4499 3853 4555 πάντα
3881 4501 4032 4572 θρα-

2435 4589 2567 4650 σεῖς,
2617 4587 2756 4657 μετά
2806 4588 2904 4658 τὴν
2935 4587 3035 4658 τῆς
3079 4587 3309 4659 σελήνης
3342 4588 3747 4660 ἀνταναίρεσιν,
3779 4591 3884 4661 τὴν
3924 4593 4032 4646 τοῦ

2434 4679 2669 4750 Χριστοῦ
2713 4680 2808 4735 καὶ
2853 4679 2989 4733 Θεοῦ
3021 4680 3179 4751 ήμῶν
3231 4681 3576 4753 δικαιοσύνην
3614 4683 3696 4744 είς
3725 4684 3796 4736 τὸ
3833 4685 3915 4757 μὴ
3968 4687 4034 4739 ὃν

2435 4775 2836 4840 καταδύουσαν,
2891 4775 2987 4828 καὶ⁸
3037 4776 3098 4828 τὸ
3163 4775 3366 4847 πλῆθος
3425 4776 3591 4831 αὐτοῦ
3637 4777 3738 4848 τῆς
3788 4781 4035 4851 εἰρήνης

2434 4867 2843 4938 ὲκμειούμενον,
2870 4867 2963 4920 καὶ
2991 4869 3071 4931 εἰς
3100 4866 3300 4939 ἔχθραν
3325 4868 3677 4939 διαχεόμενον
3697 4885 3709 4900 ο
3741 4871 3844 4926 καὶ
3876 4875 4032 4942 μετὰ

2431 4976 2495 5028 γε
2518 4960 2580 5012 τὸ
2602 4957 2932 5029 ὑποτεθῆναι
2951 4959 3078 5021 τοὺς
3104 4958 3335 5028 ἐχθροὺς
3355 4958 3520 5012 αὐτοῦ
3552 4959 3657 5013 ὑπὸ
3675 4961 3810 5025 τοὺς
3843 4962 4031 5027 πόδας

2428 5043 2617 5114 αὐτοῦ,
2642 5049 2745 5120 τῆς
2772 5051 2835 5103 ἐκ
2865 5049 3058 5114 δεξιῶν
3089 5049 3360 5118 καθέδρας
3387 5050 3482 5104 τοῦ
3516 5051 3729 5123 Πατρδς
3760 5071 4032 5125 παρακι-

2429 5144 2688 5214 νούμενον
2711 5143 2966 5213 τρέποιτο
2995 5141 3149 5212 (τόδε
3178 5141 3240 5194 τὸ
3268 5140 3588 5213 βλάσφημον
3639 5145 3721 5208 εἰς
3771 5146 3880 5210 τὰς
3913 5149 4034 5202 τῶν

2427 5233 2929 5304 ἀιιαισχυντούντων
2959 5233 3244 5305 κειεαλάς)
3274 5249 3290 5264 ·
3342 5228 3462 5288 εἶτα
3491 5233 3547 5288 δὲ
3577 5235 3674 5288 καὶ
3725 5239 3880 5306 μετ-εὶ
3923 5245 4034 5311 τὴν

2432 5327 2745 5381 συντέλειαν
2781 5325 2874 5380 τοῦ
2905 5326 3125 5390 αἰῶνος,
3164 5325 3253 5386 ὅτε
3284 5325 3486 5396 μᾶλλον
3515 5326 3702 5391 αὐτοῖς
3728 5329 3764 5398 ἡ
3797 5330 4037 5384 οἰκείω-

2433 5434 2537 5482 σις,
2568 5418 2677 5470 τῶν
2708 5415 2968 5486 μαθητῶν
2996 5416 3363 5486 ἀφιστάμενον
3383 5431 3400 5447 ο
3423 5416 3518 5471 καὶ
3541 5416 3714 5469 έπειδ⁹
3743 5416 3814 5471 ἂν
3838 5436 4036 5477 κατα-

2429 5510 2746 5582 γηράσωσιν
2773 5509 2823 5561 οί
2852 5509 2973 5564 τότε
3016 5507 3314 5580 ἀνθρωττοι,
3340 5509 3541 5582 μηκέτι
3571 5509 3704 5567 ὂντα
3725 5511 3822 5565 τὸν
3856 5512 4031 5570 Θεόν·

829 5786 871 5816 ³ο
905 5784 1042 5839 Paul.
1076 5797 1223 5846 Lm,
1258 5783 1306 5833 '7.
1348 5783 1385 5812 ³⁸
1421 5779 1561 5835 Psal.
1591 5793 1700 5842 cut,
1738 5779 1780 5832 l.
1827 5778 1866 5807 ³¹
1902 5777 2086 5831 Matth.
2123 5794 2313 5846 muti,
2355 5781 2446 5835 20.
2523 5777 2564 5808 ³³
2593 5775 2726 5830 Gen.
2762 5787 2878 5839 vnt,
2911 5773 2964 5826 7.
