4174 6450
267 439 375 503 869

1115 442 1215 500 AD
1255 439 1841 502 AMPHILOCBIUM
1871 440 2212 514 QUIESTIO
2241 439 2526 501 CLXXII.

3367 444 3471 510 810

255 549 310 602 cl
348 546 525 617 βούλει
551 546 611 599 δι
641 545 734 600 καὶ
788 546 889 619 τὴν
923 548 1254 617 περιστερὰν
1287 548 1425 618 μετὰ
1449 548 1513 602 τὸ
1546 549 1815 621 ξηρανθῆ-

1920 564 2105 605 sessus
2126 548 2194 603 ad
2222 548 2469 602 dextram
2498 544 2583 601 sui
2621 544 2798 602 Patris
2829 544 3201 602 deturbabitur
3229 546 3469 617 (interim

256 653 349 689 ναι
369 636 469 703 τὴν
492 637 595 705 γῆν
623 635 762 704 πρὸς
788 634 877 688 τδν
915 636 1038 690 Νῶε
1069 636 1518 708 ἀναστρέψασαν·
1551 639 1672 693 τότε
1702 640 1819 693 δια-

260 723 623 795 ⁴ιιιορείτωσαν,
653 725 746 778 καὶ
774 726 823 778 εί
862 727 1000 795 μετά
1025 726 1117 780 τὸν
1142 728 1380 799 ἄρρητον
1410 730 1503 785 καὶ
1528 729 1818 802 παρθένιον

252 814 436 879 τόκον,
487 814 679 885 ἀνδρὸς
706 815 926 885 ὁμιλίαν
965 817 999 888 ἡ
1043 818 1321 889 Παρθίνος
1366 822 1713 892 ίμελίτησεν.
1754 824 1816 876 Et

252 905 312 958 ει
359 907 435 975 μὴ
480 904 598 959 κατ’
654 908 942 980 επιστολὴν
974 910 1237 983 ιγραφον,
1288 911 1504 977 πλείους
1549 913 1635 977 ἂν,
1682 912 1817 968 Θεοῦ

251 993 509 1058 διδόντος,
535 995 631 1059 τάς
663 995 965 1065 ἀποδείξεις
990 1016 1073 1053 σοι
1102 1000 1458 1070 παρεθύμεθα
1475 1016 1490 1032 ⁶
1508 999 1623 1055 ἀλλ’
1652 1002 1815 1055 ίκανά

255 1084 352 1134 καὶ
381 1080 552 1134 ταῦτα
597 1076 679 1147 οἷς
714 1086 789 1155 μὴ
822 1087 961 1156 μετά
991 1087 1090 1157 τῆς
1150 1089 1371 1156 ἀγνοίας
1409 1090 1505 1143 καὶ
1539 1092 1574 1162 ἡ
1614 1090 1817 1146 διάνοια

255 1173 667 1241 προσαπώλετο.
726 1176 879 1231 Td?
926 1178 1095 1245 ἀλλα,
1138 1178 1283 1250 ψυχῇ
1333 1180 1429 1234 καὶ
1477 1180 1688 1237 σώματι
1725 1183 1818 1254 ιρ-

1915 639 1969 693 in
2019 645 2301 692 auctorum
2334 636 2513 706 capita
2563 634 2677 690 hac
2720 635 3053 705 blasphemia
3102 636 3470 704 convertatur)

1913 736 1967 781 et
2011 734 2134 796 post
2172 725 2354 780 saeculi
2402 723 2949 786 consummationem,
2975 738 3101 777 cum
3139 723 3313 778 multo
3350 738 3481 791 pro-

1917 817 2179 886 pinquius
2236 815 2313 870 illi
2373 814 2774 885 conjungentur
2818 813 3089 883 discipuli.
3122 828 3247 867 eum
3295 812 3365 866 ab
3410 812 3480 864 iis

1916 924 2289 975 recessurum,
2330 916 2425 962 aut
2456 907 2621 961 Deum
2649 921 2757 961 non
2794 906 3019 960 ulterius
3046 906 3312 967 luturum,
3333 913 3483 972 post.

1923 1016 2086 1070 quam
2138 1002 2216 1057 illi
2264 1001 2509 1055 homines
2545 1006 2704 1053 aetate
2736 998 3130 1067 provehantur;
3162 1004 3258 1051 aut
3282 994 3487 1049 docue-

1923 1094 2055 1155 rint,
2108 1101 2230 1163 post
2276 1089 2570 1147 arefactam
2616 1097 2815 1143 terram
2875 1087 3180 1143 columbam
3245 1086 3312 1140 ad
3366 1086 3483 1139 Noe

1924 1182 2173 1247 rediisse,
2211 1191 2341 1236 tunc
2391 1179 2732 1244 addubitent,
2780 1192 2881 1233 nec
2941 1178 3197 1247 impedio,
3240 1191 3309 1230 an
3360 1183 3484 1245 post

1904 1280 2141 1341 partum
2173 1270 2475 1340 virgineum
2508 1268 2963 1337 inexplicabilem,
2994 1269 3063 1323 de
3091 1267 3234 1322 virili
3260 1281 3487 1321 consor-

256 1350 337 1404 tio
368 1351 531 1423 Virgo
577 1356 921 1424 cogitaverit.
963 1356 1118 1423 Quod
1159 1359 1203 1414 si
1237 1374 1345 1414 non
1379 1360 1664 1430 epistolam
1694 1360 2013 1426 scriberem,
2033 1360 2214 1430 plures
2237 1358 2437 1423 adhuc,
2459 1371 2583 1413 cum
2618 1356 2764 1411 bono
2827 1357 2959 1421 Deo,
3014 1354 3113 1411 tibi
3177 1369 3484 1422 reprzscno

260 1452 436 1498 tarem
467 1446 981 1505 demonstrationes.
1010 1450 1113 1504 Sed
1145 1451 1261 1507 ista:
1292 1451 1560 1509 suilicient
1594 1455 1732 1509 satis
1785 1451 1854 1508 iis
1890 1451 2165 1517 omnibus,
2194 1451 2290 1522 qui
2338 1466 2448 1508 non
2502 1467 2611 1509 una
2654 1466 2779 1509 cum
2825 1453 3229 1523 ignorantia,et
3286 1446 3487 1503 mentis

253 1548 375 1592 sua
428 1536 673 1593 fecerunt
701 1538 994 1608 iacturam.
1019 1539 1228 1596 Caetera
1307 1542 1501 1598 Valeas
1542 1544 1728 1598 animo
1777 1550 1832 1597 et
1867 1556 2120 1612 corpore.

768 1736 1102 1792 ΕΡΩἸἮΣΙΣ
1138 1739 1303 1795 POB'.

794 1915 932 1984 Περὶ
965 1916 1269 1984 προνοίας.

1853 1719 1902 1780 Β
2000 1735 2325 1805 QUESTIO
2356 1733 2612 1793 cum.
2662 1732 2851 1806 [ϐοἰεί.
2882 1728 3013 1787 CCI.
3042 1727 3204 1784 τηαν.
3234 1718 3465 1792 exon]

2482 1913 2556 1968 De
2585 1912 2937 1968 Providentia.

562 2136 699 2187 Edita
731 2151 758 2187 a
793 2137 1092 2189 lontacotlo
1114 2137 1219 2200 (ep.
1247 2136 1301 2188 σι
1327 2138 1389 2187 ad
1418 2136 1583 2188 Taras.
1608 2149 1657 2199 p.
1682 2134 1848 2197 9ο-οι,
1881 2142 1933 2186 et
1957 2149 2149 2186 rursum
2175 2149 2202 2185 a
2232 2132 2372 2195 Ilaio,
2405 2134 2530 2185 Noti.
2556 2134 2678 2187 Coll.
2704 2142 2739 2185 t.
2779 2134 2817 2196 Ι,
2838 2148 2886 2198 p.
2924 2133 3172 2195 ιιι-ηε).

319 2322 397 2379 α’.
442 2322 503 2376 El
534 2321 721 2393 μηδεὶς
748 2321 859 2376 τῶν
891 2320 1245 2386 ἀδικούντων,
1280 2322 1376 2377 καὶ
1401 2322 1539 2386 ὅλως
1566 2322 1817 2393 ἀμαρτα-

246 2412 475 2477 νόντων,
506 2412 645 2464 κατά
670 2413 859 2481 χεῖρας
881 2406 993 2481 εἶχε
1022 2409 1328 2479 φθάνουσαν
1351 2409 1451 2481 τὴν
1478 2409 1654 2480 δίκην,
1684 2410 1821 2465 ἀλλά

248 2504 352 2557 καὶ
368 2504 563 2566 πάντες
576 2503 629 2555 oi
656 2502 754 2571 τῆς
783 2501 984 2572 ἀρετῆς
1002 2499 1253 2571 ἔργάται,
1266 2499 1361 2553 τὸν
1385 2499 1500 2570 βίον
1525 2499 1737 2570 ἔτριϐον
1761 2502 1820 2553 ιν

244 2591 600 2661 ταλαιπωρία
636 2629 652 2654 ,
685 2592 785 2643 οὐκ
830 2590 897 2643 ἀν
935 2607 1014 2643 σοι
1063 2588 1185 2642 λίαν
1217 2588 1434 2651 ἀτόπως
1468 2588 1498 2641 ὸ
1526 2589 1653 2659 περὶ
1689 2606 1821 2659 προ-

247 2683 400 2747 νοίας
428 2682 581 2750 λόγος
610 2680 896 2751 ιχώλευεν.
914 2681 1065 2734 Ἐπεὶ
1110 2681 1167 2734 δὲ
1211 2680 1397 2734 nouo!
1437 2682 1533 2735 καὶ
1576 2681 1684 2734 τῶν
1720 2681 1818 2752 τὴν

246 2772 452 2825 κακίαν
499 2771 814 2841 μετιόντων,
859 2771 992 2840 παρ’
1024 2770 1195 2840 αὐτὰς
1218 2771 1318 2833 τὰς
1359 2770 1587 2841 πράξεις
1633 2769 1817 2840 ὤφθη-

247 2881 356 2917 σαν
387 2862 483 2927 τάς
511 2864 661 2926 δίκας
690 2862 1003 2927 δεδωκότες,
1035 2862 1128 2917 καὶ
1162 2861 1269 2916 τῶν
1289 2862 1456 2933 ἀρετῇ
1483 2862 1817 2933 ῥυθμιζομέ-

247 2969 360 3005 νων
383 2950 743 3013 εὐπαθοῦντίς
770 2952 909 3003 είσιν
934 2951 1292 3021 ἐγνωσμένοι,
1325 2950 1443 3014 πῶς
1470 2952 1569 3004 οὐκ
1591 2950 1816 3021 ἀνόητος

1991 2322 2033 2377 ι.
2064 2321 2124 2377 Si
2152 2334 2313 2376 nemo
2341 2334 2566 2390 prorsus
2596 2319 2984 2389 improborum,
3021 2327 3076 2373 et
3102 2320 3341 2389 peccatis
3387 2334 3481 2389 pe-

1922 2407 2071 2464 nitus
2114 2407 2416 2463 deditorum
2452 2407 2747 2462 vindictam
2782 2421 2894 2477 prae
2938 2407 3193 2463 manibus
3246 2422 3482 2477 praesen-

1923 2504 2029 2550 tem
2086 2494 2371 2561 baberent,
2401 2494 2493 2550 sed
2544 2494 2758 2549 virtutis
2804 2502 3148 2563 operatores,
3182 2492 3479 2546 universim

1922 2602 2135 2651 omnes,
2164 2587 2326 2641 vitam
2373 2586 2728 2655 transigerent
2759 2600 2854 2655 per
2887 2584 3160 2649 miserias,
3198 2584 3338 2638 haud
3382 2584 3480 2638 ah-

1924 2678 2087 2733 surde
2121 2678 2218 2733 tibi
2253 2678 2522 2732 videretur
2563 2677 2631 2733 de
2679 2676 3051 2747 providentia,
3106 2676 3244 2731 ratio
3286 2690 3480 2730 manca

1922 2781 2085 2837 atque
2117 2769 2341 2835 mutila;
2383 2767 2476 2823 sed
2524 2784 2645 2824 cum
2677 2769 2894 2839 plurimi
2928 2783 3139 2833 eorum,
3168 2768 3261 2839 qui
3293 2783 3353 2822 se
3380 2782 3479 2821 ne-

1921 2860 2108 2929 quitiis
2131 2860 2475 2927 dediderunt,
2504 2862 2557 2915 in
2583 2862 2701 2931 ipso
2723 2861 3087 2930 improbitatis
3116 2870 3265 2921 actu,
3292 2875 3480 2928 poenas

1920 2949 2135 3005 dedisse
2189 2957 2609 3018 cognoscantur,
2652 2958 2706 3004 et
2755 2949 2848 3034 qui
2900 2949 3199 3004 secundum
3258 2948 3481 3002 virtutis

249 3042 287 3111 ἠ
318 3039 456 3093 κατά
491 3039 591 3109 τῆς
638 3040 894 3111 προνοίας
928 3040 1176 3106 ἑπίνοιας
1207 3039 1270 3091 Εί
1303 3039 1349 3091 δ’
1379 3039 1459 3093 ὅτι
1510 3040 1585 3110 μὴ
1618 3038 1815 3105 πάντες

1920 3052 2160 3096 tenorem
2183 3049 2353 3097 semet
2376 3055 2475 3095 con
2487 3040 2788 3108 ﬁrmarunt,
2814 3056 3073 3111 prospere
3099 3040 3303 3095 vixisse
3332 3040 3480 3094 intel-

248 3132 488 3186 ἐνταῦθα
517 3132 832 3203 κομίζονται
860 3134 929 3187 τὰ
959 3134 1232 3204 ὶπίχειρα,
1267 3134 1424 3188 τοῦτό
1467 3152 1526 3188 σε
1578 3136 1699 3187 κατ’
1721 3136 1814 3188 αὐ-

246 3226 352 3294 τῆς
380 3223 701 3292 ἀνερεθίςει,
738 3224 846 3277 ῐσθι
867 3225 944 3288 ὡς
964 3224 1032 3277 δι’
1057 3218 1133 3279 ὧν
1169 3224 1341 3293 ιγνως
1367 3226 1501 3296 αὐτῇ
1531 3226 1814 3296 μάχεσθαι,

252 3315 454 3385 μᾶλλον
479 3315 648 3385 αὐτῆς
678 3315 1074 3386 ἀνακηρύττεις
1110 3318 1154 3380 ⁸,
1185 3318 1325 3387 μετά
1367 3318 1466 3387 τῆς
1518 3318 1727 3386 σοφίας,
1758 3316 1820 3370 τὸ

246 3405 493 3475 ἄμαχον·
542 3406 590 3459 εί
615 3405 724 3477 γάρ
751 3406 952 3471 πάντες
982 3408 1039 3460 εν
1066 3407 1145 3476 τῷ
1173 3406 1268 3460 νῦν
1313 3407 1493 3473 αίῶνι,
1520 3408 1571 3458 οί
1599 3408 1699 3478 μὲν
1719 3407 1819 3470 τὰς

247 3495 481 3559 εὐθύνας
510 3497 932 3567 είσεπράττοντο
952 3497 1063 3551 τῶν
1111 3497 1516 3568 ἡμαρτημένων
1547 3506 1596 3563 ι,
1645 3499 1694 3551 οί
1738 3498 1814 3562 δὲ,

248 3586 341 3654 ἐφ’
373 3582 452 3647 οἷς
479 3584 681 3638 εἴλοντο
707 3590 775 3640 τά
806 3586 1033 3656 ἀμείνω,
1058 3585 1214 3657 δόξης
1230 3587 1326 3639 καὶ
1346 3587 1513 3654 τιμῆς
1540 3586 1817 3657 ἁπήλαυον

249 3675 352 3729 καὶ
372 3674 733 3745 εὐδαιμονίας,
765 3676 943 3747 μάτην
971 3692 1033 3729 τε
1077 3676 1145 3729 ἂν
1183 3676 1246 3728 τὸ
1286 3676 1493 3729 ἐκεῖθεν
1537 3677 1817 3747 κριτήριον

249 3767 593 3835 συνειστήκει
644 3767 804 3836 (ὅπερ
852 3766 969 3819 ἐστὶ
1014 3766 1113 3837 τῆς
1157 3767 1417 3821 ἀνωτάτω
1457 3766 1595 3820 Θεοῦ
1626 3768 1816 3835 σοφίας

250 3854 351 3907 καὶ
371 3853 736 3923 κηδεμονίας),
778 3855 872 3907 καὶ
902 3854 1077 3924 βίαιον
1109 3854 1282 3918 ἄλλως
1307 3864 1330 3892 ν
1364 3855 1458 3909 καὶ
1499 3854 1752 3908 ἀκούσιον
1784 3854 1816 3925 ἡ

245 3944 347 3998 τοῦ
383 3945 550 3997 κακοῦ
587 3945 734 4015 φυγὴ
759 3945 1145 3999 ἀπεδείκνυτοο
1187 3945 1519 4011 δεδοικότων,
1544 3944 1620 4009 ὡς
1648 3947 1814 4011 είκδς,

248 4035 364 4089 τῶν
392 4036 730 4106 πλημμελεῖν
760 4038 1100 4105 ἐγνωκότων,
1133 4038 1233 4109 τὴν
1284 4036 1596 4108 παραυτίκα
1645 4054 1818 4107 τιμω-

252 4126 421 4198 ρίαν·
453 4126 546 4181 καὶ
576 4128 698 4197 οὐχὶ
734 4127 961 4199 γνώμης
1008 4127 1220 4199 ἀγαθῆς
1260 4127 1488 4197 αἱρέσει,
1547 4128 1718 4199 δειλίᾳ
1760 4128 1817 4180 δὲ

251 4219 455 4289 μᾶλλον
483 4205 592 4272 ἀπὸ
615 4220 714 4290 τῆς
755 4220 954 4284 κακίας
998 4220 1408 4290 διασπωμινων.
1460 4218 1621 4273 Ἀλλά
1651 4236 1715 4287 γε
1751 4220 1814 4289 δὴ

247 4309 349 4361 καὶ
380 4309 671 4380 μισθαρνίᾳ
702 4310 797 4363 καὶ
841 4311 940 4363 οὐκ
984 4310 1185 4380 ἀρετῆς
1218 4318 1241 4345 ⁸
1265 4348 1280 4374 ,
1312 4310 1408 4379 τῆς
1434 4310 1634 4381 ἀρετῆς
1664 4310 1817 4378 ετύγ-

249 4415 413 4469 χανεν
448 4398 514 4451 ἀν
540 4401 572 4469 ή
598 4401 859 4470 ἑργασία’
889 4400 984 4454 καὶ
1007 4400 1192 4453 οὐκέτι
1215 4400 1483 4469 διάκρισις
1514 4401 1620 4453 τῶν
1651 4418 1815 4453 σπου-

243 4490 414 4541 δαίων
444 4490 665 4543 καὶτῶν
690 4491 909 4559 φαύλων
945 4492 1185 4559 ἐγεγόνει
1212 4507 1226 4522 ⁸
1254 4490 1376 4544 οὐδὲ
1424 4492 1536 4542 τισὶ
1575 4491 1694 4560 μὲν,
1728 4492 1812 4543 ἵνα

244 4579 351 4647 τῆς
392 4578 598 4631 ἐκεῖθεν
653 4580 856 4650 τύχωσι
895 4580 1192 4651 βασιλείας,
1245 4582 1341 4635 καὶ
1378 4584 1460 4635 ἶνα
1482 4582 1812 4644 Δεσποτικάς

248 4672 663 4740 συντηρήσωσιν
688 4671 928 4736 ἐντολὰς,
956 4675 991 4743 ὴ
1017 4673 1218 4743 ἀρετῆς
1248 4672 1468 4741 πρᾶξις,
1503 4674 1597 4726 καὶ
1624 4675 1657 4743 ἡ
1682 4673 1813 4725 ταύ-

243 4776 350 4829 της
387 4759 579 4830 χρῆσις
603 4759 662 4824 ἐξ
689 4760 887 4832 ἔρωτος
913 4761 1081 4826 θείου,
1132 4762 1311 4814 nates
1345 4762 1431 4817 ἶνα
1457 4764 1548 4815 τὸν
1570 4762 1809 4832 παρόντα

243 4852 367 4921 βίον
394 4852 454 4903 ιν
479 4852 774 4905 ἀπολαύσει
796 4852 1087 4907 διανύσωσι
1121 4854 1216 4907 καὶ
1241 4854 1578 4926 εὐδαιμονίᾳ.

1920 3133 2180 3202 ligantur,
2207 3132 2429 3186 omnino
2455 3146 2675 3187 necesse
2697 3140 2780 3185 est
2820 3142 2881 3185 ut
2910 3131 3137 3186 stultum
3159 3132 3231 3185 sit
3256 3130 3480 3199 obloqui

1918 3222 2293 3278 Providentiae.
2326 3221 2479 3288 Quod
2509 3223 2555 3277 si
2591 3223 2720 3277 illud
2752 3233 2801 3278 te
2828 3232 3016 3279 contra
3046 3239 3166 3278 eam
3197 3223 3479 3288 stimulat,

1918 3315 2043 3385 quia
2074 3330 2182 3370 non
2209 3314 2574 3369 iudill’erenter
2603 3330 2789 3370 omnes
2820 3316 2919 3370 hac
2948 3316 3000 3369 in
3042 3316 3147 3369 vita
3182 3316 3485 3385 percipiant

1919 3408 2108 3462 merita
2144 3423 2264 3473 sua,
2294 3408 2438 3463 scias
2464 3416 2694 3477 oportet,
2729 3415 2779 3462 te
2820 3423 2914 3477 per
2944 3407 2997 3461 id
3032 3424 3140 3477 quo
3165 3416 3355 3461 contra
3385 3408 3481 3462 dc—

1918 3514 2163 3570 pugnare
2185 3501 2331 3554 illam
2362 3504 2520 3564 rerls,
2556 3500 2638 3552 vel
2673 3499 2907 3553 maxime
2939 3499 3179 3569 ejusdem
3208 3500 3314 3552 vim
3344 3500 3482 3553 irrc-

1920 3590 2206 3645 sistibilem
2235 3600 2288 3646 et
2322 3590 2645 3661 sapientiam
2685 3587 2979 3644 celebrare.
3005 3588 3183 3655 Certe,
3216 3590 3261 3643 si
3290 3604 3482 3644 omnes

1918 3697 2015 3750 per
2035 3690 2351 3751 praesentem
2388 3682 2575 3745 vitam,
2610 3680 2692 3736 vel
2723 3682 2983 3733 rationem
3015 3680 3237 3734 reddere
3266 3680 3330 3733 de
3355 3694 3481 3749 pec-

1918 3774 2054 3828 catis
2101 3783 2443 3843 cogerentur,
2478 3772 2561 3826 vel
2617 3788 2681 3826 en
2725 3772 2870 3841 quod
2928 3772 3206 3825 meliorem
3266 3782 3474 3839 partem

1920 3864 2119 3918 fuerint
2169 3863 2422 3933 amplexi,
2474 3863 2723 3933 gloriam,
2763 3864 3046 3925 honorem,
3093 3862 3479 3916 beatitudinem

1918 3954 2005 4009 hic
2035 3964 2474 4025 assequerentur,
2501 3954 2725 4008 omnino
2752 3952 2955 4007 frustra
2981 3952 3227 4007 futurum
3261 3952 3480 4023 aliquod

1913 4043 2177 4113 judicium
2240 4049 2648 4111 exspectaretur
2704 4041 2869 4112 (quod
2922 4052 3100 4096 tamen
3151 4057 3181 4096 a
3227 4056 3479 4111 suprema

1916 4131 2179 4201 sapientia
2228 4141 2281 4185 et
2331 4145 2461 4185 cura
2505 4131 2687 4186 divina
2727 4131 3065 4200 ordinatur);
3102 4132 3195 4186 sed
3258 4133 3481 4201 insuper

1915 4222 2208 4275 violentum
2250 4220 2377 4291 quid
2422 4229 2479 4275 et
2519 4222 2835 4276 coactitium
2882 4222 3191 4288 videretur,
3247 4236 3276 4275 a
3333 4223 3477 4276 malo

1922 4312 2287 4377 abstinuisse;
2350 4312 2397 4367 si
2465 4311 2749 4366 horrerent
2783 4314 3159 4381 delinquentes
3187 4328 3217 4367 e
3250 4314 3477 4383 vestigio

1917 4417 2130 4471 semper
2144 4418 2375 4471 sequens
2401 4411 2454 4456 et
2481 4401 2763 4456 adhaerens
2791 4404 3153 4473 supplicium;
3180 4418 3290 4474 quo
3315 4414 3475 4474 pacto

1915 4494 2085 4557 ﬁeret,
2124 4502 2181 4547 ut
2225 4509 2329 4547 non
2377 4494 2444 4547 de
2473 4493 2734 4548 electione
2766 4495 3008 4549 melioris
3033 4496 3338 4558 sententiae,
3380 4494 3477 4552 sed

1914 4594 2055 4639 metu
2098 4584 2299 4652 potius,
2346 4592 2401 4637 et
2443 4585 2747 4647 timiditate,
2776 4599 2805 4637 a
2838 4584 2979 4639 malo
3016 4584 3423 4639 deterrerentur
3459 4602 3473 4639 :

1913 4673 2120 4727 accedit
2167 4673 2312 4741 quod
2361 4671 2577 4727 virtutis
2603 4674 2867 4741 operatio,
2898 4689 3005 4727 non
3048 4690 3115 4727 ex
3147 4674 3333 4743 aliquo
3364 4675 3477 4729 vir-

1916 4762 2046 4817 tutis
2097 4770 2362 4832 respectu,
2396 4762 2490 4817 sed
2526 4762 2789 4817 mercedis
2822 4764 3021 4818 intuitu
3066 4764 3474 4833 suscipr‘etur;

1917 4853 2062 4907 nulla
2118 4852 2382 4906 bonorum
2409 4866 2438 4905 a
2468 4853 2624 4907 malis
2652 4852 2931 4907 distinctio
2961 4864 3290 4909 statueretur
3328 4873 3340 4909 :
3378 4856 3471 4909 sed

242 4962 351 5001 nec
386 4948 791 5016 aquibusdam,
831 4957 890 5004 ut
928 4964 1153 5017 regnum
1225 4949 1487 5005 caelorum
1550 4959 1974 5018 consequantur,
2047 4958 2140 5002 aut
2187 4957 2248 5002 ut
2317 4948 2499 5002 divina
2554 4946 2807 5001 mandata
2854 4949 3199 5011 custodiant,
3258 4948 3475 5002 virtutis

236 5048 427 5107 actus,
478 5041 829 5113 ejusdemque
879 5044 1136 5114 frequens
1177 5059 1308 5099 usus
1349 5059 1415 5098 ex
1467 5058 1651 5099 amore
1696 5044 1812 5107 Dei,
1854 5043 2347 5113 proﬁciscerentur.
2401 5041 2615 5111 quidam
2671 5050 2849 5097 autem
2904 5044 2957 5097 in
3007 5058 3133 5098 eum
3195 5043 3353 5097 tinem
3420 5042 3473 5098 id

238 5143 487 5204 *Βοΐοιην
538 5145 599 5191 ut
644 5139 926 5208 presentis
954 5140 1077 5194 vita:
1118 5153 1337 5194 cursum
1385 5140 1623 5194 suaviter
1689 5140 2074 5201 transmittant,
2099 5145 2153 5191 et
2178 5137 2349 5191 beate.

317 5267 367 5338 β’
371 5306 387 5321 .
407 5268 614 5332 ’Δλλως
628 5285 687 5322 τε
710 5269 882 5323 καὶτὸ
906 5271 1122 5324 πάντων
1137 5270 1440 5335 καλλιστον,
1456 5270 1577 5335 τούς
1599 5269 1815 5338 ἀγῶνας

239 5358 394 5426 λέγω
423 5356 509 5427 ἐφ’
537 5350 619 5420 οἷς
649 5358 700 5410 oi
743 5358 943 5413 δίκαιοι
980 5358 1210 5430 μαλιστα
1241 5358 1627 5428 σηᾳάνοῦντα,
1658 5362 1809 5412 ἀναι-

1990 5270 2044 5322 2.
2071 5268 2309 5324 Ulterius
2344 5277 2525 5323 autem
2574 5268 2626 5321 id
2658 5269 2800 5337 quod
2855 5269 3012 5338 longe
3041 5269 3470 5339 pulcherrimum

1913 5368 2018 5424 est,
2050 5360 2305 5414 nimirum
2356 5360 2673 5423 certamina,
2726 5367 2943 5429 propter
2980 5376 3101 5430 quae
3149 5362 3292 5416 adita
3338 5362 3473 5432 justi

1525 5534 1756 5595 VARIAS
1795 5536 2192 5597 LECTIONES.

332 5729 351 5761 ί
392 5726 565 5783 Maius
595 5727 1013 5797 ἀνακηρύτταις.

1094 5740 1118 5766 ιι
1157 5728 1201 5781 Μ
1214 5770 1226 5783 .
1256 5726 1682 5800 ἁμαρτημάτων.

238 5796 443 5867 ἀρετή.

1792 5735 1817 5762 ν
1854 5724 2022 5787 ἄλλως
2088 5723 2238 5779 dcest
2298 5722 2349 5776 in
2412 5721 2573 5777 Maio.

2686 5722 2801 5776 ιΜ.
2851 5726 3141 5796 μισθαρνία
3210 5730 3303 5781 καὶ
3367 5730 3467 5785 οὐκ
