4174 6450
173 433 277 495 873

1098 435 1195 492 AD
1231 432 1815 495 AMPIIILOCHIUM
1853 431 2198 506 QUAESTIO
2228 435 2541 495 CLXXIII.

3302 435 3408 497 874

168 542 475 595 διαλύεσθαι
505 560 520 573 ·
554 545 646 595 καὶ
666 544 754 597 ίνα
786 544 860 614 μὴ
894 544 1173 613 βαρυτάτη
1214 546 1307 596 καὶ
1348 548 1583 613 ἄκρατος
1623 548 1734 608 τοῖς

1845 546 2206 602 consolationi
2233 585 2249 607 .
2304 544 2703 614 refrigerationi
2729 585 2743 607 ,
2792 554 2847 599 et
2881 546 3159 599 communi
3190 546 3407 599 cuidam

168 636 632 707 παρολισθώσιά,
660 641 863 707 τρόπον
905 636 1059 709 τινὰ,
1096 637 1593 708 παρεσκευασμένη
1652 639 1735 708 εἴη

167 730 203 796 ὴ
233 729 496 798 τιμωρία,
528 732 625 784 ᾶτε
650 731 717 799 δὴ
765 728 1047 792 παντελῶς
1086 732 1165 793 είς
1201 730 1611 800 ἀναπολόγητον
1643 730 1739 784 αὐ-

166 821 279 881 τοῖς
315 823 740 890 περιισταμένης
802 821 901 890 τῆς
950 820 1246 891 ἁμαρτίας.
1300 822 1367 872 Τί
1401 823 1530 890 γὰρ,
1560 818 1683 885 ἐξὸν
1714 832 1738 859 ο

169 911 450 962 κάνταῦθα
511 912 788 979 κάκεῖθεν,
832 914 891 965 ἑν
934 911 1202 981 εὐπαθείᾳ
1261 912 1509 980 διὰγτινς
1543 913 1609 964 σὺ
1665 911 1743 975 δὲ,

172 1001 312 1067 μετά
364 1004 460 1071 τῆς
511 1003 852 1073 ἑκατέρωθεν
898 1004 1110 1072 ποινῆς,
1154 1002 1264 1057 τῶν
1298 1005 1624 1074 κρειττόνων
1646 1004 1744 1074 ηλ-

167 1090 316 1154 λάξω
373 1093 441 1145 τά
480 1095 698 1163 χείρονα
724 1110 737 1124 ⁸
773 1095 909 1165 μηδὲ
961 1095 1236 1165 ὑπερϐολὴ
1291 1097 1677 1166 χρηστότητος,
1711 1097 1745 1165 ἡ

165 1181 275 1232 τῶν
332 1184 674 1254 είσπράξεων
735 1184 1012 1255 ὐπερὸολὴ
1080 1186 1536 1257 μεμηχανημένη,
1597 1185 1748 1255 νομί-

166 1270 334 1333 ζοιτο.

1845 637 2134 693 commodo
2184 637 2485 691 inserviant
2542 635 2737 691 vicinis
2801 636 2952 698 suis,
3017 645 3072 688 et
3111 635 3164 688 in
3208 635 3411 703 pignus

1845 732 2042 785 futura:
2126 727 2551 787 oblectationis.
2650 734 2710 779 ut
2793 725 3013 780 oculum
3090 724 3413 777 confirment

1845 822 2001 876 aliter
2047 819 2417 888 dispositum,
2474 818 2541 872 ad
2587 825 2740 872 recte
2790 832 2911 885 qua:
2958 816 3045 871 hic
3096 816 3233 869 Ilunt
3292 831 3411 883 per-

1841 911 2239 981 stringendum.
2312 907 2432 963 Non
2480 923 2672 963 omnes
2728 924 2924 978 porro,
2987 921 3052 961 ne
3082 906 3253 975 gratia
3294 919 3415 974 qua:

1844 1002 2025 1056 virtuti
2057 1002 2307 1062 debetur,
2343 1000 2621 1069 persoluta
2656 998 2827 1054 fuisse
2869 1007 3089 1068 putetur
3116 1036 3132 1058 ,
3192 1004 3410 1064 accepta

1844 1090 2092 1147 mercede
2141 1092 2463 1160 temporali;
2506 1100 2667 1158 atque
2696 1100 2753 1143 ut
2797 1105 2863 1143 ne
2912 1088 3239 1157 supplicium
3282 1087 3411 1139 illud

1844 1183 2228 1253 gravissimum
2259 1197 2361 1236 nec
2383 1181 2746 1234 intermistutn
2774 1180 3073 1235 secundum
3101 1192 3412 1232 mensuram

1849 1273 2141 1343 quamdam
2169 1270 2416 1327 videatur
2448 1272 2829 1327 aberrantibns
2868 1278 3189 1341 apparatum
3222 1268 3415 1322 Intole-

169 1365 416 1428 rabilem,
449 1382 515 1421 ac
557 1368 601 1421 si
648 1368 794 1422 nulla
828 1378 1060 1425 restaret
1106 1369 1175 1423 de
1212 1370 1451 1440 peccatis
1515 1368 1818 1424 adhibenda
1858 1368 2143 1439 apolOgia;
2175 1383 2439 1438 quorsum
2464 1382 2611 1430 vero,
2638 1378 2694 1423 et
2712 1368 2821 1429 hic,
2847 1369 2975 1422 etin
3001 1366 3186 1420 futuro
3217 1364 3416 1419 sreculo

164 1452 353 1508 liceret
387 1458 452 1509 ad
488 1460 820 1514 voluntatem
855 1461 1078 1515 vivere?
1123 1460 1202 1514 'l‘u
1234 1462 1453 1530 quidem
1484 1470 1604 1529 post
1665 1474 1879 1529 pinnam
1915 1460 2175 1515 utrolibet
2238 1460 2631 1523 constitutam,
2700 1474 2799 1527 pro
2864 1457 3181 1512 melioribus
3230 1454 3415 1523 pejora

168 1548 658 1611 pernttttasti;nec
688 1547 945 1603 bonitatis
966 1550 1486 1619 superabundautia,
1545 1549 1823 1620 exigenda
1878 1550 2103 1606 rationis
2150 1560 2465 1619 comparata
2530 1550 3063 1618 superabundantiaa,
3121 1547 3413 1617 hyperbole

170 1643 471 1701 reputatur.

238 1725 305 1779 δ’.
324 1726 597 1793 Ὡσαύτως
616 1729 673 1784 δὲ
698 1732 793 1783 καὶ
813 1729 922 1783 τῶν
943 1730 1145 1784 ἀδίκων
1169 1732 1383 1796 πολλοῖς
1402 1734 1471 1786 τά
1489 1734 1731 1803 παρόντα

1900 1730 1956 1784 ι.
1984 1727 2243 1782 Similiter
2268 1737 2319 1781 et
2356 1725 2597 1780 secundo
2641 1740 2824 1789 cursu,
2873 1725 3040 1779 multa
3073 1723 3126 1777 in
3164 1726 3415 1793 praesenti

166 1816 311 1867 κατὰ
339 1815 467 1885 ῥοῦν
502 1818 747 1886 φέρεται,
776 1818 861 1870 ἶνα
881 1818 935 1870 εῖ
953 1834 1003 1872 τι
1030 1819 1442 1888 καλοκάγαθίας
1470 1821 1611 1890 ίχνος
1640 1822 1739 1875 αὐ-

164 1908 280 1968 τοῖς
329 1906 654 1977 διεπράχθη,
688 1908 937 1961 ἐντεῦθεν
967 1902 1067 1962 ὦσι
1108 1912 1205 1978 τὴν
1251 1911 1597 1981 ἀντιμισθίαν
1634 1913 1740 1965 ἀπ·-

165 1997 474 2065 ειληφότες,
512 1997 907 2069 ὲξασθενούσης
932 2000 1028 2068 τῆς
1058 2002 1307 2072 πράξεως
1324 2002 1741 2072 παρατείνεσθαι

168 2088 309 2157 πρὸς
336 2088 431 2157 τὴν
460 2089 675 2141 ἐκεῖθεν
706 2090 1132 2158 μισθαποδοσίαν
1160 2108 1171 2122 ·
1207 2094 1254 2145 εί
1288 2091 1306 2131 ί
1338 2094 1393 2145 δὲ
1429 2096 1520 2147 καὶ
1553 2095 1637 2147 ἶνα
1667 2096 1741 2164 μὴ

167 2179 446 2248 πρόφασιν
470 2177 571 2247 τῆς
610 2182 945 2250 κακουργίας
966 2182 1071 2251 τὴν
1099 2183 1478 2254 ταλαιπωρίαν
1513 2186 1743 2255 προσάλ-

165 2270 387 2323 λωνται.
416 2271 531 2323 Οὐκ
560 2272 641 2333 είς
674 2272 878 2335 πάντας
909 2272 967 2325 δὲ
1008 2273 1191 2326 αὐτῶν
1246 2274 1314 2327 τά
1373 2275 1474 2343 τῆς
1526 2276 1741 2338 εὐθείας

165 2362 569 2430 διαϐιὸἀζεται,
602 2366 685 2417 ἵνα
715 2365 789 2435 μὴ
818 2368 851 2436 ἡ
878 2366 975 2434 τῆς
1005 2365 1204 2429 κακίας
1219 2366 1426 2437 τρίϐος,
1456 2369 1547 2419 ἐπὶ
1578 2368 1738 2421 πλέον

166 2454 600 2523 ἀνευρυνομένη,
630 2455 856 2518 πολλοὺς
895 2455 1101 2527 ἑλκύσῃ
1130 2454 1267 2524 πρὸς
1297 2455 1568 2525 βάραθρον
1599 2471 1611 2485 ⁸
1649 2457 1742 2508 καὶ

166 2546 259 2597 ἵνα
295 2544 369 2614 μὴ
398 2545 531 2611 πρὸς
562 2544 900 2612 ἀναλγησίαν
961 2543 1042 2595 ἔτι
1079 2543 1278 2613 μᾶλλον
1307 2544 1357 2597 οι
1407 2544 1743 2615 φιλαμαρτή-

169 2651 334 2701 μονες
360 2634 711 2695 ἀποκλίνωσι,
735 2635 827 2685 καὶ
857 2635 889 2703 ἡ
916 2633 1034 2685 θεία
1065 2633 1245 2701 ψῆφος
1267 2636 1379 2696 τοῖς
1410 2634 1625 2697 πολλοῖς
1658 2635 1739 2697 είς

166 2718 370 2787 χλεύην
407 2717 702 2787 νομίζοιτο.
741 2720 851 2771 Καὶ
908 2720 1077 2789 μυρία
1109 2720 1244 2773 ἄλλα
1280 2721 1347 2772 δι’
1377 2715 1451 2774 ὧν
1476 2723 1574 2791 τῆς
1606 2739 1741 2791 προ-

167 2809 322 2871 νοίας
346 2809 405 2860 τὸ
434 2808 775 2879 ἀγαθουργόν
802 2827 861 2862 τε
891 2812 983 2863 καὶ
1015 2811 1178 2880 σοφὸν
1233 2812 1328 2865 καὶ
1367 2813 1505 2882 ὑπὲρ
1536 2813 1743 2884 ἀνθρω-

165 2900 336 2969 πίνην
359 2900 538 2971 κρίσιν
565 2917 623 2953 τε
650 2902 745 2954 καὶ
767 2902 1015 2969 μεθοδίαν
1034 2903 1060 2942 Ι
1093 2903 1188 2955 καὶ
1215 2902 1441 2973 ἔρευναν
1470 2904 1583 2957 ἐστι
1614 2904 1740 2959 θεά-

168 2992 391 3045 σασθαι.
422 2991 645 3056 Τούτοις
692 2993 786 3045 καὶ
833 2995 947 3055 τοῖς
982 2993 1247 3057 τοιούτοις
1280 2994 1620 3063 ὲμμελετῶν,
1648 2997 1741 3049 καὶ

1844 1820 2089 1875 feruntur
2113 1808 2317 1885 impiis,
2352 1827 2407 1870 ut
2433 1818 2477 1869 si
2510 1816 2796 1884 probitatis
2826 1816 3046 1885 aliquod
3071 1815 3139 1868 ab
3165 1815 3233 1869 iis
3248 1826 3414 1884 gesta:

1844 1913 1925 1967 vel
1956 1911 2242 1979 vestigium
2276 1910 2612 1978 apparuerit,
2645 1908 2719 1961 illi
2748 1909 2801 1961 in
2838 1908 2939 1961 hac
2987 1908 3095 1961 vita
3127 1909 3410 1975 premium

1845 2004 2138 2073 accipiant,
2175 2016 2297 2055 cum
2335 2000 2499 2054 nimis
2534 2000 2604 2054 sit
2634 1998 2940 2053 imbecillus
2975 2009 3149 2062 actus,
3191 2006 3250 2052 ut
3288 2012 3413 2068 per-

1845 2096 2014 2165 tingat
2039 2095 2103 2147 ad
2140 2092 2379 2145 futuram
2408 2091 2479 2144 ibi
2511 2090 2925 2143 retributionem
2960 2107 2973 2143 :
3002 2091 3094 2143 sed
3126 2098 3179 2143 et
3215 2104 3279 2143 ne
3314 2090 3414 2141 mi-

1844 2188 2022 2241 serias
2056 2184 2132 2237 illi
2163 2197 2317 2243 suas,
2352 2180 2418 2234 ad
2456 2180 2834 2249 praetexendas
2866 2180 3158 2249 allegarent
3208 2181 3415 2250 impro-

1842 2276 2043 2330 bitates
2100 2288 2251 2327 suas.
2305 2269 2658 2340 Nequaquam
2693 2286 2819 2325 vero
2846 2286 2968 2325 cum
3008 2272 3239 2339 singulis
3269 2280 3415 2324 recte

1843 2364 2114 2421 inceditur
2138 2403 2153 2427 ,
2204 2377 2272 2416 ne
2301 2363 2558 2415 vitiorum
2590 2360 2675 2413 via
2715 2360 2966 2414 diffusior
3002 2359 3165 2423 facta,
3210 2360 3414 2412 multos

1843 2456 2205 2524 pracipitaret
2260 2451 2315 2504 in
2374 2450 2732 2514 barathrum;
2788 2464 2922 2503 neve
2984 2449 3155 2517 magis
3231 2448 3411 2501 adhuc

1844 2545 2125 2613 magisque
2158 2543 2251 2609 qui
2292 2540 2532 2610 peccatis
2559 2539 2927 2602 obiectantur,
2975 2538 3040 2590 ad
3082 2538 3412 2590 insensatio-

1844 2651 1964 2689 nem
2007 2633 2323 2697 deviarem,
2380 2646 2479 2685 nec
2514 2630 2779 2699 judicium
2819 2626 2908 2681 Dei
2946 2628 3243 2681 multorum
3276 2626 3415 2679 ludi-

1842 2725 1960 2778 brio
1984 2730 2377 2790 exponeretur;
2408 2730 2534 2774 sunt
2564 2730 2617 2771 et
2640 2719 2744 2771 alia
2774 2726 3053 2779 sexcenta,
3086 2716 3227 2769 unde
3256 2716 3415 2769 liceat

1846 2812 2205 2883 providentia:
2234 2812 2433 2866 divinte
2462 2810 2598 2865 bene
2628 2808 2863 2863 faciendi
2895 2809 3231 2877 propositum
3256 2844 3272 2870 ,
3321 2821 3411 2859 sa-

1842 2907 2100 2975 pientiam
2127 2923 2142 2970 ;
2192 2904 2487 2957 humanum
2515 2902 2782 2971 judicium
2809 2941 2824 2964 ,
2856 2914 3073 2953 omnem
3102 2912 3411 2959 censuram,

1842 3006 1896 3051 et
1933 2997 2425 3065 investigationem,
2468 2997 2813 3062 superantem
2845 2991 3060 3047 intueri.
3097 2988 3256 3044 llisce
3279 2998 3336 3042 tu
3360 2997 3415 3041 et

165 3084 300 3141 τοὺς
351 3083 645 3150 λογισμοὺς
705 3083 1203 3153 ἐγγυμναζόμενος,
1240 3085 1339 3153 τῆς
1386 3086 1647 3155 δοκούσης
1679 3091 1737 3140 ἐν

1843 3089 2220 3157 hujuscemodi
2249 3087 2629 3141 meditationes
2658 3082 3123 3139 accommodando
3142 3124 3156 3145 ,
3182 3090 3237 3134 et
3262 3082 3413 3150 cogi-

163 3175 282 3234 τοῖς
314 3174 576 3243 παροῦσιν
601 3176 914 3245 ἀνωμαλίας
944 3178 1037 3229 καὶ
1060 3177 1377 3245 συγχύσεως
1398 3180 1591 3231 σαυτὸν
1606 3182 1738 3233 ἀνα-

164 3261 438 3330 λάμϐανε,
496 3265 589 3316 καὶ
621 3264 690 3316 τὰ
719 3265 846 3333 περὶ
887 3265 1037 3332 ἡμᾶς
1068 3264 1246 3333 πάθη,
1283 3266 1511 3318 καὶτῶν
1540 3284 1737 3338 πειρα-

165 3354 382 3423 σμῶνὴ
412 3356 683 3423 συνέχεια,
720 3355 883 3425 μηδὲν
912 3372 971 3407 σε
1004 3355 1145 3407 κατά
1168 3357 1266 3423 τῆς
1295 3358 1553 3425 προνοίας
1582 3358 1739 3411 ὁπλι-

163 3446 333 3508 ξέτω.
371 3446 491 3497 Εῖτε
523 3449 651 3515 γὰρ,
676 3444 753 3508 ὡς
811 3447 973 3515 ἡμεῖς
1018 3446 1309 3515 εὐχόμεθα,
1342 3446 1409 3499 δι’
1431 3448 1609 3500 αὐτῶν
1644 3449 1737 3501 τοῦ

163 3536 428 3588 πλείστου
470 3536 641 3605 ῥύπου
690 3536 1085 3606 καθαιρόμεθα,
1125 3537 1376 3590 ἐντεῦθεν
1434 3540 1635 3608 μᾶλλον
1680 3544 1740 3596 τὸ

162 3628 484 3697 ὑπέρσοφον
516 3630 610 3681 καὶ
634 3628 1019 3698 φιλάνθρωπον
1046 3631 1143 3699 τῆς
1180 3629 1435 3697 προνοίας
1466 3632 1740 3701 λαμπρῶς

159 3718 547 3784 διαφαίνεται·
574 3718 705 3777 εἴτε,
731 3717 982 3786 καθάπερ
1029 3719 1192 3779 αὐτὸς
1238 3719 1510 3788 νομίζεις,
1544 3721 1741 3784 ἄθλους

162 3810 266 3860 καὶ
296 3809 508 3874 ἀγῶνας
566 3809 935 3878 ὑπερχόμεθα,
970 3810 1105 3877 μήτε
1162 3808 1271 3861 τῶν
1327 3809 1535 3862 ἐκεῖθεν
1595 3813 1741 3881 ἡμᾶς

164 3899 458 3964 στεφάνων
492 3899 765 3967 φθονήσῃς
806 3898 901 3949 καὶ
932 3897 1031 3965 τῆς
1067 3898 1326 3966 προνοίας
1366 3899 1426 3951 τὸ
1482 3900 1569 3953 διὰ
1606 3904 1741 3953 πάν-

156 4006 277 4041 των
306 3988 645 4057 ἀγαθουργὸν
690 3989 793 4041 ’καὶ
848 3988 1132 4055 μεγαλεῖον
1187 3989 1486 4052 ἐκθειάζων
1543 3993 1740 4060 μᾶλλον

157 4076 523 4141 ὲπιγίνωσκε.
565 4076 661 4146 Είη
692 4077 747 4128 δὲ
777 4077 844 4128 τὰ
866 4077 1109 4145 ἡμέτερα
1162 4078 1310 4147 πάθη
1355 4081 1591 4149 Χριστοῦ
1643 4082 1737 4135 τοῦ

157 4166 305 4218 Θεοῦ
337 4166 493 4234 ἡμῶν
527 4168 653 4236 περὶ
700 4168 847 4236 ἡμᾶς
900 4167 1426 4237 σπλαγχνιζομένου,
1462 4172 1571 4225 τῶν
1598 4187 1734 4239 προ-

156 4258 477 4327 ειρημὲνων
506 4259 567 4310 τὸ
596 4259 783 4328 ἕτερον
811 4276 825 4290 ·
862 4259 997 4310 ἀλλὰ
1039 4259 1114 4330 μὴ
1138 4259 1443 4331 βαρυτέρας
1469 4264 1747 4334 τιμωρίας

157 4350 262 4402 καὶ
291 4351 683 4419 ἀπαρακλήτου
725 4351 1028 4420 προοίμιον.

1841 3182 2073 3235 taliones
2108 3189 2231 3234 tuas
2271 3178 2627 3247 occupando,
2662 3176 2732 3230 ab
2763 3176 2910 3229 illius
2947 3173 3310 3235 confusionis,
3360 3183 3413 3225 et

1839 3272 2124 3325 anomalia:
2141 3270 2488 3339 opinionibus
2510 3284 2673 3338 quam
2708 3268 2758 3320 in
2787 3266 3077 3335 praesentis
3103 3265 3223 3318 vita:
3250 3263 3413 3317 rebus

1839 3362 2025 3416 videre
2058 3362 2279 3422 videris.
2306 3371 2357 3415 te
2386 3360 2701 3428 expeditum
2726 3358 2951 3421 reddes;
2983 3370 3083 3410 nec
3108 3369 3230 3424 quae
3256 3352 3414 3407 nobis

1841 3456 2112 3509 obvenere
2141 3454 2498 3515 calamitates,
2542 3460 2638 3505 aut
2686 3449 3017 3505 continuata:
3061 3446 3411 3503 Ientationes,

1845 3556 2035 3599 contra
2065 3544 2482 3613 providentiam,
2502 3541 2671 3596 armis
2695 3550 2748 3595 te
2767 3542 3070 3594 instruant:
3097 3540 3212 3593 sive
3240 3538 3410 3595 enim,

1840 3634 1988 3704 quod
2040 3635 2197 3689 nobis
2251 3636 2305 3688 in
2356 3634 2496 3687 votis
2554 3641 2671 3695 est,
2727 3631 2796 3684 ab
2834 3630 2959 3684 inde
2990 3630 3173 3698 plures
3226 3628 3414 3683 sordes

1842 3727 2149 3786 abluatnus.
2186 3726 2287 3779 hoc
2310 3716 2472 3778 modo
2498 3736 2749 3778 summus
2794 3722 2991 3774 divinat
3039 3721 3317 3788 sapientiae
3362 3732 3415 3772 et

1843 3815 2232 3869 misericordia
2267 3813 2470 3882 gradus
2502 3828 2597 3883 per
2623 3810 3030 3865 Providentiam
3055 3810 3415 3865 collustratus

1841 3903 2149 3958 ostenditur
2179 3920 2198 3957 :
2232 3906 2366 3966 sive,
2395 3903 2543 3970 quod
2576 3908 2690 3955 tute
2727 3900 2971 3969 opinaris
2996 3939 3011 3964 ,
3049 3901 3233 3955 luctus
3287 3901 3415 3953 sub-

1842 3997 1984 4049 imus
2014 4004 2069 4049 et
2098 3998 2389 4049 certamina
2415 4011 2430 4059 ;
2458 3994 2567 4047 noli
2600 3993 2757 4048 nobis
2778 4007 3009 4046 coronas
3042 3992 3255 4046 futuras
3279 3991 3415 4044 invi-

1840 4085 1987 4152 dere,
2010 4086 2373 4140 Providentiae
2390 4094 2569 4140 autem
2590 4100 2684 4153 per
2703 4085 2886 4139 omnia
2912 4084 3265 4153 permeantis,
3288 4097 3415 4151 ope-

1842 4192 1899 4230 ra
1924 4178 2064 4241 bona
2087 4188 2141 4232 et
2165 4179 2394 4233 illustria
2418 4180 2592 4247 magis
2622 4176 2764 4245 apud
2785 4176 3031 4228 animum
3065 4189 3413 4243 recognosce.

1849 4265 2058 4321 Nostra:
2116 4276 2298 4321 autem
2343 4268 2658 4336 passiones,
2717 4279 2812 4334 per
2860 4264 3068 4318 viscera
3103 4264 3416 4318 misericor-

1853 4358 1956 4409 dia:
1994 4355 2197 4409 Christi
2238 4356 2328 4409 Dei
2354 4356 2529 4411 nostri
2573 4369 2699 4423 erga
2743 4366 2865 4417 nos,
2898 4356 2951 4407 in
2986 4356 3208 4409 alteram
3234 4368 3415 4408 rerum

158 4444 641 4512 praeallegatarum
673 4443 995 4505 concedant,
1032 4459 1137 4497 non
1182 4454 1362 4497 antem
1396 4448 1743 4513 protr-mium,
1784 4459 1880 4502 aut
1940 4450 2153 4503 initiutn
2186 4451 2316 4503 liant
2346 4449 2612 4521 gravioris
2642 4448 2955 4518 cujusdam,
2988 4456 3043 4502 et
3105 4447 3415 4502 inconsola-

156 4534 295 4589 bilis
334 4536 604 4605 supplicii.

698 4646 1032 4699 ΕΡΩΤΙΙΣΙΣ
1056 4647 1216 4699 P01”.

729 4783 864 4849 Περὶ
916 4783 1176 4850 Τριιὶδος.

1865 4640 2194 4710 ρυΑΞδτιο
2229 4639 2484 4696 CLXXIII
2519 4639 2703 4710 [CoisL
2738 4640 2887 4696 CCII.
2944 4642 3106 4695 Taur.
3152 4643 3410 4713 CXCIIII.

2439 4776 2509 4828 De
2537 4774 2812 4828 Trinitate.

1060 4941 1198 4991 Edita
1222 4958 1246 4990 a
1274 4942 1567 4992 Ilontacutio
1608 4945 1711 5007 (ep.
1733 4944 1793 4991 53
1817 4943 1876 4990 ad
1910 4943 2048 4991 Joan.
2076 4942 2321 4999 Chrysost.
2349 4953 2395 4999 p.
2422 4938 2527 4995 οι).

248 5091 319 5143 ΊῙ
371 5090 467 5158 τῆς
496 5088 726 5157 Τριάδος
766 5087 1023 5155 σύγχυσις
1047 5125 1062 5151 ,
1086 5086 1367 5155 ἀναίρεσιν
1397 5088 1506 5141 τῶν
1554 5104 1735 5159 προσ-

150 5183 337 5235 ὠπων
366 5181 507 5230 ποιεῖ
532 5193 545 5206 ·
578 5180 610 5247 ἡ
646 5177 700 5230 δὲ
726 5178 821 5245 τῆ;
856 5178 1044 5240 οὐσίας
1073 5178 1353 5246 διαίρεσις,
1387 5178 1739 5249 ἀλλοτρίωσιν

152 5273 259 5324 καὶ
319 5269 631 5335 κατατομὴν
700 5269 906 5319 ἐπινοεῖ
959 5267 1059 5335 τῆς
1101 5268 1403 5335 Θιότητος·
1432 5267 1601 5336 φεῦγε
1647 5270 1738 5320 τὸν

150 5360 303 5425 παρ’
361 5357 596 5427 ἑκάτερα
651 5357 751 5427 τῆς
801 5357 1084 5425 βασιλικῆς
1130 5355 1252 5409 ὀδοῦ
1317 5357 1581 5426 κρημνὸν,
1645 5359 1739 5410 καὶ

149 5451 314 5506 κατά
366 5450 490 5512 τοὺς
533 5448 1019 5519 ἐκκλησιαστικοὺς
1058 5450 1217 5517 ὄρους
1263 5465 1323 5501 τε
1352 5447 1449 5502 καὶ
1477 5448 1736 5518 θεσμοὺς,

1917 5086 2236 5140 Trinitatem
2269 5084 2907 5153 confttnderr,personas
2936 5094 3017 5137 est
3038 5086 3246 5147 tollere.
3277 5088 3409 5139 sub—

1846 5180 2059 5234 stanti-.e
2095 5177 2331 5235 divulsio
2355 5174 2578 5229 Deitatis
2603 5176 3005 5239 alienationem,
3037 5186 3092 5231 et
3110 5179 3410 5232 consectio-

1848 5285 1968 5323 nem
2000 5269 2295 5324 introducit
2316 5286 2329 5321 :
2350 5268 2706 5337 praecipitium
2746 5278 3037 5336 utrumque
3065 5268 3235 5339 fugito
3258 5278 3408 5323 extra

1848 5362 2049 5431 regiam
2080 5361 2221 5413 viam
2253 5360 2607 5415 constitutum
2637 5396 2652 5422 ,
2682 5367 2737 5412 et
2759 5358 2915 5425 juxta
2949 5360 3091 5429 leges
3112 5398 3128 5423 ,
3170 5362 3329 5421 scita,
3359 5371 3411 5413 (ιι

1846 5453 2328 5507 determinationes
2352 5449 2772 5514 ecclesiasticas,
2803 5448 3018 5504 unicam
3048 5450 3407 5506 substantiam

1467 5627 1698 5682 VARUS
1731 5626 2128 5684 LECTIONES.

239 5790 267 5829 ά
316 5791 381 5843 Η.
418 5792 861 5861 παρολισθὴησι.

946 5790 1057 5843 "BI.
1096 5792 1143 5843 τί
1182 5791 1319 5861 γάτη
1351 5792 1487 5856 ἐξόν.
1573 5792 1588 5829 ί
1628 5791 1691 5844 Μ.
1716 5790 1811 5844 ἔτι.
1894 5794 1915 5830 5
1948 5792 2015 5845 BI.
2053 5792 2349 5864 μεθσιὸλαν.
