4174 6450
768 404 873 466 875
1911 409 2174 469 ΡΗΟΤΙῘ
2213 404 2716 467 ΡΑΤΒῙΑΠΟΗΕ
2745 404 2853 464 CP.
3899 397 4010 459 876

764 522 819 567 et
858 511 1117 569 Deitatem
1152 514 1205 566 in
1242 513 1415 569 tribus
1450 512 1818 570 subsistentiis
1850 523 1904 568 et
1945 517 2194 583 personis
2238 529 2328 568 ve-

2442 512 2562 580 μίαν
2590 512 2780 565 οὐσίαν
2830 510 2926 564 καὶ
2963 508 3194 578 θεότητα
3247 509 3306 561 έν
3340 507 3667 561 ὑποστάσεσι
3700 505 3800 558 καὶ
3824 521 4007 572 προσ-

763 617 980 662 nerare,
1008 612 1061 656 et
1089 602 1240 667 cole;
1278 610 1333 657 et
1357 601 1722 657 Christianam
1755 603 1820 656 de
1851 602 1960 656 Deo
1994 603 2153 656 fidem
2175 642 2191 666 ,
2245 603 2327 655 vel

2442 601 2602 664 ώποις
2621 601 2771 670 τρισὶ
2790 600 3071 670 λατρεύων
3096 600 3192 652 καὶ
3221 597 3540 668 προσκυνῶν
3557 637 3573 660 ,
3599 595 3698 663 τὴν
3735 595 3849 647 τῶν
3871 596 4010 662 Χρι-

765 692 1089 763 theologiam
1115 693 1264 747 hisce
1287 693 1740 762 comprehensam
1779 693 2089 762 praedicata.

2442 691 2667 745 στιανῶν
2697 691 2977 759 θεολογίαν
3001 689 3214 751 τούτοις
3270 683 3843 755 συγκεφαλαιούμενος
3873 685 4011 736 ἀνα-

763 863 1086 930 Ουλεετιο
1111 864 1366 919 CLxxtv
1414 865 1602 938 [CoisL
1660 865 1835 932 ccut,
1871 866 2036 920 τηαν.
2073 863 2324 935 CXLIV].
2435 779 2693 849 mpm"

815 955 1514 1027 Quomodo_irttelligendum
1551 958 1619 1010 sit
1642 958 1780 1027 quod
1811 960 1874 1010 de
1903 957 2000 1010 Job
2027 959 2228 1009 dicitur
2256 972 2273 1009 :

2442 957 2563 1024 Πῶς
2598 957 2694 1010 δεῖ
2711 957 2875 1011 νοεῖν
2899 957 2968 1027 τὸ
2995 956 3127 1027 περὶ
3151 957 3258 1027 τὸν
3297 955 3428 1027 ’ζῴη
3453 953 3792 1027 ειρημένσνο
3829 954 4013 1003 «Kar-

1040 1044 1057 1076 t
1083 1019 1410 1080 Pereat'diet
1453 1028 1509 1080 t'n
1545 1019 1836 1095 qua'natus
1853 1027 2009 1079 sum?
2057 1046 2074 1076 ι

2538 1019 2553 1024 ⁷
2633 1027 2877 1094 αραθείη
2911 1026 2950 1093 τι
2982 1019 3170 1093 Mm
3203 1025 3272 1076 έν
3301 1019 3340 1094 ἦ
3365 1019 3734 1093 amour.-
3770 1040 3791 1072 ι

1433 1136 1576 1187 Edita
1595 1151 1623 1186 a
1647 1136 1771 1186 Maio
1817 1139 1966 1198 (Nov.
2003 1133 2125 1186 Coll.
2151 1142 2186 1185 t.
2218 1136 2299 1194 lx,
2324 1135 2434 1196 105,
2457 1136 2588 1197 106).
2614 1163 2676 1173 -
2701 1138 2969 1200 Exegetlca
2994 1138 3056 1186 In
3085 1134 3178 1184 Job
3200 1146 3268 1194 ιιι,
3286 1134 3335 1182 3.

835 1235 941 1290 Job
977 1235 1250 1292 maledicit
1275 1236 1382 1291 diei
1413 1237 1712 1291 nativitatis
1735 1252 1867 1300 suae,
1898 1245 1958 1290 ut
1979 1237 2120 1291 inter
2145 1238 2334 1305 plures

2497 1239 2826 1308 Καταρᾶται
2849 1240 2950 1308 τὴν
2971 1238 3183 1308 ἡμέραν
3216 1236 3314 1306 τῆς
3337 1237 3604 1302 γενέσεως
3635 1229 3804 1285 αὐτοῦ
3833 1233 3862 1283 ὁ
3895 1231 4012 1282 ’κιὸ

767 1343 963 1383 causas
995 1328 1213 1396 eligam,
1271 1329 1399 1396 quia
1438 1338 1619 1384 mente
1644 1328 1872 1381 multum
1905 1327 2230 1395 agitabatur,
2264 1343 2333 1381 ne

2442 1327 2498 1381 τά
2521 1345 2582 1381 τε
2612 1328 2748 1382 ἀλλα
2768 1329 2862 1382 καὶ
2886 1329 2948 1380 ού
2972 1325 3227 1380 τοσοῦτον
3241 1326 3324 1378 ὃτι
3346 1326 3459 1387 τοῖς
3478 1324 3761 1392 λογισμοῖς
3783 1322 4018 1390 ὲκυμαί-

769 1419 909 1474 forte
965 1418 1018 1471 in
1066 1427 1273 1470 tantam
1305 1417 1522 1486 culpam
1571 1416 1872 1475 incidisset.
1912 1424 1970 1469 ut
2005 1424 2209 1469 tantam
2240 1413 2333 1470 Dei

2442 1434 2574 1470 οετο·
2635 1418 2716 1488 μή
2758 1419 2878 1471 ποτ’
2923 1415 3032 1487 ἀρα
3069 1417 3156 1484 εῖη
3203 1415 3295 1466 ἐπὶ
3340 1412 3596 1466 τοσοῦτον
3626 1411 4018 1480 πλημμελείας

771 1510 905 1562 iram
937 1515 1128 1563 contra
1159 1507 1309 1560 illum
1349 1508 1659 1569 excitasset,
1717 1506 1770 1560 id
1807 1516 1888 1561 est
1918 1523 1933 1560 :
1969 1506 2023 1560 in
2063 1515 2276 1560 tantum
2301 1520 2330 1556 a

2442 1508 2712 1578 ἐληλακὼς
2739 1507 2814 1572 ὠς
2838 1506 3108 1578 τοσαύτην
3135 1505 3304 1576 ὀργὴν
3325 1504 3466 1557 Θεοῦ
3504 1504 3726 1573 κινῆσαι
3750 1503 3879 1556 κατ’
3924 1502 4018 1554 αύ-

2931 866 3264 920 ΕΡΩΤΗΣΙΣ
3300 863 3462 918 ΡΟΔ’.

775 1597 1075 1653 Dominicis
1101 1598 1374 1652 mandatis
1401 1597 1624 1661 recessi,
1661 1605 1720 1650 ut
1747 1597 1880 1651 mihi
1921 1596 2085 1650 lateat
2121 1597 2335 1666 magni-

2442 1601 2533 1654 τοῦ
2555 1616 2568 1629 ·
2592 1599 2895 1662 τουτέστιν,
2919 1599 3014 1660 Ei;
3035 1597 3288 1650 τοσοῦτον
3315 1593 3580 1659 ὲξώκειλα
3607 1591 3718 1643 τῶν
3748 1593 4018 1642 Δεσποτι-

769 1690 900 1743 tudo
931 1690 1096 1755 mali;
1142 1690 1194 1744 in
1252 1698 1464 1743 tantum
1523 1696 1706 1743 autem
1762 1688 2228 1758 longanimitatem
2273 1697 2328 1742 et

2442 1691 2553 1744 κῶν
2587 1687 2817 1743 ἐντολῶν
2856 1687 2996 1742 ὥστε
3043 1688 3226 1741 λαθεῖν
3275 1687 3375 1757 μὲν
3426 1683 3527 1754 ἐμὲ
3554 1683 3616 1736 τὸ
3655 1681 3893 1752 μέγεθος
3924 1680 4020 1733 τοῦ

773 1779 1227 1849 philanthropiam
1258 1780 1350 1834 Dei
1389 1780 1701 1850 provocavi,
1734 1788 1793 1833 ut
1813 1788 1974 1835 tanta:
2006 1781 2102 1835 irae
2127 1781 2326 1850 subjici

2442 1779 2634 1845 κακοῦ,
2697 1781 2779 1843 είς
2823 1779 3083 1832 τοσοῦτον
3135 1777 3194 1830 δὲ
3224 1773 3523 1846 παροξῦναι
3555 1774 3616 1826 τδ
3659 1771 4022 1843 μακρόθυμον

768 1871 1020 1938 dignatus
1067 1871 1258 1926 fuerim
1291 1911 1306 1936 ,
1367 1880 1422 1925 et
1466 1870 1557 1926 tali
1601 1884 1774 1941 paena
1807 1871 2075 1926 submitti.
2109 1870 2335 1926 Maledi-

2442 1874 2532 1925 καὶ
2552 1871 2936 1943 φιλάνθρωπον
2956 1868 3050 1922 τοῦ
3077 1867 3237 1932 Θεοῦ,
3259 1867 3400 1921 ὥστε
3425 1865 3520 1920 καὶ
3548 1864 3826 1934 τοσαύτης
3854 1862 4025 1933 ὀργῆς

767 1961 910 2016 citur
943 1961 1060 2017 dies
1105 1962 1230 2026 ista,
1291 1963 1365 2016 ita
1405 1973 1584 2016 tamen
1636 1970 1696 2016 ut
1749 1961 1854 2016 ista
1881 1961 2190 2016 maledictio
2221 1977 2329 2016 nou

2442 1963 2620 2033 ίνοχον
2639 1962 2738 2033 ἐμὲ
2768 1961 3025 2033 κριθῆναι
3065 1960 3162 2012 καὶ
3198 1957 3531 2028 τηλικαύτας
3555 1955 3917 2011 ἀπαιτεῖσθαι
3951 1954 4013 2006 δί·

765 2061 909 2107 esset
946 2052 1249 2123 indignatio
1293 2060 1480 2107 contra
1524 2052 1614 2105 illa
1677 2067 1798 2120 quae
1842 2067 2033 2120 passus
2063 2063 2204 2116 erat,
2235 2052 2330 2108 sed

766 2143 948 2211 potius
1007 2143 1426 2198 lamentationes
1494 2150 1550 2196 et
1611 2140 2017 2197 obsecrationes
2083 2157 2184 2211 pro
2248 2143 2334 2198 his

763 2235 964 2303 quibus
1020 2233 1186 2288 Deum
1236 2233 1536 2287 ollenderat
1609 2232 1766 2298 Quod
1814 2242 1867 2286 et
1905 2231 2050 2286 clare
2095 2233 2333 2302 explicat

766 2324 1054 2390 Domitius,
1076 2341 1201 2382 cum
1252 2325 1318 2380 ad
1367 2326 1516 2378 illum
1547 2325 1678 2379 dicit
1717 2343 1731 2380 :
1765 2343 1783 2376 ι
1806 2323 1973 2382 Putas
2001 2341 2089 2380 me
2121 2342 2226 2380 non
2256 2327 2330 2381 ita

766 2429 943 2471 tecum
991 2417 1168 2487 egisse
1230 2426 1292 2471 ut
1336 2415 1518 2484 justus
1573 2415 1892 2481 videreris,»
1937 2426 2189 2470 econtra
2220 2431 2330 2470 non

765 2517 891 2560 sunt
949 2507 1041 2561 tibi
1107 2516 1456 2576 peccatorum
1518 2507 1773 2576 repetitio
1833 2509 2115 2576 passiones
2193 2523 2334 2576 quas

766 2597 1007 2655 habuisti
1051 2598 1397 2663 subeundas,
1451 2598 1545 2653 sed
1590 2598 1906 2653 exercitium
1948 2599 2167 2670 quidem
2219 2597 2332 2652 vir-

768 2687 923 2750 tutis,
945 2686 1296 2756 praemiorum
1327 2697 1380 2742 et
1413 2686 1788 2755 pulchriorum
1815 2702 2142 2743 coronarum
2166 2704 2330 2756 quam

767 2792 866 2846 pro
896 2779 1177 2835 doloribus
1203 2791 1254 2835 et
1295 2782 1466 2853 plagis
1483 2785 1984 2852 compensationem
2004 2799 2331 2855 procurans.

768 2867 954 2938 Itaque
982 2885 1087 2924 non
1108 2871 1185 2924 ira
1209 2871 1497 2942 impulsus,
1522 2883 1574 2927 te
1599 2873 1763 2928 tantis
1780 2874 2062 2931 laboribus
2076 2875 2332 2944 probavi;

767 2959 859 3011 sed
893 2959 1073 3027 potius
1116 2970 1175 3012 ut
1220 2971 1310 3013 tua
1349 2961 1524 3014 virtus
1571 2961 1861 3030 fulgentior
1911 2970 2234 3032 appareret,
2281 2973 2336 3018 et

767 3054 960 3097 contra
1019 3060 1368 3100 communem
1427 3060 1628 3102 nostrae
1676 3060 1886 3104 naturae
1931 3051 2139 3106 hostem
2179 3051 2337 3107 fortis

2433 2070 2557 2115 κας.
2579 2049 3027 2120 Ἐπικατάρατος
3063 2049 3098 2117 ἡ
3127 2047 3311 2117 ἡμέρα
3337 2047 3522 2115 εκείνη
3548 2044 3690 2098 ῶστε
3721 2045 3830 2098 οὐκ
3862 2045 4023 2111 ἀγανι

2433 2144 2717 2213 ακτὴσεως
2774 2137 2845 2212 ἦν
2867 2139 3010 2210 ὑπὲρ
3029 2133 3105 2194 ὧν
3132 2137 3370 2205 ἔπασχεν
3395 2137 3429 2206 ἡ
3470 2137 3599 2208 ἀρὰ,
3628 2134 3769 2189 ἀλλά
3809 2133 4030 2204 θρήνων

2432 2234 2528 2288 καὶ
2553 2231 2941 2300 ὲλεεινολογίας
2969 2229 3112 2299 ὑπερ
3142 2222 3219 2281 ὧν
3246 2226 3422 2280 έδὸκει
3459 2226 3704 2296 λυπῆσαι
3725 2224 3826 2278 τδν
3853 2223 3990 2278 Θεόν
4009 2243 4026 2257 ·

2431 2324 2527 2377 καὶ
2553 2325 2712 2376 τοῦτο
2742 2321 3040 2391 παρίστησι
3066 2317 3254 2387 σαφῶς
3291 2319 3328 2388 ἡ
3361 2317 3667 2387 Δεσποτικὴ
3699 2316 3860 2385 φωνὴ
3891 2315 4027 2384 πρὸς

2432 2415 2594 2467 αὑτὸν
2618 2415 2677 2466 ὲν
2701 2407 2783 2476 οἷς
2801 2426 2988 2482 φησιν’
3027 2411 3175 2464 ιοῖει
3205 2426 3273 2478 με
3301 2408 3477 2472 ἄλλως
3505 2425 3585 2462 σοι
3611 2407 4025 2477 κεχρηματικέ-

2436 2520 2524 2555 ναι
2562 2505 2596 2572 ἡ
2627 2504 2718 2556 ἵνα
2745 2502 3028 2571 ἀναφανῇς
3054 2498 3258 2560 δίκαιος
3285 2514 3334 2563 ς»
3360 2498 3481 2550 ἀντὶ
3504 2495 3620 2558 τοῦ,
3648 2495 3766 2548 Οὐκ
3790 2495 3912 2548 ἐστι
3948 2511 4026 2546 σοι

2435 2593 2545 2647 τῶν
2570 2592 2977 2662 ἡμαρτημένων
2995 2589 3295 2658 ἀπαίτησις
3321 2586 3390 2640 τά
3425 2586 3572 2656 πάθη
3602 2587 3660 2639 έν
3679 2579 3759 2648 ,οἷς
3777 2583 4024 2638 έναθλεῑν

2435 2682 2876 2754 παρεχωρήθης’
2933 2680 3072 2749 sm
3131 2677 3410 2749 γυμνασία
3467 2677 3565 2746 μὲν
3604 2676 3704 2746 τῆς
3764 2675 3975 2747 ἀρετῆς
4006 2692 4022 2707 °

2435 2775 2686 2829 ἐπάθλων
2705 2773 2764 2828 δὲ
2792 2772 2890 2827 καὶ
2921 2768 3184 2843 μειζόνων
3212 2769 3492 2838 στεφάνων
3529 2769 3565 2838 ἡ
3599 2769 3740 2822 κατά
3763 2769 3871 2829 τάς
3907 2766 4026 2820 ἀδύ-

2438 2885 2536 2930 νας
2591 2868 2686 2922 καὶ
2731 2865 2946 2937 πληγὰς
2978 2863 3347 2935 προξενοῦντα
3376 2862 3475 2932 τὴν
3518 2860 3775 2930 ἀμοισὴν.
3810 2859 4025 2914 Οὐκοῦν

2436 2961 2535 3014 οὐκ
2556 2959 2724 3031 ὀργὴν
2753 2959 2959 3031 ἔκχέων
2988 2957 3299 3028 ὑπαχθῆναι
3329 2973 3390 3009 σε
3412 2956 3767 3026 συνεχώρησα
3785 2959 3911 3016 ταῖς
3939 2971 4024 3007 το-

2443 3047 2664 3111 σαύταις
2691 3049 2926 3113 ποιναῖς,
2961 3046 3078 3099 ἀλλ’
3114 3047 3203 3099 ἵνα
3243 3045 3443 3116 μᾶλλον
3470 3047 3505 3116 ἡ
3541 3045 3608 3115 σὴ
3634 3045 4026 3114 λαμπρότερον

766 3145 820 3188 ct
850 3136 1109 3205 trophaeis
1139 3151 1378 3193 onustus
1397 3140 1654 3196 omnibus
1683 3141 1966 3196 videreris.
2010 3143 2122 3197 Dici
2151 3154 2332 3199 autem

2442 3141 2686 3210 ἀναφανῇ
2744 3139 2943 3209 ἀρετὴ,
2990 3139 3086 3192 καὶ
3127 3137 3271 3191 κατά
3309 3137 3405 3191 τοῦ
3442 3135 3620 3190 κοινοῦ
3666 3136 3769 3204 τῆς
3807 3135 4026 3206 φύαεως

770 3223 1068 3280 nativitatis
1099 3229 1374 3283 maledicit
1401 3240 1454 3284 et
1486 3230 1588 3285 hoc
1616 3247 1722 3285 non
1760 3233 2030 3299 absolute,
2074 3234 2168 3290 sed
2209 3235 2336 3305 quia

2442 3205 2599 3301 ἡμῶν
2892 3205 3197 3300 ἀριστεύων
3240 3227 3336 3282 καὶ
3373 3227 3792 3298 τροπαιοφορῶν
3826 3205 4026 3280 νπᾶσιν

771 3316 823 3369 in
858 3317 952 3371 illa
976 3318 1063 3372 die
1101 3320 1398 3388 splendidis
1415 3323 1675 3377 conviviis
1701 3324 1822 3378 illos
1860 3327 1950 3394 qui
1981 3329 2062 3380 vel
2097 3329 2338 3383 amicitia

774 3405 855 3459 vel
898 3408 1163 3477 sanguine
1205 3409 1278 3462 illi
1329 3411 1818 3480 conjungebantur.
1886 3413 2002 3470 Mos
2056 3425 2142 3471 est
2192 3418 2338 3471 enim

771 3498 1051 3567 splendide
1079 3500 1323 3556 viventes
1355 3517 1475 3558 sese
1512 3504 1945 3572 spectaculorum
1987 3517 2042 3562 et
2076 3519 2338 3565 cantuum

772 3591 1078 3660 aliquorum
1103 3593 1442 3661 iucunditate
1477 3603 1530 3648 et
1556 3593 1772 3650 deliciis
1791 3596 2086 3662 delectare.
2106 3617 2203 3670 per
2219 3620 2342 3672 quae

771 3692 826 3736 et
864 3682 1017 3738 visus
1061 3691 1118 3736 et
1174 3684 1392 3738 auditus
1460 3677 1820 3741 fasciuantur'.
1898 3687 2137 3759 Regibus
2193 3696 2338 3748 enim

771 3772 1132 3838 conantibus,
1185 3773 1516 3830 conveniens
1547 3784 1665 3830 erat
1706 3778 1834 3832 talia
1886 3778 1938 3832 in
1971 3782 2224 3837 convivio
2258 3785 2340 3838 in-

771 3863 920 3917 duci.
949 3863 1238 3933 Propterea
1271 3879 1401 3919 sane
1426 3875 1603 3921 mente
1631 3868 1951 3924 turbabatur
1989 3887 2055 3926 ne
2099 3873 2202 3928 ista
2231 3873 2346 3930 Deo

775 3951 1013 4007 fuissent
1059 3954 1269 4018 odiosa,
1294 3964 1346 4009 et
1369 3955 1504 4009 iram
1533 3956 1682 4013 illius
1702 3969 1889 4014 contra
1909 3975 1968 4015 se
1985 3962 2339 4020 excitassent.

773 4039 960 4112 Itaque
989 4044 1262 4098 maledicit
1293 4045 1592 4102 nativitatis
1629 4047 1757 4111 diei,
1792 4050 1844 4104 id
1889 4061 1993 4116 est,
2031 4053 2086 4106 in
2116 4069 2238 4123 qua:
2289 4066 2346 4109 et

772 4133 914 4187 vires
940 4141 995 4187 et
1026 4133 1286 4202 vigorem,
1327 4143 1382 4190 et
1410 4135 1593 4190 anima
1631 4135 1975 4193 reflexionem
2025 4140 2080 4195 in
2131 4143 2343 4197 deliciis

773 4222 993 4278 allluere
1037 4223 1283 4288 sinebat,
1343 4234 1398 4280 et
1455 4227 1611 4282 vanis
1675 4229 2045 4298 voluptatibus
2101 4233 2340 4288 deliniri.

774 4310 924 4374 Quod
964 4319 1148 4366 autem
1169 4311 1330 4366 istam
1358 4314 1795 4371 maledictionem
1840 4321 2083 4374 exterius
2112 4321 2338 4390 profert,

771 4416 839 4454 ne
871 4402 1126 4458 omnibus
1159 4402 1496 4461 insensibilis
1516 4415 1622 4461 tam
1659 4408 1953 4464 terribilem
1978 4412 2342 4468 calamitatem

2441 3322 2774 3392 έπιδειχθῇς·
2805 3321 3113 3392 καταρᾶται
3140 3319 3197 3372 δὲ
3226 3320 3323 3389 τῆς
3353 3320 3622 3388 γενέσεως
3650 3318 3749 3388 τὴν
3780 3319 4021 3388 ἡμέραν·

2441 3415 2562 3468 οὐδὲ
2583 3414 2739 3468 τοῦτο
2769 3413 2976 3476 ἀπλῶς,
3001 3412 3135 3466 ἀλλά
3150 3411 3336 3481 ἐπειδὴ
3358 3413 3502 3466 κατά
3524 3410 3730 3480 ταύτην
3753 3411 3858 3480 τὴν
3887 3411 4025 3478 ἡμέ-

2446 3523 2552 3576 ραν
2583 3505 2867 3576 λαμπραῖς
2895 3504 3200 3557 ἑστιάσεσιν
3230 3504 3632 3574 έφιλοφρονεῖτο
3650 3504 3780 3565 τοὺς
3810 3501 4024 3572 ᾠκειω-

2448 3597 2640 3667 μένους
2667 3597 2745 3659 είς
2773 3594 2954 3664 φιλίαν
2971 3595 3120 3664 αὐτῷ
3149 3596 3244 3648 καὶ
3279 3595 3455 3656 άλλως
3487 3595 3813 3663 προσγενεῖς
3838 3608 3855 3623 ·
3880 3594 4027 3654 εἰκὸς

2443 3686 2500 3740 δὲ
2519 3684 2839 3756 τρυφῶντας
2865 3686 2960 3738 καὶ
2983 3687 3096 3747 τοῖς
3127 3683 3215 3737 διὰ
3242 3683 3533 3752 θεαμάτων
3558 3681 3718 3735 τινῶν
3745 3683 4026 3750 ἀκουσμά-

2443 3793 2552 3830 των
2585 3775 2810 3845 τέρψεσι
2840 3777 2934 3829 καὶ
2957 3775 3170 3843 ἡδοναῖς
3199 3774 3546 3844 ψυχαγωγεῖν
3574 3772 3826 3835 ἑαυτοὺς,
3854 3772 3926 3826 δι’
3951 3766 4026 3825 ὧν

2443 3866 2704 3936 τέρπεται
2731 3865 2830 3934 μὲν
2855 3863 3014 3934 ἀκοὴ,
3051 3862 3310 3933 τέρπεται
3331 3862 3388 3915 δὲ
3417 3861 3539 3931 ὄψις
3569 3879 3584 3892 ·
3624 3861 3896 3931 βασιλέοιν
3919 3863 4024 3932 γὰρ

2447 3954 2889 4025 συνεστιωμένων
2907 3995 2922 4020 ,
2953 3953 3100 4016 είκδς
3125 3948 3195 4024 ἦν
3225 3953 3319 4006 καὶ
3354 3953 3423 4006 τά
3447 3950 3674 4006 τοιαῦτα
3701 3953 4025 4021 συνεισάγε-

2447 4045 2571 4100 σθαι
2603 4049 2669 4117 τῇ
2704 4045 2994 4116 πανδαισία
3015 4062 3029 4075 ·
3071 4045 3159 4099 διὰ
3181 4045 3340 4098 τοῦτο
3372 4045 3482 4116 ἀρα
3507 4044 3761 4115 λογισμοὶ⁵
3796 4048 4026 4099 συνετά-

2450 4153 2642 4209 ραττον
2679 4136 2863 4201 αὑτὸν,
2916 4137 3129 4206 μήποτε
3160 4135 3335 4189 ταῦτα
3382 4136 3588 4207 μισητά
3627 4127 3901 4204 γεγονότα
3951 4136 4028 4205 τῷ

2445 4227 2564 4298 Θεῷ
2589 4227 2689 4297 τὴν
2717 4227 2890 4298 ἀργὴν
2933 4228 3192 4298 ἐκίνησαν
3228 4229 3349 4281 κατ’
3380 4226 3546 4281 αὑτοῦ
3571 4243 3586 4258 °
3615 4226 3706 4281 διά
3735 4226 3902 4281 τοῦτο
3928 4229 4027 4296 τῆς

2445 4319 2710 4387 γενέσεως
2744 4319 2844 4388 τὴν
2870 4317 3089 4388 ἡμέραν
3123 4320 3413 4388 ἐπαρᾶται,
3465 4318 3746 4371 τουτέστιν
3775 4320 3836 4370 έν
3937 4319 4027 4371 τὶν

2444 4408 2596 4461 τόνον
2623 4409 2722 4477 τῆς
2758 4406 2934 4477 ψυχῆς
2969 4408 3064 4460 καὶ
3108 4407 3169 4460 τὸ
3215 4408 3689 4478 συνεστραμμένον
3723 4409 3825 4461 καὶ
3871 4406 4026 4462 νεῦον

772 4493 998 4550 sufferre
1029 4494 1295 4563 videatur,
1317 4512 1425 4552 non
1443 4508 1528 4554 est
1557 4498 1854 4555 absurdum
1880 4502 2144 4572 cqgilare.
2177 4504 2340 4560 Male-

2449 4504 2586 4574 πρδς
2641 4501 2804 4555 ἑαυτὸ
2854 4503 2934 4564 εἰς
2981 4498 3191 4570 τρυφὴν
3244 4499 3413 4552 ἐδίδου
3461 4500 3723 4570 διαρρεῖν,
3764 4503 4025 4570 καὶπρὸς

769 4585 1062 4641 dictionem
1090 4588 1236 4642 enim
1270 4588 1479 4657 profert
1512 4604 1622 4645 non
1651 4598 1840 4646 contra
1871 4592 2073 4663 aliquid
2098 4610 2225 4650 vere
2245 4614 2343 4652 ex-

771 4677 996 4738 sistens.
1047 4679 1138 4733 sed
1172 4681 1317 4750 quod
1353 4691 1512 4736 antea
1551 4682 1753 4737 factum
1783 4683 1896 4752 jam
1946 4702 2052 4740 non
2103 4689 2343 4753 exsistit,

771 4777 1022 4836 essetque
1079 4769 1217 4823 forte
1249 4771 1558 4826 maledictio
1593 4775 1697 4829 ista
1745 4777 2175 4845 magnitudinem
2230 4795 2346 4849 pas-

771 4859 945 4914 sionis
983 4870 1040 4914 et
1105 4861 1354 4917 dolorum
1418 4865 1782 4920 sensationem
1851 4866 2237 4934 manifestans,
2292 4878 2346 4924 et

770 4950 1183 5006 maledicentem
1251 4953 1452 5009 nullius
1511 4956 1684 5024 culpae
1721 4971 1874 5011 reum
1937 4960 2341 5014 demonstrans.

769 5040 975 5096 Contra
1005 5042 1150 5097 enim
1186 5043 1425 5099 nihilum
1472 5055 1589 5101 erat
1635 5046 1712 5102 illi
1759 5047 2078 5118 indignatio.
2141 5049 2344 5120 Siquis

775 5142 954 5187 autem
1012 5134 1211 5190 dixerit
1271 5151 1396 5191 eum
1448 5138 1717 5194 Dominici
1781 5140 1981 5194 decreti
2043 5157 2343 5197 memorem

775 5225 908 5280 illud
961 5225 1206 5289 dixisse.
1287 5227 1429 5298 piam
1481 5231 1808 5284 sententiam
1871 5233 2158 5301 amplexus
2215 5235 2340 5288 erit.

769 5316 1067 5385 (Zujusuatn
1109 5334 1242 5373 vero
1285 5319 1528 5375 decreti?
1594 5321 1746 5376 illius
1791 5337 1902 5392 quo
1943 5333 2132 5378 contra
2175 5323 2342 5379 Evam

771 5409 1158 5479 promulgavit,
1210 5427 1334 5466 cum
1376 5412 1464 5467 illa
1514 5413 1785 5470 Adamum
1817 5415 2134 5484 participem
2172 5417 2346 5486 culpze

773 5501 1024 5556 reddidit.
1082 5500 1235 5557 'l‘unc
1271 5504 1416 5558 enim
1465 5505 1618 5572 dicit,
1685 5506 1964 5562 doloribus
1994 5516 2046 5562 et
2084 5508 2346 5562 arumnis

774 5593 1055 5645 hominum
1087 5604 1304 5663 partum
1341 5603 1397 5650 et
1431 5604 1660 5651 mortem
1692 5597 2009 5667 subjiciens,
2040 5615 2105 5655 ex
2141 5599 2344 5670 quibus

776 5681 1090 5735 uceurrebat
1138 5697 1262 5753 spes
1294 5683 1498 5753 gaudii,
1547 5685 1685 5742 tristi
1720 5687 1953 5743 domans
2002 5689 2340 5745 morositate.

779 5768 856 5823 Ad
881 5769 1044 5826 istum
1083 5788 1212 5842 ergo
1239 5773 1479 5830 dolorem
1512 5774 1613 5831 Job
1650 5787 1884 5833 mentem
1927 5781 2196 5844 attollens,
2233 5795 2340 5836 non

2447 4596 2546 4659 τὰς
2576 4595 2927 4657 ἐπιπολαίους
2949 4594 3149 4658 ταύτας
3175 4594 3494 4664 ὑπομειδιᾷν
3513 4594 3702 4664 ἡδονάς
3727 4611 3740 4625 ’
3771 4583 3823 4648 εί
3847 4596 3903 4648 δὲ
3935 4599 4025 4648 καὶ

2448 4686 2546 4755 τὴν
2584 4685 2723 4752 ἀράν
2744 4684 2834 4737 διὰ
2877 4684 3100 4753 χειλέων
3133 4684 3394 4754 προῆγεν,
3429 4685 3516 4738 ἴνα
3558 4685 3632 4756 μὴ
3661 4687 3776 4749 τοῖς
3812 4688 4026 4747 πολλοῖς

2448 4777 2786 4846 ἀναισθήτως
2821 4775 2948 4847 δόξῃ
2993 4775 3093 4845 τὴν
3131 4775 3368 4846 φοϐερὰν
3407 4775 3621 4847 ικείνην
3655 4779 3849 4847 φέρειν
3886 4797 4023 4847 auu-

2449 4867 2624 4937 φοράν
2645 4906 2659 4930 ,
2688 4866 2841 4919 οὐδέν
2882 4867 3031 4918 ιστιν
3054 4867 3253 4918 ἐννοεῖν
3283 4866 3510 4930 ἀπεικός
3532 4884 3549 4899 ·
3599 4868 3755 4938 φέρει
3790 4870 3899 4940 γάρ
3928 4872 4024 4938 τὴν

2445 4959 2585 5029 ἀρὰν
2613 4958 2674 5012 οὐ
2713 4957 2854 5011 κατά
2886 4974 3033 5021 τινος
3073 4957 3440 5028 ύφεστηκότος
3489 4959 3840 5030 πράγματος,
3886 4963 4024 5014 ἀλλά

2450 5049 2591 5119 μετὰ
2621 5049 2685 5102 τὸ
2721 5048 2978 5117 γενέσθαι
3013 5048 3275 5120 μηδαμῶς
3304 5049 3614 5118 ὑφεστῶτος
3648 5067 3662 5080 ·
3689 5053 3787 5105 καὶ
3826 5052 3914 5121 είη
3958 5053 4022 5106 ἂν

2447 5143 2481 5212 ἡ
2512 5142 2621 5212 ἀρά
2655 5141 2829 5194 καὶτὸ
2857 5139 3084 5210 μέγεθος
3113 5139 3208 5192 τοῦ
3231 5140 3436 5204 πάθους
3474 5142 3570 5194 καὶ
3595 5141 3695 5212 τὴν
3727 5145 4021 5213 συναίσθη-

2448 5249 2533 5286 σιν
2598 5233 2708 5286 τῶν
2751 5231 3017 5299 ἀλγεινῶν
3067 5232 3320 5300 έπίδηλον
3370 5233 3669 5303 ποιουμένη
3687 5247 3701 5261 ·
3767 5237 3867 5288 καὶ
3934 5238 4020 5289 τὶν

2446 5320 2804 5394 ἐπαρώμενον
2843 5321 3110 5392 μηδεμιᾶς
3136 5321 3321 5390 ένοχον
3359 5322 3742 5392 πλημμελείας
3782 5324 4021 5393 ἀποφαίο

2443 5431 2638 5468 νουσαο
2669 5413 2810 5468 κατά
2840 5412 2950 5484 γάρ
2973 5412 3082 5466 τῶν
3106 5413 3470 5483 ἀνυπάρκτων
3501 5408 3569 5484 ἡν
3600 5413 3749 5484 αύτῷ
3776 5417 3811 5485 ἡ
3848 5417 4019 5484 ἀγανο

2446 5507 2675 5575 ἀκτησις
2700 5520 2714 5533 ο
2756 5505 2804 5557 εί
2835 5503 2892 5556 δέ
2917 5521 3001 5568 τις
3025 5504 3189 5558 αὐτὸν
3220 5505 3413 5575 φήσειε
3433 5503 3645 5573 καὶτῆς
3679 5505 4020 5568 Δεσποτικῆς

2446 5598 2776 5666 ἀποφάσεως
2823 5596 3238 5668 ἀναμνησθέντα
3307 5597 3464 5652 τοῦτο
3524 5599 3722 5665 εἰπεῖν,
3793 5601 3898 5653 οὐκ
3956 5602 4018 5652 ἂν

2448 5689 2636 5759 πόρῤω
2673 5687 2952 5757 θεοφιλοῦς
3000 5686 3224 5758 γνώμης
3269 5687 3512 5758 ἐνεχθείη
3545 5703 3560 5718 ·
3603 5687 3763 5752 ποίας
3804 5689 4006 5755 ἀποφα-

2449 5795 2620 5841 σεως;
2661 5778 2727 5848 ἢν
2758 5778 2935 5848 ἀφῆκε
2981 5777 3122 5842 κατὰ
3152 5779 3249 5849 τῆς
3306 5776 3470 5843 Εὔας,
3526 5778 3692 5848 ἡνίκα
3759 5781 4010 5833 κοινωνὸν
