4174 6450
171 438 275 500 8T!
908 438 1005 497 AD
1044 433 1637 497 AMPHILOCHIUM
1688 430 2034 505 QUIESTIO
2065 430 2673 496 CLXXIV-CLXXVI.
3321 437 3431 500 878

172 546 358 618 ἐκείνη
396 546 494 616 τῆς
527 546 741 620 ἀπάτης
785 547 1078 617 ἐποιήσατο
1125 544 1217 598 τὸν
1254 544 1427 615 ’Δδάμ
1453 559 1469 576 ο
1513 544 1607 598 καὶ
1638 543 1745 613 γάρ

1870 552 2061 597 autum
2091 542 2366 597 decretum
2412 544 2667 609 miratur,
2689 543 2783 600 sed
2818 553 2871 600 et
2898 543 3186 599 Dominum
3219 546 3429 602 laudat.

173 638 481 709 τηνικαῦτά
520 656 685 711 φησιν
726 641 785 693 ἐν
819 638 1018 703 λύπαις
1047 637 1140 692 καὶ
1168 636 1385 701 ὀδύναις
1420 636 1512 690 τὸν
1541 636 1755 707 ἀνθρώ-

1867 634 2047 688 dicens
2073 650 2087 687 :
2122 632 2403 689 Maledicta
2426 634 2544 692 dies
2573 636 2628 691 in
2648 651 2776 706 qua,
2808 646 3056 692 materno
3086 638 3209 691 sinu
3240 646 3427 706 rupto,

175 747 335 791 πίνον
360 729 742 798 ὑποζευγνύων
777 730 934 785 τόκον
959 728 1055 783 καὶ
1073 729 1175 800 τὴν
1198 728 1337 799 ἀράν
1364 744 1379 760 ο
1410 726 1469 792 ἐξ
1488 721 1564 781 ὦν
1616 743 1752 797 προ-

1867 724 2031 779 homo
2069 722 2135 777 ad
2175 724 2308 779 solis
2330 726 2673 793 splendorem
2700 728 2869 781 venit.

176 823 399 892 ἐτρεχον
435 818 653 883 ἐλπίδες
718 819 914 890 χαρᾶς,
958 818 1377 887 σκυθρωπότητι
1443 815 1722 886 κρατύνων
1759 814 2019 885 λυπηρᾷο
2076 815 2156 876 είς
2219 813 2424 882 ταύτην
2495 812 2589 871 οῦν
2634 816 2733 887 τὴν
2774 816 2952 886 λύπην
3001 818 3293 885 ἀναφερων
3346 817 3438 869 τὸν

175 915 302 965 νοῦν
339 913 370 964 δ
401 910 543 979 Ἰὼϐ,
574 911 855 981 μονονουχὶ
890 910 988 980 τὴν
1024 910 1305 977 ἀπόφασιν
1344 910 1732 980 ἀποθαυμάζει
1765 910 1857 962 καὶ
1891 909 2053 978 ὑμνεῖ
2075 907 2167 960 τὸν
2205 908 2756 978 Δεσπὸτην,”οντως,
2796 910 2990 979 λέγων,
3035 912 3437 981 ἐπικατάρατος

175 1007 215 1073 η
246 1003 430 1075 ἡμέρα
456 1002 580 1057 καθ’
600 1004 670 1074 ἢν
689 1000 789 1064 τάς
821 996 1095 1073 μητρικάς
1124 999 1325 1064 ὠδίνας
1352 999 1498 1054 λύων
1531 999 1875 1070 δάνθρωπος
1903 997 2039 1066 πρὸς
2073 996 2174 1059 τάς
2204 997 2298 1049 τοῦ
2327 998 2479 1067 ἡλίου
2512 998 2732 1069 ἔρχεται
2756 1000 2953 1066 αὐγάς.

768 1118 1105 1173 ΕΡΩἸἪΣΙΣ
1140 1116 1307 1173 POE'.

270 1213 331 1265 Τί
377 1212 507 1264 ἐστι
551 1209 639 1271 τὸ,
696 1226 714 1258 ι
749 1211 902 1334 Kal?
925 1206 1190 1278 ἐμαυτοῦ
1242 1206 1470 1276 ὤμοσα,
1519 1204 1679 1275 λέγει

870 1294 1031 1334 umor
1048 1293 1068 1334 ξ
1094 1295 1114 1328 ι

870 1293 1031 1346 υριος
1048 1293 1068 1341 ὅ
1094 1295 1114 1328 ³

1899 1109 2227 1178 ουιεετιο
2254 1111 2505 1167 CLXXV.
2536 1113 2725 1183 iCoisl.
2760 1113 2941 1178 CCIV,
2976 1119 3136 1169 Taur.
3164 1113 3301 1169 CXC
3320 1114 3398 1186 4'.)

1866 1205 2006 1270 Quid
2063 1207 2131 1261 ait
2176 1205 2308 1259 illud
2360 1224 2378 1261 :
2418 1226 2436 1259 ι
2470 1206 2575 1277 ιξεν
2627 1208 2989 1275 "temetipsum
3038 1208 3249 1277 jtmwi,
3308 1208 3436 1259 dicit

2492 1276 2788 1330 Dominus?
2810 1296 2829 1328 ι

882 1410 1029 1464 Edita
1055 1425 1084 1462 a
1116 1411 1245 1463 Ialo
1283 1410 1333 1474 (ι.
1363 1423 1406 1461 c.
1431 1423 1479 1473 ι).
1510 1408 1859 1470 106,107.).—
1896 1408 2167 1475 Esegetica
2194 1412 2257 1463 ιη
2285 1413 2473 1463 lerant.
2500 1424 2632 1470 ιιιι,
2658 1410 2730 1459 ιδ.

255 1560 276 1594 s
313 1540 448 1595 Κατ’
478 1539 720 1611 ἐμαυτοῦ
758 1538 985 1611 ὤμοσα,
1010 1537 1162 1607 λέγει
1199 1537 1437 1609 Κύριοςο
1465 1554 1486 1591 ι
1519 1538 1616 1592 καλ
1652 1536 1761 1591 ποῦ

178 1632 367 1685 λαδείν
416 1630 564 1685 ἐστιν
605 1629 939 1701 ὀμωμοκότα
970 1629 1061 1681 τδν
1094 1627 1231 1681 Θεὸν
1258 1626 1293 1696 ἢ
1317 1625 1444 1681 καθ’
1479 1627 1697 1693 ἐαυτοῦ,
1724 1629 1758 1700 ἢ

178 1723 305 1777 καθ’
328 1722 517 1793 ἐτέρου
557 1719 741 1785 τινόςς
773 1718 898 1783 Πῶς
923 1718 970 1772 δ’
1001 1717 1068 1773 ἂν
1108 1717 1241 1782 Θεὸς
1272 1718 1578 1789 δμωμόκει,
1622 1718 1761 1773 πάν-

179 1830 284 1875 τας
305 1811 589 1883 ἀπείργων
611 1810 703 1864 διά
726 1810 835 1863 τῶν
870 1808 1223 1877 Εὑαγγελίων
1260 1809 1369 1862 ἀπὸ
1386 1808 1587 1873 παντὸς
1628 1810 1761 1864 ἐαυ-

1937 1557 1957 1590 ε
1991 1539 2093 1594 Per
2136 1539 2516 1609 memetipsum
2545 1536 2747 1607 iuravi,
2781 1536 2913 1590 n.cit
2948 1534 3248 1603 Dominus;
3276 1555 3294 1586 ι
3330 1550 3439 1605 quo

1858 1646 2024 1687 sensu
2054 1629 2223 1686 Deum
2259 1632 2377 1686 sive
2415 1645 2512 1700 per
2560 1628 2918 1698 semetipsum
2970 1626 3087 1682 sive
3135 1642 3232 1697 per
3266 1627 3435 1681 alium

1859 1720 2150 1792 quemdam
2176 1722 2449 1793 iuravisse
2477 1720 2804 1775 sumendum
2828 1718 2937 1775 sit?
2982 1717 3273 1784 Quomodo
3304 1731 3437 1772 vero

1858 1813 2003 1869 Deus
2027 1813 2195 1883 iuret,
2247 1828 2373 1868 cum
2409 1812 2465 1866 in
2498 1810 2791 1882 Evangelio
2828 1824 3021 1864 cavere
3064 1823 3094 1863 a
3119 1809 3437 1878 iuramento

180 1902 314 1964 τοὺς
342 1901 633 1969 φυλάττειν
677 1900 843 1970 ὅρκου
894 1897 989 1951 καὶ
1042 1896 1119 1968 μὴ
1157 1899 1225 1969 τῇ
1263 1896 1480 1970 γλώττῃ
1523 1898 1761 1971 χρῆσθαι

1867 1904 2049 1973 iubeat
2080 1913 2137 1958 et
2182 1904 2367 1974 lingua
2398 1904 2474 1958 uti
2506 1902 2575 1957 ad
2597 1900 2973 1957 auxiliandum
3012 1900 3280 1968 iuratoris
3317 1901 3436 1953 voci

179 1993 324 2062 πρὸς
383 1991 693 2061 ὑπηρεσίαν
754 1990 981 2059 ἐνόρκου
1034 1989 1219 2059 φωνῆς
1251 2006 1266 2056 ;
1296 1988 1410 2043 Καὶ
1457 1989 1566 2061 γὰρ
1618 1990 1761 2044 κατά

179 2084 363 2136 πάντα
387 2080 674 2152 σύμφωνος
707 2080 788 2151 τῷ
820 2079 996 2151 Πατρὶ
1019 2082 1048 2133 ὁ
1080 2080 1208 2144 Υἱός
1238 2096 1255 2112 ·
1289 2081 1385 2133 καὶ
1409 2080 1555 2151 άπερ
1579 2081 1758 2148 λέγει,

184 2172 251 2237 ἐξ
282 2170 445 2225 αὑτοῦ
467 2168 651 2223 λαϐὼν
677 2167 792 2238 εχει
819 2184 835 2199 ·
864 2163 1025 2221 τίοῦν
1052 2170 1169 2221 ἐστι
1199 2168 1285 2233 τδ,
1326 2168 1492 2223 «Κατ’
1519 2168 1759 2239 ἐμαυτοῦ

178 2262 397 2333 ὤμοσα,
424 2259 575 2327 λέγει
604 2258 808 2329 Κύριος
841 2274 890 2325 ς»
930 2258 1051 2312 ἀντὶ
1080 2258 1197 2322 τοῦ,
1226 2259 1314 2322 Ὠς
1356 2258 1503 2312 ἐστιν
1547 2258 1761 2330 ἀνθρώ-

180 2365 311 2412 ποις
340 2350 375 2419 η
409 2346 503 2402 τοῦ
532 2348 694 2418 ὅρκου
720 2346 948 2417 δύναμις
979 2346 1273 2413 βεϐαιοῦσα
1316 2348 1379 2401 τὸ
1403 2346 1762 2419 ὑπισχνούμε-

179 2457 300 2505 νον,
346 2438 520 2502 οὑτως
567 2438 685 2491 ἐστὶ
726 2437 827 2507 τῆς
869 2438 1010 2508 ἐμῆς
1064 2437 1399 2507 ἐπαγγελίας
1437 2438 1501 2492 τδ
1539 2439 1761 2511 ἀπαρά-

1862 1996 2183 2066 prohibeat?
2228 1996 2442 2051 Etenim
2495 1995 2720 2051 omnino
2793 1992 3137 2048 concordant
3183 1992 3346 2046 Pater
3385 2000 3441 2042 et

1862 2086 2062 2151 Filius,
2090 2086 2312 2155 etquod
2355 2083 2528 2140 Filius
2575 2084 2708 2139 dicit
2731 2098 2796 2137 ex
2828 2082 2991 2136 Patre
3017 2081 3244 2135 audivit.
3297 2081 3439 2145 Quid

1860 2178 1934 2232 sit
1973 2190 2107 2245 ergo
2150 2175 2323 2232 illud:
2369 2195 2388 2228 ι
2415 2174 2520 2231 Per
2546 2176 2931 2243 memetipsum
2952 2172 3159 2242 iuravi,
3181 2172 3314 2225 dicit
3338 2170 3445 2224 Do-

1862 2264 2129 2321 minus?»
2191 2263 2298 2320 hoc
2336 2274 2455 2328 est,
2496 2262 2958 2334 quemadmodum
3003 2260 3147 2331 apud
3192 2260 3443 2313 homines

1861 2354 2036 2411 virtus
2071 2353 2368 2424 iuramenti
2414 2352 2811 2423 promissiones
2836 2351 3106 2406 ﬁrmiores
3136 2350 3329 2413 reddit,
3366 2350 3443 2403 ita

1862 2454 1919 2501 et
1974 2458 2095 2499 mea
2145 2444 2444 2500 declaratio
2504 2442 2833 2499 inviolabilis
2887 2451 2990 2497 est.
3063 2440 3219 2509 Saepe
3260 2450 3440 2493 autem

183 2530 357 2583 σατον
384 2546 399 2561 ·
432 2530 596 2599 ὅρκου
620 2529 731 2599 γὰρ
769 2528 1031 2592 πολλάκις
1050 2528 1501 2599 προεληλυθότος,
1519 2532 1553 2602 ἢ
1584 2531 1645 2584 τὸ
1664 2531 1761 2599 τῆς

1867 2537 2177 2605 iuramento
2222 2537 2531 2606 prtemisso,
2583 2534 2666 2589 vel
2725 2534 2927 2589 mentis
2978 2531 3355 2586 imbecillitate
3387 2531 3441 2583 in

180 2620 411 2691 γνώμης
452 2620 516 2673 οὑ
547 2620 746 2688 πάγιον
768 2622 849 2683 είς
879 2620 1164 2691 ἐπιορκίαν
1191 2621 1283 2675 τὸν
1309 2621 1471 2693 ὅρκον
1498 2621 1759 2688 διέλυσεν,

181 2714 225 2782 ἢ
252 2711 311 2765 τδ
336 2712 458 2783 ῥέον
491 2712 591 2782 τῆς
616 2712 747 2782 ὑλης
781 2713 876 2766 καὶ
900 2711 1009 2779 τῶν
1039 2713 1296 2783 ἐπιγείων
1326 2714 1672 2784 πραγμάτων
1700 2714 1762 2767 τὸ

183 2804 419 2857 ἄστατον
466 2803 687 2872 καὶτῆς
730 2803 956 2875 γνώμης
983 2803 1303 2875 ἐρρωμένης
1355 2806 1464 2857 τῶν
1504 2805 1762 2875 ὠμοσμέ-

184 2909 298 2945 νων
324 2890 386 2945 τὸ
439 2892 612 2963 πέρας
639 2890 918 2961 διέκοψενο
974 2892 1069 2944 ἐπὶ
1098 2891 1156 2945 δὲ
1185 2893 1283 2963 τῆς
1327 2891 1489 2962 ψιλῆς
1530 2892 1762 2963 ὑποσχέ-

188 2997 331 3044 σεως
386 2981 483 3035 τοῦ
536 2980 695 3047 Θεοῦ,
748 2981 906 3035 οὑδέν
935 2979 1049 3034 ἐστι
1080 2981 1321 3034 τοιοῦτον
1368 2982 1489 3035 οὐδὲ
1535 2983 1759 3047 ἐννοεῖν,

189 3074 409 3143 μήτιγε
441 3074 537 3126 καὶ
587 3072 769 3125 πίστει
821 3070 1031 3129 λαϐεῖν.
1087 3071 1180 3124 Διδ
1226 3070 1324 3124 καὶ
1354 3071 1559 3142 μηδένα
1585 3090 1765 3144 παρα-

184 3163 482 3233 λαμϐάνων
508 3164 670 3233 ὅρκον
694 3163 723 3215 ὁ
763 3162 895 3226 Θεὸς
920 3164 1042 3217 ἐπεὶ
1080 3162 1284 3226 παντός
1334 3164 1485 3217 ἐστιν
1512 3164 1679 3233 ὅρκου
1701 3164 1765 3218 τὸ

1862 2628 2164 2699 periurium
2194 2627 2570 2698 iuramentum
2614 2634 2885 2681 mutatum
2934 2623 3060 2690 iuit,
3094 2624 3178 2679 vel
3203 2623 3443 2678 materiae

1864 2736 2029 2777 cursu
2071 2729 2127 2776 et
2168 2735 2351 2776 rerum
2393 2729 2733 2777 terrenorum
2765 2718 3082 2789 fragilitate,
3127 2718 3211 2772 vel
3243 2716 3442 2771 mentis

1864 2812 2162 2877 oblivione,
2187 2812 2311 2868 linis
2330 2812 2530 2883 iuratis
2567 2812 2692 2867 data
2718 2810 2840 2865 fuit.
2890 2811 2964 2865 De
2992 2810 3226 2878 simplici
3256 2818 3441 2862 autem

1864 2903 1959 2959 Dei
1982 2904 2366 2975 promissione,
2408 2904 2545 2958 nihil
2576 2912 2659 2958 est
2680 2902 2823 2970 quod
2848 2902 3155 2970 cogitemus
3176 2900 3305 2961 tale,
3344 2913 3446 2954 nec

1863 2996 2009 3068 quod
2030 2997 2343 3051 credamus.
2367 2992 2555 3065 Itaque
2572 2994 2781 3049 nullum
2809 2992 2950 3048 Deus
2971 2993 3258 3061 proferens
3288 2992 3444 3061 iura-

1864 3098 2135 3152 tuenttln,
2188 3101 2311 3141 cum
2353 3086 2598 3141 divinum
2650 3084 2883 3140 Verbum
2930 3085 3078 3138 omni
3131 3084 3445 3151 iuramento

1865 3186 2106 3248 prestet,
2137 3178 2267 3233 illud
2286 3178 2583 3248 adiungere
2607 3176 2916 3238 consuevit,
2947 3190 3042 3243 per
3060 3175 3443 3243 memetipsum

185 3253 337 3306 θεῖον
387 3252 710 3322 ἐπάγγελμα
762 3251 1152 3323 δυνατώτερον,
1184 3252 1411 3320 ἐπάγειν
1468 3251 1627 3305 εἴωθε
1676 3253 1760 3317 τὸ,

1867 3269 2075 3337 iuravi;
2116 3268 2296 3338 potius
2320 3276 2501 3321 autem
2536 3267 2805 3335 praeponit
2848 3266 2963 3319 suis
2994 3263 3299 3332 promissis,
3331 3262 3446 3316 sive

194 3364 217 3399 ε
240 3345 380 3400 Κατ’
392 3344 629 3417 ἐμαυτοῦ
645 3343 837 3414 ὤμοσα
853 3361 866 3375 ·
894 3361 914 3396 ι
942 3344 1140 3415 μᾶλλον
1154 3344 1211 3398 δδ
1228 3346 1324 3399 καὶ
1340 3345 1632 3416 προτάττει
1652 3344 1763 3400 τῶν

191 3438 340 3491 ιδίων
374 3438 741 3507 ὑποσχέσεων,
776 3437 887 3490 εῐτε
927 3435 1384 3506 σκυθρωπότητος
1424 3437 1519 3489 καὶ
1549 3436 1762 3505 ποινῆς,

187 3530 305 3583 εἴτε
346 3531 521 3600 χαρᾶς
554 3529 649 3581 καὶ
707 3526 975 3597 θυμηδίας
1021 3526 1326 3596 ὑπάρχουσι
1375 3527 1710 3599 παρεκτικαί
1744 3543 1761 3560 ο

192 3623 374 3694 μάτην
431 3623 542 3693 ἀρα
576 3622 621 3673 οί
677 3624 788 3683 τοῖς
822 3622 1005 3690 ὅρκοις
1052 3620 1527 3687 ἐνασε).γαίνοντες
1581 3622 1675 3675 ἐπὶ
1702 3622 1764 3676 τὸ

187 3714 550 3785 προκείμενον
574 3712 760 3782 σχῆμα
785 3710 880 3765 τοῦ
904 3711 1063 3779 λόγου
1091 3710 1531 3780 καταφεύγουσιν
1563 3728 1577 3743 ο
1606 3714 1765 3766 οὐδα-

190 3800 301 3874 μοῦ
325 3804 433 3871 γὰρ
461 3800 585 3855 οὕτε
613 3804 724 3865 τοῖς
745 3802 948 3872 ὅρκοις,
978 3800 1102 3855 οὕτε
1123 3804 1237 3865 τοῖς
1255 3804 1498 3873 ὀρκικοτς
1525 3805 1758 3879 ἐπιρῤηο

190 3908 327 3962 μασι
351 3893 412 3945 τὺ
436 3892 589 3945 Θεϊον
611 3890 766 3963 ὤφθη
796 3893 1161 3962 χρησάμενον.

702 4002 1036 4055 sparum
1072 4000 1254 4070 Pocr.

196 4098 261 4153 Τί
280 4098 433 4161 ἐστι,
456 4114 475 4147 ι
498 4096 607 4150 Kal
638 4094 753 4149 σοῦ
774 4093 842 4147 δὲ
858 4093 1048 4162 αὐτῆς
1080 4094 1194 4162 τὴν
1222 4096 1435 4165 ψυχὴν
1462 4097 1765 4153 armistice.

752 4180 843 4217 ται
863 4166 1161 4234 ρομφαίιη
1181 4184 1199 4216 ι

1871 3359 2154 3413 tristitiam
2187 3368 2244 3413 et
2264 3358 2509 3413 dolorem
2536 3357 2650 3413 sive
2678 3355 2937 3427 gaudium
2966 3364 3020 3409 et
3043 3352 3443 3423 iucunditatem

1870 3450 2177 3505 aununtiet.
2240 3448 2463 3504 Frustra
2515 3457 2664 3503 certe
2709 3450 2804 3516 qui
2845 3446 3081 3513 iurando
3129 3444 3238 3498 Deo
3268 3443 3445 3497 insul-

1871 3551 1988 3596 tant
2016 3542 2081 3595 ad
2110 3541 2273 3595 istum
2312 3540 2568 3612 loquendi
2602 3537 2825 3593 modum
2860 3535 3205 3605 confugiunt.
3242 3532 3443 3589 Nullibi

1868 3634 2015 3688 enim
2062 3632 2222 3698 Deus,
2290 3646 2393 3687 nec
2435 3633 2745 3699 iuramento
2781 3644 2883 3684 nec
2921 3629 3107 3699 aliquo
3138 3624 3443 3682 istiusmodi

1869 3727 2033 3782 verbo
2060 3742 2191 3781 usus
2219 3726 2454 3782 videtur.

1865 4006 2185 4073 QUAESTIU
2223 4007 2497 4063 CLXXVI.
2552 4008 2739 4082 [CoisL
2788 4008 2946 4073 (ζαν,
2993 4008 3156 4061 Tuur.
3188 4004 3440 4076 CXCV/L]

1942 4098 2083 4165 Quid
2113 4102 2182 4153 sit
2211 4116 2229 4153 :
2258 4119 2278 4153 ι
2323 4101 2388 4155 Et
2411 4114 2554 4155 tuam
2577 4105 2740 4166 ipsius
2773 4104 3009 4156 animum
3032 4101 3372 4171 pertransibit

2500 4194 2506 4199 ·
2530 4173 2739 4242 gladius
2760 4175 2812 4227 .’o

1052 4320 1195 4371 Edita
1226 4334 1255 4370 a
1279 4320 1404 4371 liaio
1429 4321 1487 4381 (1.
1508 4333 1553 4371 c.
1578 4336 1626 4383 ρ.
1654 4322 1783 4385 107).
1805 4348 1868 4363 --
1890 4324 2161 4387 Exegetica
2186 4328 2249 4377 In
2284 4326 2391 4377 Luc.
2421 4340 2474 4386 tt,
2504 4325 2583 4379 55.

266 4430 375 4497 Τῆς
400 4443 669 4496 παναγιας
692 4425 1187 4497 καὶἋειπαρθένου
1220 4427 1439 4497 Μαρίας
1468 4428 1566 4495 τὴν
1590 4427 1766 4498 ψυχὴν

190 4521 439 4593 ῥομφαία
486 4518 667 4588 διῆλθε
696 4518 817 4571 κατ’
863 4518 995 4570 αὑτὸ
1015 4517 1077 4570 τδ
1103 4518 1371 4587 σωτήριον
1401 4517 1497 4572 τοῦ
1527 4516 1766 4589 Χριστοῦ

1944 4429 2319 4488 Sanctissimae
2366 4442 2421 4488 et
2467 4448 2683 4503 semper
2713 4431 2954 4503 Virginis
2992 4433 3175 4490 Maria:
3203 4438 3443 4493 animam

1873 4519 2086 4590 gladius
2135 4522 2507 4591 pertransivit,
2563 4524 2617 4576 in
2669 4522 2785 4591 ipsa
2829 4524 3059 4578 salutari
3082 4525 3284 4580 Christi
3318 4542 3446 4597 pas-

188 4613 400 4675 πάθος,
444 4612 545 4663 οὑκ
589 4607 997 4673 ἐπιδιστάζουσι
1046 4609 1329 4681 λογισμοῖς
1388 4610 1725 4682 βαλλομένης
1750 4653 1764 4677 ,

1875 4614 2064 4680 sione;
2089 4628 2201 4667 non
2230 4614 2374 4683 quod
2408 4615 2631 4669 incertis
2660 4614 3093 4685 cogitationibus
3120 4616 3443 4685 iactaretur,

186 4706 297 4756 οὐκ
339 4702 595 4764 ἀπιστίας
658 4700 838 4770 βέλεσι
894 4702 1360 4771 τιτρωσκομένης,
1406 4703 1507 4755 οὑκ
1558 4704 1644 4770 ἐφ’
1689 4698 1771 4766 οἷς

187 4796 379 4865 ἔχαιρε
415 4794 513 4864 τὴν
545 4792 724 4863 λύπην
761 4792 1189 4862 ἀλλασσομένης,
1243 4792 1380 4846 ἀλλά
1413 4793 1482 4847 τὰ
1529 4797 1773 4865 μητρικά

190 4886 478 4955 σπλάγχνα
508 4884 758 4953 διδούσης
802 4884 943 4954 πρὸς
972 4882 1073 4954 τὴν
1104 4883 1348 4953 ῐμφυτον
1399 4884 1768 4952 συμπάθειαν,

185 4974 752 5044 ἀνασκολοπιζομένου
789 4975 884 5027 τοῦ
928 4974 1093 5039 Υίοῦ,
1145 4975 1410 5045 πράττειν
1454 4975 1526 5028 τά
1558 4977 1750 5030 οἰκεῖα.

187 5068 259 5120 Τί
300 5068 409 5137 γὰρ
455 5068 635 5137 μήτηρ
682 5067 783 5119 οὑκ
811 5068 877 5120 ἂν
909 5065 1069 5121 πάθοι
1104 5065 1376 5135 βλέπουσα
1400 5065 1491 5119 τὸν
1522 5067 1638 5120 υίδν
1676 5069 1772 5120 καὶ

188 5161 433 5232 μάλιστα
495 5162 593 5230 τῆς
669 5159 1020 5230 ἀνθρωπίνης
1073 5161 1291 5227 φύσεως
1356 5156 1773 5226 πολιτευόμενον

185 5255 462 5323 κρεῖττον,
527 5253 628 5316 τὰς
686 5252 793 5305 τῶν
853 5250 1177 5321 κακούργων
1237 5251 1509 5319 ὑπέχοντα
1563 5249 1770 5313 δίκας;

185 5340 367 5394 Τοῦτο
422 5341 613 5408 γέγονε
666 5342 733 5410 τῇ
789 5338 1153 5408 παναχράντῳ
1192 5339 1379 5409 Μητρὶ
1434 5337 1529 5392 τοῦ
1597 5338 1769 5406 Λόγου

184 5430 521 5503 πικρότερον
591 5433 686 5484 καὶ
745 5429 1071 5502 δριμύτερον
1132 5430 1406 5499 ῥομφαίας
1448 5431 1667 5499 ἀπάσης
1711 5431 1772 5483 τὸ

184 5521 404 5583 ’πάθος⁸
457 5521 505 5574 εί
552 5522 661 5590 γὰρ
719 5522 812 5573 καὶ
865 5520 997 5573 Θεὸν
1047 5519 1248 5582 πολλὰς
1298 5520 1585 5582 ὑποθέσεις
1624 5516 1769 5590 εἶχεν

184 5614 395 5667 εἰδέναι
431 5613 525 5666 τὸν
562 5612 688 5666 my
729 5612 1168 5683 σεσαρκωμένον,
1221 5612 1338 5665 ἀλλ’
1383 5607 1478 5665 οῦν
1529 5612 1628 5664 οὑκ
1675 5611 1769 5663 ἐπὶ

183 5709 415 5775 πίντων
450 5704 570 5758 ἔλυε
601 5706 728 5769 τοὺς
770 5704 870 5773 τῆς
916 5703 1130 5772 φύσεως
1181 5704 1378 5772 νόμους
1404 5718 1418 5733 ’
1453 5702 1685 5757 ἐνεδίδου
1711 5702 1767 5754 δὲ

185 5798 289 5849 καὶ
330 5798 401 5866 τῇ
433 5794 592 5865 φύσει
625 5797 736 5859 τοῖς
780 5794 1002 5857 οἰκείοις
1044 5793 1426 5863 ἐνδιαπρέπειν
1480 5794 1659 5863 ὅροις·
1687 5792 1765 5843 διὸ

1873 4715 1973 4755 nec
2003 4700 2299 4756 diﬂldentia
2326 4704 2447 4757 telis
2477 4704 2878 4767 vulneraretur,
2914 4718 3014 4758 nec
3044 4706 3212 4773 prima
3246 4707 3445 4774 gaudia

1871 4792 1925 4845 in
1953 4791 2198 4846 dolorem
2228 4803 2592 4856 verterentur,
2637 4792 2729 4847 sed
2763 4793 2913 4862 quod
2954 4803 3201 4849 materna
3235 4797 3446 4851 viscera

1870 4881 1939 4936 ad
1965 4884 2266 4937 naturalem
2300 4886 2689 4953 sympathiam,
2720 4884 2983 4939 crucifixo
3018 4884 3177 4948 Filio,
3205 4890 3445 4942 sentien-

1870 4972 1994 5027 dam
2034 4974 2205 5027 daret.
2259 4973 2400 5039 Quid
2438 4973 2582 5026 enim
2609 4982 2781 5027 mater
2805 4988 2910 5027 non
2942 4976 3184 5043 patiatur
3207 4978 3445 5033 videndo

1874 5064 2068 5130 lilium,
2111 5074 2165 5118 et
2220 5063 2521 5133 praesertim
2583 5063 2778 5117 melius
2824 5078 2887 5118 ac
2940 5074 3150 5119 natura:
3196 5066 3449 5123 humana:

1872 5156 2133 5224 possibile
2174 5163 2259 5209 est
2282 5168 2402 5208 sese
2430 5154 2755 5218 habentem,
2814 5154 3184 5223 pessimorum
3238 5158 3449 5225 iudicio

1870 5247 2192 5315 subiectum.
2277 5244 2409 5299 Illud
2484 5244 2587 5298 fuit
2646 5244 3011 5300 immaculata:
3062 5244 3227 5300 Verbi
3289 5246 3448 5301 Matri

1869 5340 2109 5393 amarior
2138 5348 2191 5392 et
2222 5339 2469 5392 acerbior
2509 5338 2690 5405 passio
2714 5352 2877 5405 quam
2901 5338 3305 5407 qualiscunque
3330 5340 3449 5407 gla-

1870 5433 2013 5486 dius.
2067 5427 2291 5484 Etiamsi
2311 5431 2456 5484 enim
2490 5431 2687 5483 multas
2727 5430 2983 5484 habuerit
3006 5432 3252 5487 rationes
3288 5432 3445 5488 illum

1876 5518 2073 5573 Filium
2114 5534 2237 5573 esse
2262 5519 2353 5572 Dei
2402 5519 2744 5573 incarnatum
2796 5519 3166 5587 diiudicandi,
3204 5530 3447 5575 attamen

1876 5626 1983 5663 non
2012 5610 2066 5663 in
2092 5609 2348 5663 omnibus
2370 5609 2441 5662 iiIi
2470 5609 2659 5663 soluta:
2681 5618 2810 5663 sunt
2838 5610 2981 5677 leges
3010 5620 3254 5673 naturae;
3281 5612 3447 5665 daha-

1875 5712 1963 5755 tur
2009 5709 2191 5754 autem
2249 5709 2455 5755 natura:
2506 5702 2559 5753 in
2592 5700 2705 5753 suis
2737 5700 2938 5754 ﬁnibus
2970 5702 3220 5769 prodire,
3267 5703 3447 5767 itaque

1875 5794 2137 5849 maternis
2175 5793 2345 5849 oculis
2397 5794 2702 5863 passionem
2758 5794 3062 5863 spectacula
3097 5795 3443 5863 ιιι-πειιοείιηοιι
