4174 6450
723 449 828 514 8'79

1876 456 2138 518 PHOTII
2177 459 2682 520 PATRIARCHE
2719 461 2808 520 CP

3888 464 4002 527 880

725 565 934 630 videns,
970 565 1107 619 sicut
1139 582 1167 619 ιι
1224 565 1380 636 plaga
1428 567 1590 636 gladii
1620 567 1987 638 dividebatur,
2022 584 2075 625 et
2115 590 2305 642 ampu-
2333 579 2373 638 Α

2433 574 2578 637 πάθος
2634 576 2818 645 ὁρῶσα
2893 581 3181 646 μητρικοῖς
3252 578 3548 647 ὀφθαλμοῖς
3629 581 4002 651 προκείμενον

733 658 915 712 labur.

725 833 1052 900 ρυλεδτιυ
1090 833 1370 889 CLXXVII
1401 835 1588 908 [CoisL
1618 835 1798 901 CCVI,
1857 835 2017 890 Taur.
2051 838 2308 912 CXCVI].

768 948 913 1014 Quid
949 952 1016 1002 sit
1051 965 1069 1001 :
1107 966 1126 999 ι
1150 948 1330 1004 Nolite
1365 969 1702 1007 murmurare
1753 954 1804 1005 in
1843 955 2060 1006 invicem
2088 967 2143 1009 ut
2172 973 2279 1011 non

1297 1022 1613 1088 judicemini
1638 1025 1664 1076 .’
1688 1044 1706 1074 ι

2413 663 2591 733 θέαμα
2627 666 2770 718 κατά
2804 666 3018 738 πληγὴν
3050 669 3324 737 ῥομφαίας
3356 669 3611 740 ὲτέμνετό
3642 686 3702 724 τε
3728 672 3827 724 καὶ
3877 689 4002 724 κατ-

2414 758 2719 828 εμερίζετο.
2751 776 2768 808 ι

2943 849 3280 904 Ερατηειε
3325 852 3495 906 POZ'.

2420 959 2485 1012 Τί
2518 960 2670 1025 ἐστι,
2717 981 2736 1012 ι
2777 961 2871 1028 Μὴ
2926 960 3239 1085 στενὰζὸεςε
3288 965 3414 1016 κατ’
3438 963 3732 1030 ἀλλήλων
3788 965 3894 1017 ινα
3920 964 4003 1030 μὴ

3044 1049 3136 1085 κοι
3177 1049 3314 1085 nte:
3339 1052 3357 1084 ι

3044 1049 3314 1100 κριυητε;
3339 1052 3357 1084 ι

1497 1133 1634 1183 Edita
1668 1151 1694 1184 ει
1730 1138 1854 1188 Maio
1876 1141 1930 1202 (l.
1957 1153 2003 1188 c.
2026 1154 2075 1202 p.
2121 1138 2221 1199 l07,
2256 1140 2386 1202 108).
2412 1166 2466 1177 —
2496 1144 2762 1207 Exegetica
2793 1148 2856 1194 In
2888 1149 3027 1205 Jac.,
3056 1160 3104 1201 ν,
3126 1145 3176 1194 9.

799 1234 1088 1299 Quomodo
1127 1235 1387 1304 possibile
1450 1237 1525 1292 sit
1585 1239 1866 1298 hominem
1949 1244 2307 1298 contumeliis

733 1322 1007 1389 allectum,
1057 1326 1140 1380 vel
1177 1341 1207 1380 a
1249 1327 1487 1396 propriis
1539 1332 1849 1398 expulsum,
1874 1335 1959 1389 vel
1983 1349 2306 1404 percussum

732 1423 922 1469 contra
943 1416 1170 1473 istorum
1199 1430 1454 1477 auctores
1485 1438 1592 1476 non
1645 1427 2026 1481 murmurare?
2089 1425 2306 1481 Etenim

731 1517 840 1558 non
864 1505 1073 1572 ulcisci,
1099 1523 1200 1564 nec
1229 1525 1552 1579 repugnare,
1581 1510 1796 1565 diﬂicile
1829 1514 2049 1582 quidem
2082 1523 2189 1578 est,
2214 1513 2309 1568 sed

732 1594 1012 1662 sapientia:
1056 1599 1398 1658 amatoribus
1444 1608 1499 1654 et
1540 1598 1725 1653 divina
1763 1601 2014 1656 mandata
2074 1601 2309 1656 ﬁdeliter

734 1687 1153 1744 observantibus
1204 1691 1501 1758 possibile;
1553 1706 1662 1745 non
1718 1701 1900 1745 autem
1960 1707 2308 1747 murmurare

2487 1248 2596 1299 Kal.
2629 1247 2748 1310 πῶς
2797 1248 2876 1302 ένι
2933 1247 3484 1319 προπηλακιζόμενον
3534 1250 3567 1319 ἢ
3622 1249 3733 1301 τῶν
3788 1249 4005 1303 οἰκείων

2416 1338 2776 1408 ἐλαυνόμενον
2803 1341 2835 1408 ἢ
2863 1340 3200 1408 τυπτόμενον
3245 1340 3319 1410 μὴ
3351 1340 3491 1393 κατὰ
3524 1340 3630 1392 τῶν
3657 1342 3855 1393 αἰτίων
3886 1358 4004 1392 cu-

2416 1428 2635 1494 νάζεινς
2679 1428 2756 1498 μὴ
2802 1429 3108 1498 ἀμύνεσθαι
3164 1429 3263 1497 μὶν
3311 1429 3421 1500 γὰρ
3454 1428 3577 1498 μηδ’
3603 1429 4003 1491 ἀντεπεξιέναι,

2418 1519 2470 1570 εί
2499 1518 2596 1571 καὶ
2621 1518 2882 1588 χαλεπὸν,
2931 1519 3082 1588 ὅμως
3128 1514 3221 1570 οὗν
3255 1521 3370 1580 τοῖς
3416 1535 3481 1585 γε
3522 1518 3884 1586 φιλοσοφοῦσι
3919 1522 4006 1569 καὶ

2417 1612 2537 1671 ταῖς
2567 1608 2742 1673 θείαις
2765 1611 3009 1672 ἐντολαῖς
3041 1609 3472 1678 ἠσφαλισμένας
3520 1609 3698 1661 ἔνεστι
3739 1608 3969 1662 δυνατόν
3991 1627 4003 1640 ·

2417 1697 2477 1750 τὸ
2509 1698 2564 1750 δὲ
2600 1697 2736 1766 μηδὲ
2765 1697 2972 1751 στένειν
3007 1697 3162 1750 κατὰ
3209 1697 3320 1748 τῶν
3358 1696 3724 1766 ἠδικηκότων,
3784 1694 3917 1757 πῶς,
3947 1694 4006 1746 ἂν

735 1787 924 1833 contra
944 1780 1064 1872 illos
1088 1781 1184 1849 qui
1222 1783 1382 1836 nobis
1407 1782 1661 1851 iniuriam
1688 1781 1918 1844 faciunt,
1946 1788 2226 1852 quomodo
2253 1787 2306 1839 in
2342 1812 2373 1871 Ε

2433 1790 2646 1860 εὑρήσει
2677 1789 2864 1861 χώραν
2893 1790 2949 1842 ὲν
2975 1789 3135 1857 φύσει
3165 1786 3362 1859 ῥεούσῃ
3388 1789 3484 1841 καὶ
3512 1789 3684 1858 θνητῇ
3709 1787 3812 1851 ;Ἣ
3835 1785 4009 1852 πολλῷ

737 1879 934 1926 natura
967 1870 1141 1942 fragili
1182 1884 1236 1927 et
1295 1875 1511 1928 mortali
1556 1875 1708 1929 locus
1743 1875 2084 1930 invenietur?
2111 1875 2314 1931 illudne
2345 1870 2372 1871 ί

2433 1881 2511 1934 τοῦ
2541 1881 2810 1951 προτέρου
2843 1881 2974 1950 ῥᾷον
2998 1896 3014 1957 ;
3041 1879 3074 1948 ἢ
3106 1878 3216 1950 γὰρ
3249 1878 3342 1931 καὶ
3372 1877 3490 1942 ὲξδν
3521 1877 3693 1947 θυμδν
3727 1877 4010 1947 ἐμπλῆσαι

738 1965 908 2019 multo
950 1963 1168 2020 facilius
1207 1975 1292 2020 est
1325 1981 1489 2035 quam
1533 1967 1792 2036 primum,
1835 1981 1958 2020 cum
1994 1969 2072 2019 ira
2098 1967 2314 2035 impleri

737 2065 793 2110 et
837 2055 1031 2111 ulcisci
1075 2063 1130 2110 et
1168 2072 1330 2111 omne
1385 2059 1769 2111 detrimentum
1819 2059 2158 2127 proclamare
2199 2074 2320 2128 per-

740 2147 1091 2201 mittebatur?
1147 2147 1273 2203 Htec
1318 2159 1501 2202 autem
1533 2164 1658 2203 cum
1702 2157 1853 2202 tanta
1887 2150 2018 2214 sint,
2082 2158 2139 2203 et
2189 2148 2316 2202 forti

741 2240 924 2295 animo
945 2255 1080 2306 opus
1114 2240 1186 2294 sit
1211 2241 1278 2294 ad
1319 2239 1686 2310 sympathiam
1733 2249 1786 2294 et
1834 2240 2192 2308 antipathiam
2219 2239 2318 2292 hu-

742 2345 958 2384 manam
988 2331 1422 2385 contemnendas
1459 2339 1514 2386 et
1541 2329 1868 2391 domandas,
1915 2345 2053 2400 quas
2097 2330 2318 2399 quidem

742 2435 884 2488 saepe
916 2421 984 2476 ad
1028 2422 1339 2488 superbiam
1375 2437 1679 2491 propensos
1708 2421 1928 2475 vincere
1963 2432 2017 2476 et
2049 2434 2318 2489 superare

742 2508 968 2572 scimus,
997 2513 1247 2564 ouamvis
1274 2511 1494 2565 aliunde
1530 2511 1684 2565 multi
1723 2510 2006 2579 sapientia:
2052 2525 2244 2564 amore
2266 2519 2322 2564 et

742 2600 929 2656 divino
953 2602 1149 2656 timore
1175 2604 1526 2671 passionibus
1572 2604 1880 2669 superiores
1927 2602 2080 2666 ﬁant,
2123 2602 2324 2670 quibus

744 2705 874 2760 ergo
923 2693 1275 2760 passionibus
1324 2694 1461 2748 adeo
1521 2693 1952 2748 intolerabilibus
1990 2692 2034 2747 si
2071 2693 2325 2763 superior

743 2782 972 2836 evadere
1004 2783 1268 2852 potueris,
1306 2799 1487 2838 nonne
1518 2799 1548 2838 a
1584 2783 1795 2839 fortiori
1829 2785 2323 2849 murmurationcs,

745 2887 868 2940 qua:
894 2882 1020 2927 sunt
1055 2883 1164 2928 tam
1193 2875 1347 2945 parvi
1391 2876 1680 2934 momenti.
1747 2891 1848 2931 nec
1889 2877 2053 2931 ullam
2093 2886 2326 2945 possunt

749 2965 1038 3020 utilitatem
1067 2966 1318 3020 conferre
1347 2968 1585 3022 vitabis?
1616 2969 1850 3020 Aliunde
1879 2969 1972 3035 qui
1998 2975 2324 3031 murmurat,

747 3056 792 3107 si
830 3055 1124 3111 vindictam
1147 3073 1312 3128 quam
1334 3073 1398 3113 ex
1421 3060 1531 3112 alio
1559 3069 1799 3128 repetere
1826 3059 1997 3124 ardet,
2035 3076 2142 3113 non
2162 3058 2326 3129 cepit,

2419 1972 2512 2026 καὶ
2542 1971 2912 2041 ἀντιλυπῆσαι
2966 1971 3062 2024 καὶ
3107 1971 3207 2037 τὴν
3237 1970 3443 2039 ζημίαν
3487 1970 3670 2023 πᾶσαν
3732 1970 4006 2024 ἀνακαλέο

2419 2061 2653 2124 σασθαι;
2696 2060 2902 2114 τούτων
2951 2060 3008 2115 δὲ
3061 2059 3398 2130 τηλικούτων
3449 2059 3619 2112 δντων
3657 2060 3756 2112 καὶ
3809 2059 4010 2128 σφόδρα

2419 2153 2677 2222 γενναίας
2705 2152 2882 2222 ψυχῆς
2903 2151 3177 2220 δεομένων
3205 2150 3348 2204 ὥστε
3369 2151 3622 2220 παριδεῖν
3651 2151 3748 2204 καὶ
3778 2151 4011 2220 κρείττω

2419 2243 2798 2314 προσπαθείας
2831 2242 2927 2295 καὶ
2949 2241 3307 2304 ἀντιπαθείας
3337 2240 3690 2311 ἀνθρωπίνης
3722 2239 4004 2307 γενέσθαι.

2418 2335 2456 2388 ἃ
2504 2334 2569 2404 δὴ
2620 2332 2883 2395 πολλάκις
2936 2333 3033 2386 καὶ
3083 2332 3211 2395 τοὺς
3270 2333 3698 2402 μεγαλοφρονεῖν
3775 2330 4012 2397 σπουδὴν

2423 2425 2802 2495 ποιουμένους,
2843 2424 3241 2479 καταπαλαίειν
3271 2425 3438 2493 ῐσμεν
3476 2424 3572 2476 καὶ
3598 2421 4010 2491 περιγίνεσθαι,

2423 2520 2472 2570 εἰ
2501 2519 2595 2571 καὶ
2619 2518 2852 2580 πολλοὺς
2892 2519 2921 2570 ό
2971 2516 3071 2586 τῆς
3112 2517 3434 2585 φιλοσοφίας
3481 2515 3622 2587 ἔρως
3664 2517 3764 2568 καὶ
3807 2515 3836 2566 ὁ
3869 2513 4008 2572 θεῖος

2426 2609 2590 2679 φόϐος
2613 2610 2873 2679 ἀνωτέρω
2899 2606 3009 2660 τῶν
3045 2608 3354 2679 εἰρημένων
3401 2607 3631 2675 εποίησε
3678 2605 3878 2659 παθῶν
3904 2623 3917 2636 ’
3968 2607 4014 2657 τι

2425 2700 2518 2754 οὖν
2548 2701 2756 2754 τούτων
2786 2701 2905 2753 τῶν
2933 2699 3180 2770 ἀσχέτων
3212 2699 3440 2760 δυνατὸς
3492 2699 3686 2766 ἐγένου
3730 2698 4014 2767 κρατῆσαι

2427 2791 2636 2858 παθῶν,
2692 2792 2810 2855 πῶς
2850 2792 2974 2861 οὐχὶ
3019 2789 3201 2860 πολλῷ
3258 2789 3461 2860 μᾶλλον
3508 2790 3604 2842 καὶ
3635 2790 3695 2843 es
3731 2789 4016 2852 στενάζειν

2427 2882 2642 2946 ἐλάσεις
2666 2881 2775 2936 ἀπὸ
2801 2882 2896 2936 σοῦ
2917 2923 2932 2946 ,
2979 2884 3216 2953 πρᾶγμα
3243 2880 3417 2942 οὕτως
3458 2881 3675 2943 εὐτελὲς
3716 2881 3820 2934 καὶ
3853 2880 4017 2949 μηδὲν

2429 2977 2619 3048 κέρδος
2646 2977 2945 3044 δυνάμενον
2977 2977 3280 3045 παρασχεῖν
3302 2990 3318 3036 ;
3358 2974 3572 3036 Ἄλλως
3601 2990 3662 3026 τε
3688 2973 3750 3026 δὲ
3768 2975 3798 3026 ό
3824 2972 4016 3024 στενά-

2429 3064 2538 3129 ζων
2571 3065 2620 3116 εί
2659 3063 2757 3134 μὲν
2787 3063 2871 3131 ιφ*
2905 3058 2950 3131 ᾧ
2978 3062 3075 3133 τὴν
3103 3062 3262 3130 δίκην
3309 3061 3493 3115 λαϐεῖν
3553 3061 3884 3125 σπουδάζων
3921 3061 4018 3112 οὐκ

749 3147 866 3216 ipse
910 3163 1012 3202 suo
1038 3149 1233 3203 ardore
1293 3160 1348 3204 et
1405 3151 1609 3219 impetu
1662 3164 1718 3204 et
1779 3152 2033 3205 incursus
2066 3151 2373 3219 violentia(

2433 3155 2638 3216 ἐλαϐεν,
2667 3147 2822 3217 οὗτος
2853 3151 3120 3222 τῇαύτοῦ
3161 3152 3310 3222 ῥύμῃ
3336 3151 3427 3204 καὶ
3461 3153 3642 3221 κρίσει
3670 3153 3769 3203 καὶ
3804 3151 3888 3219 τῷ
3924 3150 4019 3216 τῆς

751 3238 1005 3301 reddidit,
1060 3240 1106 3294 si
1133 3241 1314 3294 dicere
1362 3240 1443 3296 fas
1501 3251 1604 3306 est,
1647 3241 1810 3293 etiam
1846 3241 2050 3309 aliquid
2083 3241 2324 3308 gravius,

751 3329 796 3382 si
831 3330 1051 3398 quidem
1079 3332 1309 3387 ultionis
1344 3332 1546 3387 bonum
1584 3335 1790 3387 exitum
1827 3333 1972 3386 illius
2007 3334 2098 3400 qui
2145 3333 2330 3388 nocuit

753 3437 940 3476 casum
987 3423 1284 3477 existimat.
1337 3422 1392 3477 Si
1449 3434 1636 3479 autem
1680 3424 2007 3494 ingemiscit,
2034 3424 2326 3478 vindictam

752 3517 931 3563 autem
988 3523 1207 3563 sumere
1252 3525 1358 3563 non
1398 3511 1552 3574 vult,
1606 3511 1747 3564 virili
1795 3522 1974 3588 mente
2033 3512 2327 3565 mulierum

757 3600 1220 3668 contemptibilem
1260 3616 1485 3656 scenam
1536 3602 1860 3671 ingreditur,
1904 3602 2056 3658 itaut
2080 3611 2330 3671 oporteat

753 3705 945 3759 sapere
997 3692 1211 3755 solum,
1261 3702 1316 3746 et
1368 3693 1422 3747 in
1468 3694 1708 3762 seipsunt
1750 3695 2019 3756 converti.
2058 3705 2113 3748 et
2164 3709 2331 3749 scena

755 3779 918 3836 finem
969 3781 1161 3845 habet,
1210 3783 1354 3852 quod
1398 3784 1618 3852 sapiens
1667 3793 1753 3838 est
1801 3794 1854 3837 et
1904 3782 2145 3844 facilius.
2189 3793 2244 3841 et
2285 3783 2333 3840 si
2399 3781 2403 3784 ’

756 3872 995 3926 volueris
1036 3874 1200 3927 etiam
1245 3874 1378 3927 utile
1417 3884 1470 3928 et
1519 3873 1761 3928 salutare
1811 3890 1874 3926 ex
1905 3873 1996 3928 Dei
2035 3887 2091 3928 et
2145 3874 2333 3930 fratris

755 3963 928 4018 nostri
959 3963 1343 4020 exhortatione
1363 3964 1560 4018 oritur.

1197 4097 1528 4165 QUzESTI‘J
1567 4098 1878 4153 CLxxxnt

1041 4189 1234 4258 [(Joisl.
1261 4188 1480 4245 CCVII.
1525 4189 1688 4244 Taur.
1725 4191 2027 4263 CXCVIII.]

868 4302 1008 4365 Quid
1062 4305 1128 4353 sit
1166 4319 1182 4354 :
1218 4322 1235 4350 ι
1269 4301 1452 4354 Μωεηὶ
1505 4313 1553 4353 et
1607 4304 1817 4356 moechae
1863 4304 2130 4371 (adulteri
2171 4315 2220 4360 ei

1362 4372 1636 4434 adultera!)
1657 4374 1682 4422 .9
1710 4391 1726 4421 ι

2425 3248 2602 3318 ὁρμῆς
2658 3246 3043 3300 ἀνταπέδωκεν
3090 3246 3363 3316 ἀκρατεῖο
3416 3244 3466 3297 εί
3520 3244 3680 3312 θέμις
3734 3243 3783 3295 δ’
3821 3245 4017 3302 clauis,

2425 3337 2521 3391 sui.
2573 3337 2911 3408 βαρύτερον·
2975 3337 3035 3399 ὅς
3095 3351 3159 3402 γε
3211 3337 3307 3388 καὶ
3331 3334 3618 3405 συμφορὰν
3663 3336 3896 3404 ἡγεῖται
3929 3335 4018 3386 τοῦ

2426 3429 2790 3498 ἀντιλυπῆσαι
2829 3427 2924 3481 τὸν
2952 3426 3296 3497 λελυπηκότα
3340 3429 3626 3479 ἐκπεσεῖν
3675 3425 3808 3478 είδὶ
3847 3426 4021 3478 στένει

2432 3520 2550 3589 μὲν,
2581 3519 2642 3572 ού
2674 3517 2924 3587 βούλεται
2948 3517 2992 3569 δ’
3032 3517 3246 3587 ἄμυναν
3265 3515 3472 3577 λαϐεῖν,
3511 3516 3568 3566 ὲν
3608 3515 3848 3585 ἀνδρείῳ
3892 3531 4023 3584 φρο-

2429 3612 2633 3680 νήματι
2708 3609 2984 3678 γυναικῶν
3043 3607 3337 3679 ὀλιγωρίας
3413 3606 3712 3676 ὑπέρχεται
3775 3607 4019 3673 σκηνήν·

2430 3697 2570 3751 ὥστε
2598 3697 2766 3766 νῆψαι
2815 3697 2897 3749 δεῖ
2941 3695 3100 3766 μόνον
3131 3697 3227 3749 καὶ
3254 3699 3331 3754 είς
3353 3695 3560 3750 ἑαυτὴν·
3578 3696 4018 3764 ἐπιστραφῆναι,

2431 3789 2526 3841 καὶ
2576 3789 2610 3856 ἡ
2663 3788 2836 3857 σκηνὴ
2883 3786 3222 3840 διαλέλυται·
3275 3786 3372 3840 καὶ
3409 3787 3470 3840 τὸ
3531 3786 3693 3854 σοφὸν
3750 3785 3868 3854 ἀρα
3938 3786 4025 3836 καὶ

2431 3880 2492 3932 τὸ
2545 3880 2746 3949 ῥᾴδιον,
2787 3882 2835 3932 εἰ
2887 3878 3068 3948 βούλει
3113 3877 3172 3930 δὲ
3201 3877 3382 3932 καὶτὸ
3409 3875 3725 3931 λυσιτελοῦν
3771 3878 3875 3929 καὶ
3926 3893 4024 3927 σω-

2441 3973 2650 4042 τήριον,
2695 3975 2726 4040 ὴ
2788 3974 2881 4024 τού
2924 3970 3247 4040 ἀδελφοθέου
3281 3969 3436 4040 βρύει
3468 3971 3818 4042 παραίνεσις.
3849 3980 3866 3991 ⁸

2957 4105 3292 4161 ΕΡΩΤΙΙΣῘΣ
3330 4104 3504 4158 POII'.

2699 4305 2759 4357 Τί
2784 4302 3189 4370 ἐστι,ιΜοιχοὶ
3224 4303 3320 4356 καί
3347 4303 3718 4372 μοιχαλίδες
3749 4323 3767 4353 ι

1530 4479 1671 4530 Edita
1704 4495 1732 4530 a
1766 4481 1885 4531 Maic
1915 4483 1971 4541 tl.
1999 4497 2043 4534 e.
2069 4499 2118 4546 p.
2145 4483 2251 4543 108,
2291 4481 2419 4544 109).
2455 4505 2516 4516 ——
2538 4479 2808 4540 Exegetica
2846 4480 2908 4527 In
2939 4480 3073 4537 Jac.,
3108 4492 3171 4537 ιν,
3197 4477 3239 4526 ι.

837 4596 1087 4651 Nostram
1133 4598 1197 4649 ad
1251 4596 1532 4664 passiones
1569 4596 1986 4665 peccaminosas
2018 4596 2373 4666 propensio-I

2516 4593 2630 4661 Τὴν
2675 4591 2813 4660 πρὸς
2848 4588 2918 4642 τὰ
2961 4588 3109 4659 πάθη
3158 4587 3266 4640 τῶν
3316 4587 3742 4657 ἁμαρτημάτων
3803 4605 3977 4659 ροπην
4005 4602 4029 4641 ο

769 4704 892 4745 nem
937 4690 1231 4759 Apostolus
1278 4689 1332 4742 in
1386 4687 1527 4742 duas
1578 4688 1790 4757 species
1843 4689 2054 4742 dividit.
2127 4687 2341 4743 Etenim

768 4781 1017 4837 mmchus
1057 4787 1141 4835 est
1187 4779 1277 4834 ille
1319 4779 1412 4848 qui
1439 4793 1547 4832 non
1581 4779 1758 4832 solum
1784 4780 1853 4832 ab
1878 4795 2059 4833 amore
2088 4789 2141 4833 et
2168 4779 2344 4833 socie-

770 4883 878 4926 tate
908 4870 1001 4926 Dei
1032 4871 1283 4935 discedit,
1313 4870 1406 4924 sed
1435 4880 1490 4925 et
1517 4870 1610 4939 qui
1640 4870 1706 4923 ad
1732 4871 2084 4938 ronjunctam
2112 4870 2334 4924 Christo

770 4979 901 5018 vero
946 4977 1149 5032 sponso
1197 4961 1437 5015 animam
1492 4961 1865 5016 abducendam
1905 4977 2123 5015 omnem
2161 4976 2343 5016 suram

771 5056 1013 5119 confert,
1070 5055 1331 5124 illamque
1410 5051 1516 5108 sibi
1569 5053 1953 5122 coniungendo
2016 5055 2067 5107 ei
2119 5054 2347 5108 nuncium

770 5162 967 5201 nomen
997 5145 1242 5212 imponit.
1277 5145 1322 5196 A
1346 5143 1455 5196 Deo
1483 5143 1627 5195 enim
1653 5152 1962 5210 apostatare
1988 5153 2042 5197 et
2069 5144 2346 5198 moechum

772 5240 902 5296 facit
972 5247 1276 5304 apostatam
1333 5246 1388 5290 ct
1441 5237 1708 5290 mmcham
1764 5253 1885 5305 qtta'
1937 5240 2080 5293 illius
2134 5254 2347 5294 errores

773 5337 954 5384 secuta
1005 5334 1090 5381 est
1147 5326 1408 5380 animam.
1467 5321 1672 5377 Mteclia
1713 5336 1894 5378 autem
1943 5337 2089 5379 esset
2135 5327 2350 5395 proprie

776 5416 1043 5486 loquendo
1090 5415 1177 5468 illa
1229 5430 1351 5484 quae
1397 5412 1649 5466 discessit
1681 5427 1708 5463 a
1743 5413 1942 5467 Jiviiiis
1995 5415 2254 5482 operibus
2296 5424 2353 5468 et

776 5508 1069 5569 mandatis,
1097 5517 1147 5560 et
1177 5507 1245 5559 ad
1280 5503 1467 5558 mundi
1511 5503 1739 5557 delicias
1775 5505 2077 5567 inclinavit,
2111 5506 2225 5560 sive
2248 5505 2351 5560 ali-

777 5616 888 5671 quo
919 5601 1067 5655 illam
1115 5598 1438 5667 decipiente,
1475 5599 1589 5652 sive
1638 5599 1949 5667 impellente
1997 5599 2354 5653 inclinatione

780 5689 1019 5763 prOpria.
1054 5687 1232 5756 Nupta
1262 5687 1406 5741 enim
1453 5686 1674 5742 Christo
1703 5703 1796 5755 per
1820 5687 2147 5754 baptismum
2176 5729 2190 5751 ,
2251 5703 2354 5740 nu-

781 5781 1043 5852 ptialiquc
1091 5790 1145 5833 et
1195 5792 1332 5846 puro
1383 5790 1435 5830 et
1508 5777 1856 5831 immaculato
1885 5786 2006 5832 toro
2047 5777 2352 5846 inquinato,

788 5853 976 5938 illcrilo
1006 5872 1125 5928 talis
1171 5871 1350 5925 anima
1380 5871 1606 5924 nune-lue
1635 5870 1854 5924 modum
1888 5871 2082 5940 agendi
2110 5871 2349 5933 imitans,

2447 4677 2771 4740 ,Απόστολος
2801 4677 2883 4739 εἰς
2919 4674 3012 4729 δύο
3036 4675 3223 4745 τέμνει
3251 4674 3535 4744 δ.αφοράς.
3564 4677 3658 4727 καὶ
3684 4676 3803 4744 γὰρ
3850 4678 4030 4746 μωχὸς

2446 4775 2596 4827 ιστιν
2621 4773 2649 4824 ὁ
2684 4771 2759 4839 μὴ
2791 4769 2952 4838 μόνον
2978 4769 3171 4820 ἑαυτὸν
3203 4765 3489 4830 διαζεύξας
3508 4767 3606 4836 τῆς
3623 4766 3781 4830 θείας
3800 4769 4031 4838 στοργῆς

2447 4860 2545 4914 καὶ
2573 4855 2894 4924 συναφείας,
2935 4853 3074 4909 ἀλλά
3103 4853 3198 4906 καὶ
3223 4855 3250 4906 ὁ
3277 4852 3378 4922 τὴν
3407 4852 3787 4924 ἁρμοσθεῖσαν
3816 4854 4032 4926 Χριστῴ

2448 4950 2525 5020 τῷ
2550 4945 2791 5018 ἀληθινῷ
2821 4943 3041 5015 νυμφίῳ
3062 4943 3240 5014 ψυχὴν
3269 4943 3480 4998 ἐκεῖθεν
3512 4945 3843 4999 ἀποσπάσαι
3877 4963 4032 4999 σιτου-

2448 5042 2543 5112 δὴν
2593 5039 3003 5107 συνεισαγαγὼν
3049 5037 3144 5090 καὶ
3189 5038 3256 5106 τῇ
3316 5035 3454 5106 πρὸς
3512 5035 3705 5089 ἑαυτὸν
3769 5038 4032 5105 συναφεξᾳ

2454 5135 2781 5207 μοιχαλίδος,
2816 5133 2988 5202 αὐτὴν
3040 5131 3347 5202 ἐγκλήματι
3413 5129 3770 5200 περιϐαλώνο
3823 5133 3887 5184 τὸ
3938 5131 4030 5198 γὰρ

2451 5228 2562 5282 ἀπὸ
2586 5226 2722 5279 Θεοῦ
2751 5224 3105 5287 ἀποστάσιον,
3159 5221 3348 5292 μοιχόν
3378 5237 3439 5274 τε
3476 5223 3624 5274 ποιεῖ
3648 5221 3746 5273 τὸν
3791 5222 4031 5285 ἀπηστή-

2454 5335 2622 5372 σαντα
2681 5316 2776 5368 καὶ
2827 5313 3111 5384 μοιχαλίδα
3152 5313 3252 5383 τὴν
3300 5311 3833 5382 ὲπακολουθήσασαν
3880 5307 4032 5364 αὐτοῦ

2453 5409 2573 5470 ταῖς
2607 5406 2844 5466 ἀπάταις
2888 5403 3067 5473 ψυχήν
3095 5420 3109 5433 ο
3171 5402 3420 5474 μοιχαλὶς
3467 5401 3513 5453 δ’
3556 5401 3623 5453 ἂν
3679 5400 3777 5470 εἴη
3814 5400 4032 5470 κυρίως,

2453 5499 2574 5566 ἥτις
2607 5495 2890 5565 διεζεύχθη
2936 5495 3036 5565 μὲν
3064 5493 3172 5546 τῶν
3206 5492 3368 5547 θείων
3395 5492 3575 5562 ἔργων
3631 5491 3733 5544 καὶ
3762 5505 4035 5562 προστατ-

2459 5590 2644 5658 μάτων
2674 5587 2769 5640 καὶ
2818 5586 2954 5657 πρὸς
2998 5586 3096 5648 τὰς
3147 5586 3422 5655 κοσμικὰς
3476 5584 3774 5638 ἀπέκλινεν
3831 5584 4032 5653 ἡδονὰς.

2457 5681 2564 5733 εἴτε
2592 5679 2735 5741 τινὸς
2773 5677 2942 5754 αύτῂν
2991 5676 3393 5741 ὲξαπατώντος,
3433 5676 3546 5727 εἴτε
3572 5676 3667 5728 καὶ
3713 5674 3942 5728 οἴκοθεν
3973 5672 4036 5722 εξ-

2460 5772 2936 5843 στρηλατουμένης
2958 5787 2972 5800 ⁸
3011 5769 3447 5840 συναρμοσθεῖσα
3503 5768 3614 5840 γάρ
3645 5767 3792 5838 αὕτη
3827 5767 3923 5820 διὰ
3956 5761 4032 5815 τοῦ

2463 5865 2835 5936 βαπτίσματος
2882 5862 2959 5932 τῷ
3021 5861 3260 5932 Χριστῷ,
3313 5863 3406 5912 καὶ
3449 5861 3550 5924 τὰς
3607 5860 3901 5931 νυμφικὲς
3959 5863 4036 5906 και
