4174 6450
159 466 253 530 881

924 462 1025 521 AD
1060 457 1651 519 AMPHILOCHIUM
1685 458 2030 534 QUESTIO
2067 457 2717 523 CLXXVII-CLXXIX.

3314 460 3421 525 882

159 570 552 643 ἀειπαρθένους
580 570 674 625 καὶ
706 566 1007 640 άμιάντοος
1057 564 1396 635 ἐνυδρίσασα
1439 564 1739 629 παστάδας,

1846 580 2042 619 nomen
2078 564 2239 619 factis
2282 579 2594 621 consonans
2650 569 2889 640 recipere
2930 572 3108 629 debet.
3160 572 3218 628 Si
3268 574 3411 628 enim

159 665 380 728 είκότως
428 665 463 733 ἡ
516 662 739 733 τοιαύτη
807 658 956 731 ψυχὴ
1017 656 1325 729 μοιχαλίδος
1380 655 1725 727 ὑποδυομένη

161 754 358 826 πρᾶξιν
409 755 503 808 καὶ
542 753 735 824 κλῆσιν
767 751 886 806 εστι
935 752 1001 821 τῇ
1052 748 1251 821 πράξει
1293 747 1735 819 ἐναρμοζομόνην

158 842 548 913 ἀναδέχεσθαι·
599 841 940 913 πολύτροπον
968 839 1025 892 δέ
1056 838 1151 892 καὶ
1191 836 1252 890 τδ
1290 835 1385 890 τοῦ
1418 834 1609 907 μοικοῦ
1644 839 1737 889 καὶ

158 936 218 988 τὸ
262 932 361 1002 τῆς
412 932 720 1003 μοιχαλίδος
747 946 762 961 ⁸
812 930 880 986 ἄν
922 944 983 982 τε
1038 928 1149 998 γάρ
1196 926 1375 996 ἔρωτα
1435 924 1737 996 χρημάτων

161 1028 476 1098 προτιμήσῃ
500 1022 738 1096 Χριστοῦ
780 1021 876 1076 καὶ
928 1018 1265 1090 παρακαλῶν
1296 1017 1492 1080 ἄλλους
1524 1019 1604 1079 είς
1634 1016 1733 1086 τὴν

159 1117 352 1188 ὁμοίαν
389 1115 592 1185 πρᾶξιν
629 1114 1026 1185 παρεπιχειρῇ,
1086 1110 1282 1182 μοιχάς
1317 1112 1433 1162 ἐστι
1482 1108 1577 1162 καὶ
1611 1123 1733 1178 μοι-

160 1207 315 1281 χαλὶς
343 1209 377 1277 η
410 1205 740 1275 πειθομένηο
784 1203 853 1259 ἄν
881 1220 941 1257 τε
970 1200 1127 1267 δόξαν
1154 1201 1254 1272 τὴν
1296 1201 1355 1253 ἐν
1399 1197 1477 1269 τῷ
1512 1198 1633 1269 βίῳ,
1666 1197 1734 1252 άν

158 1316 219 1351 τε
248 1297 476 1369 ῥεούσας
503 1296 671 1360 ἄλλας
700 1294 916 1367 ἡδονάς,
959 1294 1026 1348 άν
1074 1292 1136 1346 τὲ
1176 1309 1322 1354 τινος
1350 1290 1516 1357 ἄλλης
1545 1290 1736 1360 χρείας

161 1390 259 1443 καὶ
290 1388 532 1459 τέρψεως
565 1384 1077 1457 καταγοητευούσης
1133 1383 1193 1436 τὸ
1245 1381 1589 1447 αὐτεξούσιον
1635 1381 1736 1449 τῆς

160 1478 340 1548 ψυχῆς
369 1478 463 1531 καὶ
490 1477 897 1545 ὑποταττούσης
922 1473 1001 1542 τῷ
1031 1473 1343 1545 φρονήματι
1378 1470 1480 1539 τῆς
1511 1470 1733 1540 σαρκὸς,

168 1568 416 1639 μοιχαλίς
441 1570 588 1621 ἐστιν
614 1568 649 1637 ἡ
671 1567 897 1637 τοιαύτη
926 1565 1088 1619 άθλία
1116 1564 1287 1634 ψυχὴ,
1339 1563 1435 1615 καὶ
1472 1562 1579 1615 τῶν
1615 1578 1736 1631 μοι-

164 1660 396 1729 χαλίδων
447 1653 536 1720 αἷς
599 1658 916 1729 ἐλέγχονται
971 1656 1241 1727 χρεωστεί
1287 1656 1590 1723 παρασχεῖν
1635 1654 1735 1716 τὰς

162 1750 358 1813 ποινάς
383 1765 398 1782 ο
435 1749 631 1802 πολλαὶ
661 1749 763 1819 μὲν
790 1747 882 1801 οὖν
910 1747 1017 1800 είσι
1063 1746 1395 1816 μοιχαλίδες,
1424 1745 1522 1799 καὶ
1554 1745 1734 1813 ὀλίγον

162 1842 421 1904 ἐλάττους
455 1840 632 1910 μοιχοί
656 1855 669 1869 ’
703 1840 967 1910 πράττειν
998 1838 1099 1907 μὲν
1123 1840 1234 1908 γὰρ
1262 1836 1299 1891 ἃ
1333 1836 1408 1907 μὴ
1436 1836 1554 1898 δεῖ,
1597 1835 1730 1888 πολ-

440 1891 876 2000 διζ-άπροσειξίαν
905 1891 1153 1983 ἑλέσθαιῖ
1187 1891 1410 1997 item};
1438 1926 1496 1979 δι
1529 1891 1607 1988 είς
1636 1926 1734 1994 τὴν
1766 1891 1808 1951 Β

160 2024 337 2093 αὐτὴν
382 2022 715 2093 άνερεθίζειν
760 2021 958 2092 πρᾶξιν
1010 2021 1105 2075 καὶ
1153 2022 1233 2084 είς
1265 2017 1613 2088 παράκλησιν
1641 2018 1740 2087 τῆς

159 2115 435 2183 ἐκθέσμου
495 2115 784 2185 μιμήσεως
848 2114 1011 2182 ἄγειν
1066 2113 1164 2167 καὶ
1212 2111 1569 2182 παράδειγμα
1627 2110 1740 2171 τοῖς

157 2205 343 2267 ἄλλοις
385 2206 649 2275 μηδαμῶς
712 2204 1050 2275 ἐπερυθριᾷν
1076 2204 1138 2256 τὸ
1180 2203 1383 2256 οίκείον
1432 2201 1739 2271 ἁμάρτημα

158 2296 457 2358 ποιεῖσθαι,
492 2296 592 2349 ούκ
620 2295 737 2349 ἔστι
759 2296 865 2349 τῶν
894 2294 1123 2359 πολλῶν,
1150 2293 1289 2347 ἀλλὰ
1311 2292 1422 2345 τῶν
1453 2292 1534 2367 είς
1563 2290 1740 2361 ἄκραν

158 2384 419 2452 πώρωσιν
466 2385 844 2456 ἑληλακότων·
891 2386 971 2438 διὸ
1017 2386 1161 2438 καὶό
1214 2382 1537 2446 Ἀπόστολός
1581 2398 1738 2453 φησι,

164 2477 394 2546 «Μοιχοὶ
418 2483 512 2534 καί
538 2476 863 2548 μοιχαλίδες·
879 2496 898 2529 ι
921 2479 982 2529 τὸ
998 2477 1106 2529 τῶν
1143 2476 1346 2551 μοιχῶν
1361 2473 1436 2538 ὡς
1454 2476 1547 2527 ἐπὶ
1573 2474 1741 2543 κακίᾳ

158 2569 225 2621 τὺ
271 2573 534 2639 πρωτεῖον
598 2571 829 2639 ἐχόντων
890 2570 1182 2638 προτάττει
1233 2568 1339 2621 τῶν
1394 2566 1740 2637 μοιχαλίδων.

1840 669 2081 710 amorem
2132 654 2447 709 divitiarum
2484 656 2705 714 Christo
2756 662 3080 731 pratuleris,
3111 673 3165 719 et
3186 664 3321 719 alios
3346 668 3412 720 ad

1835 746 2089 800 eumdem
2134 745 2329 816 agendi
2381 746 2602 803 modum
2643 751 3117 808 exhortationibus
3143 756 3413 811 adducere

1836 835 2152 899 tentaveris,
2206 836 2421 891 moecha
2451 844 2507 892 et
2555 838 2804 895 adultera
2844 850 2930 898 est
2967 860 3091 914 qua
3139 843 3305 899 fuerit
3334 847 3410 899 al-

1836 923 1997 990 lecta,
2039 924 2087 979 si
2120 925 2350 995 gloriam
2396 942 2518 997 qua:
2559 938 2643 983 est
2672 929 2727 985 in
2756 930 2888 993 vita,
2917 942 2971 986 et
3018 934 3253 989 caducas
3280 934 3415 989 alias

1835 1014 2063 1073 delicias
2105 1014 2327 1072 Christo
2358 1019 2685 1089 protuleris,
2736 1031 2789 1077 et
2844 1022 2890 1078 si
2925 1024 3254 1094 quibusdam
3287 1025 3413 1081 aliis

1834 1106 2202 1165 delinimentis
2230 1118 2285 1163 et
2307 1110 2600 1175 illecebris,
2631 1113 2830 1168 anima
2858 1113 3091 1170 liberum
3119 1117 3412 1172 arbitrium

1836 1197 2211 1265 Iascinaveris,
2256 1209 2310 1255 et
2357 1204 2541 1259 carnis
2584 1204 2871 1262 desideriis
2900 1206 3223 1273 subieceris,
3256 1209 3415 1264 adul-

1839 1298 1952 1345 tera
2015 1300 2101 1345 est
2146 1293 2250 1347 ista
2300 1292 2630 1350 miserabilis
2680 1296 2886 1360 anima,
2928 1304 2982 1352 et
3018 1298 3411 1354 adulteriorum

1835 1397 2067 1451 quorum
2096 1398 2186 1437 rea
2214 1392 2299 1438 est
2332 1399 2522 1453 poenas
2548 1387 2678 1441 dare
2704 1388 2882 1441 debet.
2905 1386 3085 1444 Multa:
3112 1398 3240 1444 sunt
3284 1406 3416 1461 ergo

1836 1474 2083 1538 moechae,
2124 1483 2177 1536 et
2196 1475 2356 1544 paulo
2399 1476 2577 1531 minor
2614 1486 2697 1532 est
2746 1493 3009 1535 numerus
3050 1483 3412 1536 moechorum.

1834 1562 2008 1634 Agere
2034 1565 2179 1618 enim
2209 1581 2332 1636 qua:
2361 1582 2467 1620 non
2513 1576 2763 1637 oportet,
2795 1570 2982 1625 multis
3013 1586 3108 1638 per
3138 1574 3418 1642 negligen-

1837 1652 1967 1706 tiam
2012 1653 2211 1720 eligere
2252 1652 2414 1709 lacile
2439 1664 2542 1718 est,
2590 1667 2807 1712 exteros
2854 1666 3035 1711 autem
3066 1660 3134 1713 ad
3162 1660 3414 1715 eumdem

1835 1744 2026 1812 agendi
2056 1745 2279 1799 modum
2311 1747 2588 1800 attrahere
2630 1758 2683 1801 et
2727 1746 2794 1801 ad
2824 1748 3185 1804 imitationem
3219 1752 3416 1821 impie-

1839 1837 1967 1891 tatis
1996 1836 2247 1901 ineitare,
2279 1844 2334 1890 et
2361 1837 2483 1892 aliis
2512 1852 2611 1892 sua
2643 1839 2859 1908 propria
2886 1851 3108 1909 peccata
3138 1842 3191 1895 in
3216 1857 3409 1896 exem-

1846 1926 1991 1997 plum
2022 1927 2142 1983 sine
2165 1928 2363 1983 rubore
2406 1930 2671 1999 praebere,
2716 1946 2822 1985 non
2853 1942 2936 1987 est
2966 1934 3285 1995 multorum,
3321 1934 3417 1989 sed

1844 2034 2035 2073 eorum
2075 2019 2170 2089 qui
2214 2018 2281 2074 ad
2310 2028 2616 2075 extremam
2662 2025 2961 2077 cmcitatem
3003 2024 3223 2094 impulsi
3263 2035 3413 2079 sunt.

1846 2109 2029 2178 Itaque
2056 2110 2353 2180 Apostolus
2376 2111 2509 2167 dicit
2528 2110 2753 2168 «lumbi
2774 2123 2827 2168 et
2858 2115 3107 2169 mcechae.
3133 2133 3151 2166 ι
3176 2116 3417 2170 Mmohos

1836 2204 1897 2252 ut
1928 2198 2163 2266 primum
2216 2199 2394 2254 locum
2443 2199 2497 2253 in
2540 2200 2684 2254 malo
2727 2200 2979 2256 habentis
3016 2214 3144 2257 ante
3176 2204 3417 2257 moechas

1836 2290 2011 2359 ponit.
2071 2288 2263 2346 Omnis
2287 2291 2432 2345 enim
2467 2293 2671 2360 peccati
2704 2292 2988 2361 instigator
3016 2308 3209 2347 eorum
3235 2295 3329 2362 qui
3358 2293 3414 2347 in

1836 2378 2033 2447 seipsis
2062 2389 2343 2448 peccatum
2370 2380 2851 2447 circumscribunt,
2883 2383 3153 2453 duplicem
3184 2398 3418 2438 accusa-

1838 2471 2041 2526 tionem
2073 2472 2326 2536 incurrit,
2369 2480 2424 2526 et
2469 2473 2595 2541 quia
2630 2474 2746 2542 ipse
2776 2476 2956 2545 periit,
2992 2485 3047 2531 et
3071 2478 3202 2545 quia
3237 2482 3412 2531 caete-

1842 2577 1934 2618 ros
1967 2579 2091 2618 cum
2132 2564 2223 2618 illo
2257 2566 2482 2633 perdere
2518 2564 2765 2620 tentavit.

160 2664 283 2724 Πᾶς
310 2662 417 2730 γὰρ
454 2662 726 2731 ἁμαρτίας
752 2661 1071 2724 διδάσκαλος
1118 2659 1227 2713 τῶν
1261 2662 1340 2722 είς
1368 2660 1595 2720 ἑαυτοὺς
1628 2657 1724 2726 τὴν
1764 2655 2038 2725 ἁμαρτίαν
2103 2660 2574 2729 περιγραφόντων,
2607 2662 2828 2717 διπλοῦν
2890 2660 3040 2733 αύτῷ
3076 2662 3133 2715 τδ
3164 2661 3416 2734 ἔγκλημα

157 2751 550 2821 ἐπιγράφεται,
583 2752 679 2805 καὶ
710 2745 791 2811 οἷς
839 2751 999 2814 αύτδς
1026 2750 1215 2814 ὃλωλε,
1262 2751 1355 2803 καὶ
1384 2742 1465 2812 οἷς
1520 2748 1741 2818 ἐτέρους
1778 2746 2105 2816 ἐπεχείρησε
2138 2750 2557 2806 συναπολλύναι.

666 2848 1004 2903 ΕΡΩΤΗΣῙΣ
1036 2846 1203 2901 ΡΟΘ⁹.

165 2945 232 2999 Τί
266 2943 445 3009 δηλοῖ
472 2943 538 2996 τὸ
573 2941 677 2994 τοῦ
706 2940 1093 3009 Ἀποο-τόλου·
1132 2958 1150 2989 ι
1173 2934 1541 3009 Ὑποτάγητε
1570 2932 1739 3009 πάσῃ

237 3004 581 3080 ἀνθρωπίνῃ
632 3010 825 3063 κτίσει
859 3008 956 3062 διὰ
1002 3011 1108 3062 τόν
1137 3008 1358 3075 Κύριον
1380 3004 1415 3073 ,ἡ
1442 3006 1525 3071 ὠς
1572 3004 1745 3057 ἐλεύ-

234 3087 417 3151 θερος
446 3102 463 3133 ι

1845 2841 2174 2910 QUIESTIO
2190 2844 2467 2901 CLXXIX.
2489 2845 2672 2919 [σθω.
2696 2847 2919 2914 CCVIII,
2944 2847 3417 2922 Taur.CXCLXI.]

1851 2936 1991 3002 Quid
2054 2937 2315 3009 signiﬁcat
2376 2940 2472 2991 hoc
2520 2940 2753 3006 Apostoli
2833 2944 3076 2995 verbum:
3134 2940 3417 3009 «Snbjecti

1923 3016 2090 3127 θείηιῖ
2123 3007 2264 3112 ono’ni
2292 3007 2537 3062 humana
2565 3021 2839 3075 creatura,
2870 3023 3080 3080 propter
3110 3007 3415 3073 υοηςὶιιιιιιι,

1926 3086 1983 3127 ιιι
2040 3092 2054 3127 ι
2093 3092 2202 3128 eri.
2245 3095 2263 3126 ι

906 3221 1048 3271 Edita
1071 3234 1097 3271 a
1120 3219 1249 3270 Maio
1273 3220 1326 3282 (1.
1354 3231 1396 3268 c.
1424 3234 1471 3282 p.
1495 3219 1604 3281 109,
1632 3218 2119 3283 lll).—-Exegetica
2139 3221 2200 3269 In
2237 3225 2261 3269 ι’
2294 3223 2401 3272 Pet.
2429 3237 2482 3283 ιι,
2514 3220 2679 3271 lit-lt}.

235 3312 413 3367 Τοῦτο
438 3311 501 3383 δὴ
525 3311 586 3365 τὸ
624 3311 785 3383 ῥητὸν
805 3312 918 3373 τοῖς
941 3308 1197 3377 ἀνωτέρω
1219 3305 1577 3359 συνάπτεταισ
1600 3301 1731 3371 οἷον,

1908 3306 2031 3361 Ilaec
2051 3307 2209 3361 verba
2229 3324 2352 3362 cum
2373 3324 2536 3378 supra
2560 3310 2717 3364 dictis
2736 3318 3159 3369 connectuntur.
3177 3314 3417 3386 Subjecti

162 3422 185 3455 ε
210 3403 553 3471 Ὑποτάγητε
588 3401 734 3470 πάσῃ
758 3397 1072 3469 ἀνθρωπίνῃ
1094 3396 1272 3449 κτίσει
1299 3395 1386 3449 διά
1406 3399 1499 3449 τδν
1517 3396 1741 3465 Κύριον,

160 3490 249 3549 ὡς
296 3487 595 3556 ἐλεύθεροι,
626 3504 647 3537 ι
708 3485 974 3547 τουτέστι,
1010 3485 1085 3555 μὴ
1126 3483 1216 3538 διὰ
1243 3485 1337 3537 τὸν
1366 3471 1746 3554 ἐπηρτημένον

159 3582 299 3648 ύμῐν
322 3580 438 3634 άπὸ
460 3580 557 3650 τῆς
588 3579 859 3642 πολιτείας
887 3577 1070 3646 φόϐον
1102 3577 1152 3630 οί
1200 3575 1311 3647 γάρ
1337 3576 1483 3630 οὕτω
1507 3578 1747 3631 ὑποτασ-

158 3675 392 3743 σόμενοι
466 3672 564 3743 τὴν
592 3670 700 3724 τῶν
728 3671 931 3724 δούλων
958 3668 1115 3733 τάξιν
1146 3668 1495 3738 ύπέρχονταιο
1532 3670 1627 3722 καὶ⁵
1672 3669 1747 3732 ῶς

152 3764 349 3817 δοῦλοι
410 3761 511 3831 τὴν
555 3761 835 3833 ὑποταγὴν
897 3760 1331 3819 ὑποδείκνυνται,
1414 3759 1744 3830 φοσούμενοι

163 3854 280 3924 μὲν
308 3854 408 3915 τὰς
438 3852 712 3906 δεσποτῶν
772 3851 1007 3921 πληγὰς,
1058 3850 1384 3920 φοϐούμενοι
1420 3850 1479 3903 δὲ
1515 3852 1612 3914 τὰς
1633 3850 1744 3903 τῶν

152 3945 352 4015 νόμων
398 3944 625 4007 ἀπειλὰς
679 3944 771 3997 καὶ
824 3941 1070 4016 τῷδέει
1131 3941 1269 4012 πρὸς
1319 3940 1425 4009 τὴν
1461 3940 1745 4011 ὑποταγὴν

154 4036 591 4107 συνωθούμενοι.
631 4036 687 4089 '0
717 4035 772 4087 δὲ
795 4034 884 4087 διὰ
923 4034 1015 4087 τὸν
1044 4032 1249 4103 Κύριον
1280 4033 1744 4102 ὑποτασσόμενος,

155 4124 288 4182 οἷον
316 4130 345 4182 δ
378 4126 692 4197 πειθαρχῶν
727 4128 847 4188 ταῖς
870 4126 1233 4187 Δεσποτικαίς
1275 4124 1540 4187 ἐντολαῖς,
1596 4124 1747 4177 ἐλεύ-

154 4216 332 4283 θερος
386 4216 483 4285 μέν
548 4217 667 4268 ἐστι
702 4214 908 4277 παντὸς
955 4212 1201 4281 ἐπιγείου
1237 4211 1425 4280 φόϐου,
1463 4211 1745 4282 ἐλεύθερος

150 4314 217 4366 δὲ
286 4308 519 4379 ὑποψίας
568 4307 913 4377 ἐπισειούσης
966 4305 1187 4367 ποινάς·
1236 4303 1315 4375 τῷ
1365 4304 1515 4374 πόθῳ
1558 4304 1616 4357 δέ
1665 4303 1744 4375 τῷ

149 4400 490 4469 Δεσποτικῷ
537 4400 631 4453 καὶ
668 4401 733 4468 τῇ
780 4398 1106 4468 συντηρήσει
1154 4395 1263 4450 τῶν
1312 4396 1539 4450 ἐντολῶν
1591 4397 1743 4463 ἐξευ-

147 4492 404 4562 γενίςων
429 4490 622 4543 ἑαυτοῦ
653 4489 750 4560 τὴν
774 4488 974 4560 ψυχὴν,
1009 4489 1101 4542 καὶ
1123 4486 1184 4540 ού
1195 4504 1299 4550 τως
1321 4490 1387 4559 τῇ
1424 4488 1520 4541 ἀνθ
1533 4490 1740 4559 ρωπίνῃ

146 4585 395 4654 ἐξουσία
440 4584 620 4652 φέρων
668 4581 916 4634 ἑκούσιον
964 4581 1061 4649 τὴν
1106 4580 1423 4648 ὑποταγήν.
1449 4578 1658 4641 ’Δλλως
1680 4595 1739 4631 τε

1847 3403 2020 3450 estote
2048 3396 2196 3449 omni
2225 3406 2490 3451 creaturae
2516 3397 2767 3452 humanae
2790 3437 2805 3461 ,
2840 3408 3063 3468 propter
3098 3400 3416 3470 Dominum,

1848 3484 1901 3539 id
1933 3493 2037 3547 est.
2074 3501 2182 3540 non
2226 3499 2446 3557 propter
2480 3489 2759 3544 incussum
2806 3490 2962 3545 vobis
2996 3506 3024 3544 a
3057 3494 3419 3562 gubernanti-

1848 3576 1949 3631 bus
1978 3577 2223 3631 timorem
2253 3595 2267 3643 ;
2297 3579 2391 3648 qui
2420 3583 2567 3633 enim
2606 3580 2677 3635 Ita
2707 3580 3107 3636 submittuntur
3134 3600 3416 3640 servorum

1846 3682 2106 3738 personas
2124 3678 2328 3737 agunt;
2358 3678 2412 3724 et
2440 3671 2578 3725 sicut
2599 3673 2739 3725 servi
2768 3672 3130 3729 obedientiam
3156 3678 3415 3744 praebent,

1848 3760 2099 3815 timentes
2117 3761 2461 3815 dominorum
2483 3762 2686 3831 plagas,
2709 3764 2961 3818 timentes
2990 3765 3167 3836 legum
3201 3769 3408 3833 minas,

1846 3862 1900 3906 et
1929 3852 2123 3905 timore
2144 3853 2209 3906 ad
2247 3853 2614 3907 obedientiam
2647 3854 2887 3922 impulsi.
2914 3854 3016 3921 Qui
3049 3868 3227 3911 autem
3256 3874 3420 3928 prop-

1846 3950 1927 3996 ter
1958 3942 2249 3996 Dominum
2283 3944 2591 4010 subjicitur,
2626 3945 2676 3999 id
2707 3955 2809 4010 est,
2845 3948 2939 4015 qui
2969 3949 3273 4003 voluntarie
3302 3950 3412 4003 Do-

1847 4033 2063 4088 minicis
2097 4035 2367 4089 mandatis
2410 4035 2613 4099 obedit,
2648 4037 2781 4090 liber
2809 4047 2892 4091 est
2922 4039 2991 4095 ab
3020 4042 3170 4093 omni
3199 4051 3417 4097 terreno

1845 4123 2061 4188 timore,
2097 4123 2235 4177 liber
2258 4134 2341 4178 est
2370 4124 2437 4179 ab
2467 4126 2614 4179 omni
2658 4128 3024 4191 accusatione,
3061 4130 3199 4184 liber
3232 4140 3316 4185 est
3349 4133 3418 4186 ab

1845 4216 1992 4269 omni
2031 4216 2341 4284 suspicione
2386 4231 2576 4285 pinnas
2625 4220 2947 4273 attrahente.
2997 4221 3196 4274 Amore
3235 4235 3413 4276 autem

1846 4306 2081 4371 Domini,
2115 4315 2170 4362 et
2208 4310 2586 4363 mandatorum
2627 4310 2940 4379 impletione
2970 4313 3211 4365 animam
3294 4328 3411 4368 ma-

1844 4398 2085 4469 gniﬁcat,
2114 4408 2169 4452 et
2190 4402 2261 4453 ita
2298 4401 2551 4468 potentia:
2582 4400 2831 4454 humanae
2883 4402 3250 4457 voluntariam
3283 4404 3417 4458 obe.

1844 4491 2099 4547 dientiam
2129 4491 2344 4560 praebet.
2374 4492 2604 4546 Aliunde
2634 4500 2813 4545 autem
2837 4508 2960 4545 cum
2996 4494 3163 4547 semel
3193 4509 3291 4548 nos
3328 4510 3417 4548 re-

1845 4584 2092 4650 demptos
2131 4597 2227 4650 per
2257 4596 2417 4635 suum
2450 4594 2699 4637 sanctum
2744 4585 3062 4651 sanguinem
3090 4600 3119 4637 a
3147 4594 3417 4653 potestate

143 4678 215 4732 δέ
277 4674 513 4743 ἐπείπερ
560 4674 706 4739 ἅπαξ
754 4671 1220 4742 ἐξαγορασθέντας
1269 4672 1416 4740 ἡμᾶς
1466 4670 1544 4739 τῷ
1575 4670 1741 4739 τιμίῳ

1845 4671 2041 4724 diaboli
2076 4670 2273 4724 liberos
2314 4686 2410 4725 nos
2438 4671 2613 4724 elIecit
2638 4670 2924 4736 Christus,
2958 4688 3027 4725 ne
3058 4674 3185 4742 quis
3220 4676 3365 4728 dicat
3400 4692 3414 4727 :

144 4768 371 4836 αἵματι
390 4764 553 4817 αὑτοῦ
572 4765 671 4834 τῆς
695 4764 804 4817 τῶν
820 4763 1081 4816 διασόλων
1099 4762 1411 4832 τυραννίδος
1428 4761 1745 4831 ἐλευθέρους

142 4858 454 4925 ἀπέφηνεν
480 4858 509 4909 ὁ
536 4855 766 4927 Χριστός
788 4871 803 4885 ο
840 4855 927 4907 ἴνα
976 4855 1049 4925 μή
1090 4871 1174 4917 τις
1203 4854 1334 4922 λέγῃ
1362 4870 1376 4884 ο
1418 4854 1481 4907 EI
1512 4853 1742 4920 γεγόνα·

147 4967 273 5020 μεν
303 4946 594 5017 ἐλεύθεροι,
619 4945 735 5008 πῶς
758 4946 919 4999 πάλιν
940 4944 1260 5007 ύποτάττεις
1284 4946 1398 5007 τοῖς
1428 4944 1745 5012 ὲγκοσμίοις

139 5042 435 5110 ἄρχουσιν
478 5037 666 5105 ἡμᾶςς
712 5034 799 5097 ξος
830 5033 1292 5102 ἐλεύθεροι,λέγω,
1326 5034 1511 5102 φησὶν,
1545 5031 1746 5085 ὑποτά·

139 5147 329 5201 γητε,
365 5128 640 5180 τουτέστιν
682 5127 899 5189 ἑκόντες
937 5125 1044 5179 ἀπὸ
1092 5124 1338 5194 γνώμης,
1391 5127 1455 5178 ἐκ
1490 5124 1745 5195 προαιρέ-

137 5233 345 5279 σεωςο
383 5216 571 5284 ῶσπερ
600 5216 707 5286 γάρ
735 5215 935 5269 δούλων
972 5216 1035 5269 τὸ
1061 5215 1312 5269 ἀκούσιον
1348 5217 1440 5268 καὶ⁵
1470 5232 1746 5285 κατηναγ-

140 5306 452 5375 κασμένον
512 5307 607 5359 καὶ
655 5305 1017 5375 ἀπροαίρετον
1060 5322 1073 5336 ·
1123 5306 1294 5369 οὕτως
1345 5305 1643 5375 ἐλευθέρων
1686 5306 1747 5358 τὸ

139 5396 447 5460 ἑκούσιον,
489 5396 584 5448 καὶ
637 5397 805 5467 χωρὶς
851 5396 1096 5466 ἀνάγκης
1145 5399 1237 5449 καὶ
1265 5396 1741 5468 αύτοπροαίρετον.

137 5489 352 5543 Ὀταν
396 5482 488 5539 οὖν
519 5486 734 5549 ἑκόντες
768 5487 1204 5557 ύποτασσὼμεθα
1247 5491 1360 5549 τοῖς
1390 5489 1745 5550 Δεσποτικοῖς

132 5584 361 5652 νόμοις
395 5577 723 5646 πειθόμενοι,
771 5576 869 5648 τὴν
912 5578 1222 5649 ἐλευθερίαν
1254 5580 1453 5648 μᾶλλον
1483 5578 1739 5649 κρατύνο-

134 5688 295 5743 μεν,
335 5669 428 5720 καὶ
458 5668 639 5731 ἀξίους
670 5669 818 5737 ἡμᾶς
846 5669 946 5737 τῆς
990 5669 1197 5739 δωρεᾶς
1229 5670 1433 5740 ταύτης
1463 5668 1741 5738 παριστῶ-

134 5778 267 5836 μεν
332 5760 425 5811 καὶ
487 5758 926 5827 ἐπιδεικνύμεθα.
980 5756 1074 5824 Οἷς
1134 5762 1241 5830 γὰρ
1300 5762 1389 5813 τὸν
1466 5760 1739 5828 Δεσπότην

134 5854 447 5926 τιμῶμεν,
497 5854 607 5916 τοῖς
661 5852 824 5907 αὑτοῦ
867 5853 1051 5923 νόμοις
1098 5854 1353 5923 ἀγόμενοι
1406 5853 1737 5925 περιχαρῶς,

1845 4757 1900 4813 Si
1934 4759 2089 4814 liberi
2126 4758 2252 4813 lacti
2299 4776 2525 4823 sumus,
2576 4774 2745 4829 quare
2788 4760 2981 4814 iterum
3034 4762 3256 4816 obedias
3310 4764 3417 4818 illis

1842 4852 1933 4921 qui
1965 4853 2017 4904 in
2048 4852 2150 4907 hoc
2182 4852 2386 4905 mundo
2422 4852 2582 4905 nobis
2610 4852 2879 4919 imperant
2907 4868 2924 4917 ;
2970 4860 3028 4905 ut
3052 4853 3231 4919 liberi,
3269 4857 3413 4919 dico,

1843 4939 2037 5006 inquit,
2079 4939 2331 5004 obedite;
2372 4939 2424 4992 id
2466 4948 2582 5003 est,
2619 4940 2928 4995 voluntarie
2957 4958 3023 4996 ex
3055 4945 3413 5011 conscientia,

1843 5042 1909 5081 ex
1936 5028 2218 5082 electione.
2258 5028 2411 5083 Sicut
2452 5029 2597 5082 enim
2640 5045 2922 5083 servorum
2970 5042 3055 5085 est
3104 5034 3415 5089 involunta-

1845 5119 1986 5172 rium
2015 5128 2070 5172 et
2111 5121 2479 5175 necessarium
2510 5132 2562 5175 et
2589 5132 2859 5185 coactum,
2893 5123 2966 5176 ita
2998 5122 3291 5180 liberorum
3329 5140 3413 5181 est

1842 5211 2209 5266 voluntarium
2248 5222 2302 5267 et
2339 5212 2567 5268 liberum
2613 5224 2666 5268 et
2694 5216 2944 5269 electum.
2976 5215 3112 5270 Cum
3150 5233 3277 5285 ergo
3315 5234 3413 5271 vo-

1842 5304 2075 5359 luntarie
2098 5305 2304 5375 legibus
2322 5304 2613 5360 Dominicis
2636 5306 2920 5361 obedimus
2941 5324 3007 5361 ex
3032 5311 3408 5376 persuasione,

1843 5398 2146 5451 libertatem
2177 5398 2347 5467 magis
2385 5398 2804 5453 corroboramus
2842 5405 2895 5451 et
2923 5398 3085 5467 hujus
3122 5399 3253 5453 doni
3328 5402 3411 5455 di-

1844 5503 1980 5556 gnos
2006 5504 2103 5542 nos
2116 5490 2435 5544 exhibemus
2448 5498 2501 5544 et
2516 5489 2876 5543 ostendimus.
2903 5488 3040 5542 Cum
3060 5491 3205 5543 enim
3229 5505 3410 5560 regem

1848 5582 2201 5647 honor-amns,
2240 5583 2446 5653 legibus
2480 5582 2623 5636 illius
2655 5583 2795 5636 ultro
2835 5582 3168 5648 servientes,
3205 5583 3409 5637 donum

1848 5686 1948 5725 nos
1994 5674 2263 5741 recepisse
2305 5682 2359 5725 et
2406 5673 2781 5727 liberalitatem
2832 5672 3018 5726 mirari
3065 5676 3407 5737 confitemur,

1850 5763 1974 5816 hinc
2009 5764 2173 5817 decus
2211 5764 2459 5817 donatori
2503 5765 2863 5819 inenarrabile
2913 5765 3256 5819 adducimus.
3290 5765 3411 5819 Ca-

1850 5866 2022 5909 tcrum
2057 5870 2235 5909 nonne
2263 5855 2497 5911 salutare
2530 5866 2611 5911 est
2635 5855 2832 5911 mentis
2858 5870 3127 5911 consensu
3163 5857 3405 5911 ordinem
