4174 6450
755 409 862 474 883
1908 415 2175 478 ΡΗΟΤΙΙ
2213 417 2354 478 ΡΑΤ

2456 418 2720 480 ΑΒΟΗΕ
2756 423 2866 484 CP.
3925 428 4026 494 ιιι

759 523 812 576 in
845 523 1009 577 rebus
1050 522 1287 593 politicis
1323 540 1545 582 scrvare
1591 533 1647 580 et
1688 524 1837 596 quod
1876 524 2087 596 justam
2120 538 2208 584 est
2258 530 2346 586 bis

2456 532 2821 603 ὁμολογοῦμεν
2847 534 2911 588 τὺ
2946 535 3120 605 δῶρον
3150 536 3513 602 ὑποδέξασθαι
3562 541 3656 592 καὶ
3697 540 3798 610 τὴν
3828 539 4028 606 alm-

753 615 846 684 qni
882 627 1123 683 praunt
1152 619 1286 672 dare
1309 619 1335 671 ?
1364 618 1564 672 etenim
1594 616 1844 688 profecto
1869 621 1963 689 qui
1987 620 2115 673 talia
2141 631 2329 691 agunt,

2456 625 2574 678 ιιαν
2605 625 2910 695 θαυμάζειν
2931 645 2947 659 ο
2979 630 3047 681 δι’
3074 622 3150 682 ὧν
3182 629 3244 682 τὸ
3277 629 3440 693 σέϐας
3472 631 3552 701 τῷ
3575 631 3833 683 δεδωκότι
3855 648 4026 700 xpos-

754 706 970 760 animas
999 707 1069 760 ab
1097 709 1246 761 omni
1290 709 1696 764 inordinatione
1738 718 1794 765 et
1827 710 2100 767 divisione
2127 713 2330 769 liberas

2456 716 2640 786 ὶγομεν
2666 719 3079 787 ἀπροφάσιστον
3101 738 3116 750 ’
3150 719 3268 782 πῶς
3304 720 3361 772 δὲ
3390 723 3487 773 καὶ
3515 722 3693 783 ἄλλως
3750 724 3815 774 ού

755 795 956 847 habent
982 805 1033 849 et
1069 811 1188 851 sese
1223 797 1492 852 libertatis
1524 813 1554 851 a
1590 797 1702 852 Deo
1737 801 1895 854 nobis
1924 802 2191 870 pratia:
2238 802 2326 854 di-

2456 825 2549 860 ιιον
2605 809 2948 878 ὲκουσιότητι
3010 811 3240 880 γνώμης
3302 810 3403 878 τὴν
3455 812 3516 862 ὲν
3569 811 3821 879 πολιτεία
3877 811 4025 873 τάξιν

753 899 887 952 gnos
919 886 1199 948 exhibent;
1233 888 1328 956 qui
1358 897 1540 942 autem
1577 898 1760 942 mente
1790 904 2065 958 perversa,
2098 890 2327 944 audacia

2456 897 2808 966 ειαφυλάττειν
2849 901 2946 954 καὶ
3009 902 3073 953 τὸ
3123 901 3249 953 κατ’
3303 901 3463 964 ἀξίαν
3504 903 3693 969 νέμειν
3717 903 3837 960 τοῖς
3859 903 4022 970 ὑπερ-

753 975 894 1029 mala
933 985 988 1031 et
1032 977 1100 1032 de
1135 978 1372 1033 tumultu
1422 980 1723 1049 gaudentes
1755 980 2060 1034 libertatem
2106 996 2326 1033 annun-

2458 1005 2610 1058 χουσ⁹
2639 1007 2655 1050 ;
2688 993 2782 1044 καὶ
2807 992 2919 1060 γάρ
2950 991 3026 1054 ὡς
3060 991 3276 1061 ἀληθῶς
3306 994 3358 1045 οι
3382 991 3618 1045 τοιοῦτοι
3652 992 4022 1059 ἰλευθέραςτε

753 1065 926 1129 tiant,
955 1067 1276 1123 dissidentia
1307 1069 1508 1123 bonum
1553 1070 1800 1124 ordinem
1851 1080 2169 1142 rumpentes
2192 1109 2209 1133 ,
2251 1073 2328 1126 illi

2456 1077 2691 1146 ›έρουσιν
2721 1081 2786 1132 ἐκ
2806 1081 2988 1150 πάσης
3011 1081 3251 1147 ἀταξίας
3273 1082 3369 1134 καὶ
3415 1083 3657 1144 στάσεως
3696 1084 3793 1142 τὰς
3820 1083 4018 1150 ψυχᾶς,

752 1154 1023 1210 libertatis
1053 1159 1274 1212 nomine
1303 1159 1568 1213 malitiam
1593 1171 1646 1213 et
1669 1161 2037 1230 arrogantiam
2063 1170 2328 1231 tegentes,

2456 1169 2533 1218 tat
2592 1170 2694 1236 τῆς
2749 1168 2939 1222 θεόθεν
2989 1170 3285 1240 δεδομένης
3344 1173 3482 1240 ἡμῖν
3531 1172 3854 1240 ἐλευθερίας
3899 1171 4028 1233 ἄξιοι

750 1247 893 1302 servi
915 1256 1042 1302 sunt
1065 1250 1376 1318 passionum
1401 1250 1824 1313 irrationalium,
1839 1251 1980 1305 servi
2001 1252 2340 1307 tnnltnsct

2456 1258 2605 1308 πᾶσιν
2657 1259 3102 1314 ἐπιδείκνυνταισ
3143 1264 3194 1314 oi
3242 1261 3301 1312 δὲ
3350 1262 3546 1332 γνώμῃ
3593 1263 3693 1328 μὲν
3743 1262 4023 1330 μοχθηρᾷ.

751 1339 1200 1408 perturbationis.
1231 1342 1502 1397 libertatis
1526 1342 1743 1396 inimici
1775 1351 1828 1395 et
1846 1341 1967 1396 ideo
1989 1341 2080 1396 illa
2105 1342 2337 1411 indigni.

2456 1343 2614 1414 ςόλμῃ
2635 1345 2693 1396 δὲ
2723 1347 2938 1415 πονηρᾷ
2990 1347 3088 1399 καὶ
3127 1349 3395 1416 ταραχαῖς
3424 1348 3698 1419 χαιρούσῃ
3733 1347 3842 1416 τὴν
3885 1347 4033 1400 thu-

753 1433 945 1503 θερίαν
1011 1436 1475 1506 ιπιφημίζοντες,
1542 1440 1634 1491 καὶ
1680 1438 1768 1490 διὰ
1825 1436 1992 1491 τοῦτο
2062 1438 2254 1491 στάσει
2284 1439 2388 1507 τὴν
2440 1439 2698 1508 εὐνομίαν
2743 1439 2988 1504 λύοντες,
3024 1434 3176 1494 οὗτοι
3229 1442 3607 1512 προκάλυμμα
3641 1442 3919 1512 πονηρίας
3943 1444 4031 1494 καὶ

750 1528 1043 1594 αὐθαδείας
1069 1533 1167 1602 τὴν
1189 1532 1503 1603 ἐλευθερίαν
1529 1532 1979 1604 προϐαλλόμενοι,
2027 1533 2209 1587 δοῦλοι
2269 1535 2373 1604 μιν
2440 1536 2579 1588 είσιν
2623 1535 2927 1603 ἀλογίστων
2975 1537 3189 1603 παθῶν,
3222 1537 3401 1591 δοῦλοι
3429 1539 3487 1591 δὲ
3521 1541 3770 1609 ταραχῆς
3812 1539 3912 1592 καὶ
3943 1539 4029 1590 In-

751 1620 954 1692 ρύϐιυν,
984 1623 1078 1676 καὶ
1108 1626 1205 1694 τῆς
1235 1624 1551 1694 ἐλευθερίας
1580 1626 1903 1697 κατήγοροι,
1931 1626 2144 1678 καὶδιά
2168 1626 2329 1680 τοῦτο
2363 1627 2571 1695 ταύτης
2599 1627 2830 1692 ἀνάξιοι.

826 1713 953 1766 Vult
983 1727 1160 1769 autem
1183 1717 1500 1785 Apostolus,
1535 1733 1621 1787 per
1664 1719 1826 1773 istam
1861 1719 2321 1783 exhortationem.
2351 1722 2354 1779 ἶ

2519 1721 2778 1773 Βούλεται
2815 1721 2873 1774 δὲ
2911 1722 3058 1791 ἡμᾶς
3106 1722 3196 1776 διὰ
3253 1722 3459 1792 ταύτης
3511 1722 3613 1790 τῆς
3647 1719 4029 1792 παραινέσεως

756 1817 855 1857 nos
894 1803 946 1856 in
981 1806 1241 1859 omnibus
1274 1806 1395 1858 vita-
1429 1807 1778 1876 pactionibus
1802 1846 1818 1867 .
1855 1816 1910 1862 et
1950 1808 2006 1861 in
2039 1807 2164 1862 aliis
2207 1823 2332 1873 qu

2456 1811 2467 1862 ἱ
2510 1811 2832 1874 ’Δπόστολος
2861 1815 2920 1866 ὲν
2956 1815 3091 1866 πᾶσι
3120 1817 3234 1876 τοῖς
3262 1816 3405 1868 κατά
3428 1819 3519 1868 τον
3574 1815 3690 1884 βίον
3725 1814 4026 1880 συναλλάτ-

756 1897 823 1949 ad
861 1911 974 1951 rem
1003 1897 1278 1966 politicam
1308 1897 1608 1966 pertinent,
1637 1899 1882 1977 quandi}!
1925 1899 2146 1956 divinus
2174 1916 2332 1956 amor

758 1989 840 2041 vel
884 1987 1017 2042 lldes
1071 2003 1178 2042 non
1223 1988 1617 2054 oﬂ'cnduntur,
1660 1973 1925 2045 doeibiles
1955 2005 2080 2046 esse
2121 1990 2333 2061 legibus

759 2091 1083 2145 pmparare.
1109 2088 1164 2132 et
1191 2077 1298 2132 illis
1319 2077 1518 2147 quibus
1547 2079 1844 2133 commissa
1877 2087 1961 2133 est
2002 2079 2181 2148 legum
2235 2095 2336 2133 au-

758 2167 987 2220 ctoritas
1020 2175 1068 2220 et
1095 2166 1414 2236 gubernatio
1438 2205 1453 2229 ,
1493 2167 1837 2235 indulgentes
1870 2184 2026 2235 esse,
2075 2183 2175 2224 nec
2210 2170 2334 2224 illos

760 2258 851 2325 qui
890 2268 1129 2325 pra-,sunt
1153 2257 1452 2326 despicere,
1488 2262 1742 2329 quamvis
1764 2261 1816 2313 in
1846 2263 2156 2329 oppositum
2188 2261 2336 2314 veri-

761 2349 888 2402 tatis
920 2349 1220 2402 revereutia
1255 2350 1360 2404 illis
1389 2360 1594 2404 mutata
1633 2350 1833 2403 fuerit!
1863 2351 2073 2418 quare?
2107 2351 2336 2420 Propter

765 2452 934 2489 unum
965 2437 1206 2503 quidem,
1243 2447 1302 2491 ut
1332 2438 1408 2491 illi
1445 2439 1537 2507 qui
1567 2437 1632 2491 ad
1663 2437 1995 2506 impietatem
2020 2439 2338 2494 discordant

766 2525 1008 2579 videntes
1028 2535 1272 2580 nostram
1303 2527 1724 2597 indulgentiam,
1755 2537 1810 2582 et
1830 2541 2071 2582 nostram
2093 2530 2147 2583 in
2171 2546 2340 2598 agen-

762 2616 832 2666 do
855 2616 1194 2669 honestatem
1227 2626 1282 2670 et
1319 2616 1654 2671 docilitatem
1681 2656 1697 2680 ,
1744 2616 1908 2671 simul
1947 2618 2167 2686 quidem
2206 2618 2339 2671 visis

767 2706 964 2758 nostris
995 2705 1237 2759 moribus
1287 2715 1340 2760 et
1373 2715 1560 2760 nostra
1592 2707 1702 2760 vita
1741 2707 2106 2772 erubescant,
2149 2716 2205 2760 et
2236 2722 2340 2761 nos

765 2810 873 2848 non
904 2795 1008 2850 illis
1039 2796 1258 2851 obedire
1288 2799 1343 2850 in
1385 2798 1549 2851 rebus
1573 2798 1882 2865 religiosis,
1916 2813 2026 2850 non
2070 2799 2342 2867 superbia

765 2901 932 2940 causa
962 2925 979 2952 ,
1027 2902 1126 2941 nec
1175 2889 1372 2943 mentis
1412 2889 1668 2943 indocilis
1711 2889 2081 2942 ostentatione
2125 2897 2339 2957 putent,

766 2977 857 3029 sed
903 2987 1121 3044 prOpter
1157 2978 1323 3031 divini
1366 2979 1640 3033 sermonis
1663 2994 1908 3032 amorem
1976 2994 2076 3034 nec
2107 2995 2216 3033 non
2245 2996 2344 3049 po-

2440 1920 2574 1972 μασι
2625 1906 2718 1956 καὶ
2763 1907 2877 1968 τοῖς
2934 1905 3115 1968 ἄλλοις
3175 1905 3594 1975 πολιτεύμασιν,
3641 1908 3744 1959 ὅσα
3804 1906 3883 1974 μὴ
3936 1905 4028 1973 τὴν

2439 1991 2595 2043 θείαν
2621 1993 2844 2062 ἀγάπην
2891 1993 2985 2045 καὶ
3015 1993 3199 2045 πίστιν
3242 1993 3686 2062 ἐπιλυμαίνεται,
3720 1992 4029 2060 πειθηνίως

2439 2074 2581 2132 εἶναι
2601 2081 2714 2142 tot;
2741 2080 2926 2149 νόμοις
2970 2080 3416 2148 παρασκευάζειν
3437 2095 3452 2110 ⁶
3501 2081 3595 2132 καὶ
3628 2074 3712 2141 οἷς
3744 2079 3781 2146 ἡ
3806 2077 3922 2129 τῶν
3948 2078 4028 2129 νό-

2441 2186 2562 2238 μων
2577 2169 2981 2239 κατεπιστεύθη
3007 2169 3267 2239 κυριότης
3287 2170 3381 2221 καὶ
3402 2169 3652 2238 πρόνοια,
3677 2167 4028 2237 εύγνὼμονάς

2439 2279 2502 2315 τε
2539 2257 2680 2315 εἶναι
2718 2266 2813 2316 καὶ
2849 2262 2926 2332 μὴ
2981 2263 3259 2332 ὑπερορᾷν
3309 2262 3437 2324 τοὺς
3467 2261 3872 2332 ὑπερέχοντας,
3933 2259 4030 2312 κάν

2441 2359 2524 2418 εις
2550 2355 2866 2410 τούναντίον
2915 2357 3100 2418 αὐτοῖς
3133 2357 3234 2424 τῆς
3273 2357 3534 2425 ἀληθείας
3584 2357 3647 2409 τὸ
3693 2356 3870 2418 σέϐας
3903 2357 4031 2408 ἀκο-

2440 2446 2809 2518 διακέκριται.
2867 2448 2968 2500 Διά
2996 2450 3090 2514 τίς
3158 2449 3255 2500 Ἐν
3308 2450 3407 2518 μὲν
3450 2449 3539 2502 ἵνα
3583 2449 3679 2501 καὶ
3708 2448 3867 2500 αὐτοὶ
3896 2447 4030 2514 πρὸς

2442 2535 2543 2606 τὴν
2601 2536 2860 2589 ἀσέϐειαν
2895 2538 2946 2589 ol
2991 2535 3392 2604 διαφωνοῦντες
3436 2536 3674 2606 ὁρῶντες
3726 2536 3891 2604 ἡμῶν
3936 2538 4030 2603 τὴν

2448 2623 2872 2694 εὐγνωμοσύνην
2903 2625 2998 2678 καὶ
3033 2625 3094 2677 τὸ
3126 2623 3236 2678 τῶν
3267 2625 3487 2692 τρόπων
3513 2625 3734 2692 εὐγενὲς
3762 2626 3862 2676 καὶ
3909 2640 4031 2676 πει-

2445 2720 2652 2790 θήνιον,
2680 2720 2799 2789 ἅμα
2839 2720 2938 2789 μὲν
2966 2719 3126 2789 ήμῶν
3154 2719 3532 2790 ύπερυθριῶσι
3557 2722 3624 2789 τῇ
3660 2719 3917 2788 πολιτείᾳ
3943 2722 4034 2770 καὶ

2445 2811 2559 2868 τοίς
2593 2807 2785 2876 ἦθεσιν
2810 2822 2827 2837 ⁸
2878 2808 2995 2876 ἅμα
3035 2807 3093 2859 δὲ
3125 2806 3185 2860 τὸ
3215 2807 3293 2876 μὴ
3323 2806 3611 2859 πείθεσθαι
3658 2807 3847 2866 αὐτοῖς
3896 2807 4036 2857 κατά

2447 2893 2509 2946 τὸ
2533 2894 2721 2956 σέϐας,
2763 2894 2838 2962 μὴ
2864 2894 3162 2955 αὐθαδείας
3192 2895 3354 2963 ἔργον
3377 2893 3663 2963 νομίζωσι,
3717 2892 3862 2961 μηδὲ
3889 2891 4033 2957 γνὼο

2453 3002 2560 3054 μης
2586 2986 2922 3054 ἀτεράμονος
2952 2986 3314 3053 ἐπιτήδευμα,
3343 2984 3458 3038 ἀλλ’
3488 2985 3691 3054 ἔρωτος
3712 2985 3860 3053 ὑπὲρ
3880 2983 4040 3048 λόγον

767 3065 950 3120 tentia:
976 3067 1306 3136 virtutisque
1356 3067 1553 3122 divinae
1587 3086 1600 3120 :
1633 3068 1797 3121 simul
1829 3069 1995 3121 etiam
2032 3077 2091 3120 ut
2119 3070 2349 3136 possint,

2456 3075 2602 3128 θείου
2633 3075 2727 3127 καὶ
2777 3075 2931 3136 θείας
2977 3075 3262 3143 δυνάμεως
3325 3076 3420 3127 καὶ
3469 3073 3794 3143 ὲνεργείας’
3843 3073 3963 3141 ἅμα
3987 3073 4041 3124 δι

768 3170 866 3224 per
896 3167 1145 3212 nostrum
1181 3157 1398 3211 dulcem
1446 3168 1500 3210 et
1537 3161 1958 3212 convenientem
2011 3161 2204 3226 agendi
2236 3175 2356 3212 mo-

768 3246 936 3312 dum,
967 3247 1012 3301 si
1055 3247 1195 3301 forte
1253 3249 1555 3314 voluerint,
1614 3249 1862 3316 aspicere
1923 3249 1990 3301 ad
2026 3249 2354 3304 iueﬂabilem

770 3337 1046 3406 religionis
1097 3347 1296 3393 nostra:
1348 3339 1815 3408 pulchritudinem
1861 3349 1914 3394 et
1963 3341 2110 3395 illius
2161 3357 2355 3397 amore

770 3426 1022 3487 excitati,
1060 3427 1388 3481 diabolicum
1417 3429 2079 3496 quidetuelialololatrum
2113 3431 2355 3484 furorem

771 3516 1146 3582 detestentur,
1205 3519 1522 3571 societatem
1567 3529 1748 3572 autem
1799 3529 1854 3573 et
1906 3536 2150 3573 amorem
2210 3521 2357 3575 illius

774 3605 895 3658 loco
948 3621 1164 3676 sponsze
1207 3609 1410 3662 Christi
1464 3609 1722 3663 Ecclesia:
1773 3611 2099 3678 suscipiant.
2147 3610 2224 3665 Ea
2273 3621 2359 3666 est

773 3695 992 3765 quidem
1035 3699 1207 3767 prima
1253 3713 1416 3753 causa
1454 3702 1774 3768 apostolica:
1819 3703 2142 3762 sentcntiae;
2177 3704 2224 3757 si
2267 3719 2356 3757 se-

773 3789 1008 3843 cundam
1033 3801 1214 3844 suteru
1244 3792 1505 3856 volueris,
1539 3803 1598 3845 ut
1621 3793 1712 3862 qui
1739 3793 1924 3848 ﬁdeles
1947 3804 2359 3864 persequuntur

774 3888 828 3932 et
858 3881 1136 3949 expellunt
1164 3891 1215 3935 et
1252 3881 1470 3952 ﬂagitiis
1495 3883 1763 3948 eiliciunt,
1785 3885 1997 3938 cultum
2019 3900 2356 3955 paganorum

778 3971 1117 4038 prolltentes,
1155 3984 1264 4024 non
1299 3971 1365 4024 ad
1397 3970 1534 4027 alias
1561 3971 1830 4040 quasdam
1866 3987 2064 4028 causas
2097 3989 2357 4042 persecu-

777 4060 956 4115 tiones
983 4059 1186 4114 referre
1217 4061 1458 4116 habeant
1478 4099 1494 4124 ,
1525 4076 1626 4117 nec
1657 4071 1714 4115 ut
1743 4062 2076 4119 dissidentes
2096 4073 2149 4118 et
2181 4066 2358 4134 agita-

778 4160 928 4206 tores
961 4153 1012 4207 in
1039 4152 1310 4222 judicium
1336 4168 1438 4207 nos
1465 4153 1755 4217 adducant,
1787 4155 1880 4209 sed
1904 4165 2129 4226 prapter
2151 4157 2357 4225 ipsam-

781 4251 894 4297 mct
928 4243 1282 4314 religionem.
1316 4253 1371 4299 et
1411 4246 1541 4316 quia
1589 4262 1698 4299 non
1741 4247 2019 4316 potuimus
2065 4248 2263 4304 adduci
2289 4250 2357 4305 ad

783 4335 989 4388 cultum
1027 4335 1273 4388 divinum
1307 4336 1577 4390 creaturis
1613 4345 1668 4390 et
1700 4339 1944 4391 materia:
1993 4339 2352 4394 reddendum.

783 4426 936 4490 Quod
962 4436 1013 4480 et
1056 4426 1169 4495 ipse
1209 4427 1504 4496 explicavit
1548 4429 1740 4482 dicens
1771 4445 1786 4482 :
1820 4429 1891 4485 Ut
1917 4430 1973 4483 in
2009 4430 2214 4500 quibus
2255 4447 2358 4486 nos

786 4526 1046 4571 accusant
1077 4517 1231 4585 quasi
1263 4518 1406 4572 male
1462 4531 1773 4587 sperantes,
1801 4533 1867 4573 ex
1895 4520 2055 4574 bouis
2099 4522 2360 4588 operibus

787 4603 1116 4672 aspicientes
1146 4605 1446 4674 glorillcent
1486 4605 1656 4660 Deum
1689 4611 1742 4660 In
1781 4607 1869 4661 die
1910 4607 2127 4676 judicii.
2164 4606 2226 4661 Et
2259 4609 2362 4661 ite-

787 4707 909 4746 rum
942 4709 955 4744 :
984 4691 1076 4745 Sic
1115 4701 1199 4746 est
1228 4692 1483 4746 voluntas
1515 4692 1609 4747 Dei
1647 4704 1707 4747 ut
1749 4694 1887 4748 bene
1924 4704 2148 4764 agentes
2186 4694 2361 4749 refre-

790 4794 982 4832 nemus
1013 4777 1383 4847 iusipientium
1415 4779 1698 4833 hominum
1721 4781 2031 4835 stultitiam.
2075 4781 2156 4834 Ad
2187 4781 2364 4835 rebel-

791 4865 991 4919 lionem
1018 4875 1069 4918 te
1098 4865 1297 4935 aliquis
1327 4881 1572 4936 paganus
1601 4866 1685 4921 vel
1704 4864 1929 4921 Iudaeus
1954 4868 2146 4922 vocat?
2174 4882 2363 4938 pacem

793 4956 994 5010 indica.
1026 4954 1201 5009 Verba
1235 4956 1302 5009 ad
1337 4957 1690 5011 rebellionem
1729 4966 1784 5012 et
1824 4958 2222 5014 iudocilitatem
2269 4975 2366 5015 ex-

792 5045 1016 5099 citantia
1055 5044 1303 5113 profert?
1335 5061 1428 5116 per
1460 5046 1825 5100 obedientiam
1851 5047 1928 5099 illi
1955 5047 2236 5102 silentium
2264 5049 2368 5102 im-

796 5148 957 5201 pone.
997 5129 1241 5201 Superba
1291 5145 1341 5187 et
1386 5134 1703 5202 arrogantia
1759 5134 2010 5203 profert?
2071 5136 2368 5195 Dulcedine

792 5235 847 5278 et
880 5226 1183 5280 humilitate
1221 5229 1418 5280 mentis
1453 5241 1654 5280 vanum
1693 5227 1952 5297 loquendi
1987 5230 2230 5283 studium
2271 5245 2365 5285 re-

795 5314 968 5368 l‘rens.
1001 5315 1256 5370 Ordinem
1284 5315 1562 5384 politicum
1589 5316 1928 5370 destruentia
1949 5318 1974 5370 ἲ
1995 5317 2136 5370 Nihil
2163 5319 2218 5372 iu
2245 5319 2364 5376 istis

795 5422 1127 5477 Cognoscere
1151 5409 1419 5472 dicendo,
1464 5409 1794 5480 hypocrisim
1837 5409 1890 5462 in
1928 5410 2093 5465 fama.
2129 5409 2208 5466 Ita
2235 5413 2373 5468 insi-

798 5500 954 5569 piens
983 5500 1148 5555 homo
1194 5501 1455 5555 inl'renari
1497 5513 1701 5571 potest,
1731 5503 1812 5557 sic
1854 5501 1947 5557 Dei
1987 5520 2182 5558 servus
2211 5505 2374 5574 glori-

802 5595 1034 5658 licatur;
1082 5595 1162 5648 sic
1207 5595 1467 5648 mundum
1525 5595 1726 5662 vincit,
1775 5595 1992 5650 etiamsi
2051 5596 2373 5665 ﬂagelletur,

800 5685 1016 5741 etiamsi
1042 5695 1383 5756 torqueatur,
1413 5687 1627 5743 etiamsi
1657 5688 2032 5762 cruciﬁgatur,
2061 5688 2154 5756 qui
2184 5697 2374 5743 contra

808 5786 1088 5848 peccatum
1113 5777 1432 5835 honorabilc
1460 5781 1560 5836 sibi
1589 5781 1887 5849 troplmum
1910 5788 2216 5836 conservat.
2245 5781 2376 5847 Qui-

2453 3164 2531 3225 ὡς
2573 3163 2640 3216 ἂν
2661 3163 2943 3232 δυνηθεῖεν
2968 3161 3057 3215 διὰ
3083 3162 3184 3229 τῆς
3213 3163 3423 3232 ἡμέρου
3447 3165 3540 3214 καὶ
3573 3159 3857 3222 ἐπιεικοῦς
3886 3161 4043 3230 ημῶν

2455 3253 2750 3315 πολιτείας,
2782 3253 2943 3322 εἴπερ
2976 3253 3084 3320 ἀρα
3119 3251 3431 3320 βουληθεῖεν
3463 3251 3775 3320 ἀναϐλέψαι
3804 3251 3950 3320 πρὸς
3982 3251 4041 3302 τὸ

2453 3343 2549 3398 τοῦ
2609 3343 2954 3412 σεϐασμστος
3007 3340 3170 3412 ἡμῶν
3220 3342 3502 3412 ἄφραστον
3556 3340 3777 3403 κάλλος,
3844 3341 3944 3394 καὶ
3970 3339 4045 3407 τῷ

2455 3433 2664 3486 ἐκεῖθεν
2717 3433 2881 3504 ἔρωτι
2923 3431 3321 3502 πτερωθὲντες,
3386 3431 3765 3501 ,βδελύξωνται
3806 3433 3910 3500 μὲν
3958 3431 4046 3481 τὸν

2454 3525 2779 3593 δαιμονιώδη
2837 3524 2934 3578 καὶ
2988 3523 3267 3577 είδωλικδν
3316 3518 3555 3593 οἶστρον,
3606 3525 3704 3590 ιζ)
3737 3522 4046 3588 «suem

2455 3615 2514 3668 δὲ
2559 3615 2654 3667 καὶ
2699 3616 2792 3668 τὸν
2843 3613 3010 3667 πόθον
3049 3612 3490 3678 ἀνταλλάξωνται
3530 3613 3628 3679 τῆς
3683 3610 3916 3679 νύμφης
3957 3610 4047 3663 τσῦ

2457 3702 2696 3774 Χριστοῦ
2746 3702 3111 3772 Ἐκκλησίαςο
3160 3701 3289 3754 ἀλλ’
3346 3701 3496 3753 αίτία
3542 3701 3643 3770 μὶν
3672 3699 3820 3768 αῦτη
3853 3699 4048 3769 πρώτη

2455 3799 2557 3861 τῆς
2581 3794 2950 3863 ἀποπολικῆς
2981 3793 3288 3856 νουθεσίας.
3339 3794 3402 3846 Ei
3434 3791 3612 3862 βούλει
3639 3791 3702 3845 δὲ
3733 3791 3838 3846 καὶ
3864 3791 4051 3844 δευτέο

2461 3902 2581 3956 ραν,
2616 3883 2708 3938 ἴνα
2726 3883 3018 3945 διώκοντες
3047 3882 3145 3935 καὶ
3173 3881 3494 3944 ἐλαύνοντες
3518 3882 3614 3935 καὶ
3634 3879 4051 3950 τιμωρούμενοι

2456 3972 2582 4034 τοὺς
2604 3972 2833 4034 πιστοὺς
2864 3971 2914 4023 oi
2941 3969 3013 4023 τὰ
3053 3962 3322 4039 Ἑλλήνων
3343 3967 3631 4039 τιμῶντες,
3653 3967 3728 4037 μὴ
3775 3965 3861 4030 εις
3885 3964 4054 4027 ἄλλας

2456 4061 2610 4125 τινὰς
2643 4061 2827 4123 αίτίας
2847 4059 2941 4113 τὸν
2965 4059 3208 4128 διωγμὸν
3228 4059 3425 4129 ἔχωσιν
3461 4058 3760 4128 ἀναφέρειν
3783 4073 3799 4088 ·
3833 4057 3964 4126 μηδ’
3982 4057 4053 4117 ὡς

2460 4152 2776 4216 στασιώδεις
2802 4152 2897 4205 καὶ
2929 4153 3341 4223 ταραχοποιοὺς
3373 4152 3629 4218 suam;
3674 4149 3886 4214 δίκαις,
3920 4149 4055 4203 ἀλλά

2456 4246 2526 4300 δι’
2557 4243 2727 4314 αὐτὴν
2755 4244 2856 4314 τὴν
2883 4242 3204 4296 εὐσέϐειανο
3256 4243 3352 4296 καὶ
3398 4242 3462 4296 τὸ
3501 4241 3578 4313 μὴ
3621 4241 3973 4313 ἀνασχέσθαι
4001 4241 4056 4292 τὺ

2461 4336 2604 4393 θεῖον
2635 4335 2800 4397 σέϐας
2833 4336 2913 4397 είς
2936 4334 3036 4403 τὴν
3067 4333 3201 4404 ὓλην
3231 4335 3330 4386 καὶ
3359 4333 3428 4386 τά
3453 4332 3733 4401 κτίσματα
3757 4333 4051 4400 κατάγειν.

2462 4426 2633 4480 Τοῦτο
2659 4427 2716 4479 δὲ
2741 4427 2835 4480 καὶ
2865 4425 3026 4488 αὐτὸς
3057 4425 3327 4495 ἐδήλωσεν
3353 4426 3540 4478 είπὼνο
3570 4425 3691 4479 Ἵνα
3721 4426 3784 4477 ἐν
3816 4418 3866 4492 ᾧ
3892 4441 4055 4478 κατα·

2457 4516 2693 4570 λαλῶσιν
2752 4515 2911 4586 ἡμῶν
2985 4513 3062 4577 ὡς
3140 4514 3458 4568 κακοποιῶν
3548 4516 3613 4568 ἐκ
3692 4514 3810 4567 τῶν
3879 4514 4058 4568 καλῶν

2459 4609 2636 4678 ἔργων
2668 4603 3111 4667 ἐποπτεύσαντες
3158 4603 3429 4669 δοξάσωσι
3487 4602 3581 4656 τὸν
3607 4602 3744 4655 Θεδν
3774 4603 3839 4655 ιν
3875 4604 4058 4672 ἡμέρᾳ

2459 4693 2766 4760 ἐπισκοπῆς
2787 4707 2802 4720 '
2832 4693 2928 4744 καὶ
2959 4691 3122 4743 πάλιν
3207 4690 3394 4752 Οὕτως
3423 4690 3542 4742 ἐστὶ
3576 4689 3637 4742 τὸ
3691 4689 3920 4758 θέλημα
3971 4688 4057 4742 τοῦ

2461 4781 2620 4846 Θεοῦ,
2649 4777 3117 4848 ἀγαθοποιοῦντας
3157 4778 3362 4848 φιμοῦν
3389 4779 3491 4850 τὴν
3525 4778 3634 4833 τῶν
3677 4778 3944 4847 ἀφρόνων
3975 4780 4059 4832 ἀν-

2465 4871 2701 4943 θρώπων
2747 4871 3046 4940 ἀγνωσίαν.
3081 4869 3395 4932 Στάσινιτις
3450 4869 3559 4923 τῶν
3597 4869 3980 4939 Ἑλληνιστῶν
4028 4869 4056 4937 ἢ

2466 4962 2564 5016 καὶ
2598 4961 2854 5023 Ἰουδαῖος
2887 4961 3142 5013 ἐπικαλεῖ
3171 4975 3290 5023 σοις
3324 4958 3398 5011 Τὸ
3436 4957 3716 5029 εἰρηνικὸν
3741 4958 4021 5024 ιπίδειξον
4042 4995 4053 5008 .

2479 5053 2735 5122 Ἀνήκοον
2768 5049 3045 5103 διαϐάλλει
3075 5050 3171 5102 καὶ
3199 5047 3404 5118 ἀπειθῆ
3430 5065 3445 5113 ;
3496 5048 3595 5102 Διά
3625 5050 3729 5118 τῆς
3772 5048 4056 5115 ὑποταγῆς

2468 5141 2823 5209 ὲπιστόμισον
2843 5156 2858 5172 ο
2891 5139 3130 5202 ἀλαζόνα
3163 5138 3258 5192 καὶ
3285 5137 3529 5207 αὐθάδης
3558 5136 3651 5206 Τῷ
3677 5136 3937 5206 ταπεινῷ
3972 5137 4058 5188 καὶ

2473 5232 2666 5303 ἡμέρῳ
2695 5229 2793 5284 τοῦ
2814 5231 3166 5300 φρονήματος
3192 5230 3290 5300 τὴν
3323 5226 3707 5298 γλωσσαλγίαν
3739 5227 4055 5296 διελιιγξον⁸

2474 5324 2631 5389 τάξιν
2658 5320 2944 5389 πολιτικὴν
2971 5318 3293 5380 διαλύοντας
3316 5318 3416 5371 Διά
3439 5317 3535 5372 τοῦ
3559 5317 3730 5388 μηδὲν
3753 5318 3816 5371 εν
3841 5315 4060 5376 τούτοις

2473 5416 2832 5485 ἀγνωμονεῖν,
2861 5413 2962 5481 τὴν
3011 5411 3380 5479 συκοφαντίαν
3435 5409 3830 5479 στηλίτευοον·
3886 5407 4060 5465 οὕτως

2475 5507 2666 5575 ἄφρων
2699 5503 2838 5572 ἀνὴρ
2870 5501 3095 5555 δύναται
3124 5500 3443 5571 φιμοῦσθαι·
3474 5499 3648 5562 οὕτως
3663 5499 3804 5554 Θεοῦ
3839 5498 4059 5562 δοξάζε-

2477 5615 2562 5650 ται
2590 5589 3013 5667 δοῦλος.’οῠτως
3036 5594 3164 5663 νικᾷ
3192 5593 3282 5645 τὸν
3301 5592 3527 5663 κόσμον,
3561 5592 3667 5646 κᾶν
3699 5591 4058 5662 μαστίζηταις

2474 5687 2578 5740 κᾶν
2603 5683 2960 5755 στρεϐλῶται,
3013 5686 3116 5737 κᾶν
3170 5684 3686 5754 ἀνασκολοπίζηται,
3733 5684 3764 5736 ό
3817 5681 3893 5734 τὸ
3925 5677 4058 5733 κατὰ

2475 5776 2575 5846 τῆς
2628 5773 2902 5845 ἁμαρτίας
2964 5775 3225 5844 τρόπαιον
3297 5773 3622 5842 ἀνύϐριστον
3675 5769 4057 5829 συνδιασώζω
