4174 6450
168 433 277 496 885

1078 424 1178 483 AD
1207 417 1800 481 AMPHILOCHIUM
1838 419 2188 489 QUESTIO
2220 421 2494 484 CLXXX.

3302 434 3410 498 886

170 538 445 608 ἑαυτῷῧο
494 536 632 589 κατά
677 535 848 589 ταῦτα
904 532 1321 602 πολιτευόμενος
1376 531 1446 582 τὰ
1506 528 1741 598 aspecti-

1847 543 2062 593 cunque
2108 534 2409 587 secundum
2449 534 2549 589 ista
2583 538 2833 593 mandata
2880 556 2999 597 sese
3039 542 3310 610 habuerit,
3344 548 3409 599 Ii-

167 643 399 696 γματα,
455 624 713 693 ἐλεύθερα
760 622 915 692 φέρει
1011 619 1269 689 καθαρῶς
1324 619 1418 671 καὶ
1463 633 1535 668 τα
1599 617 1737 687 ἔργα

168 719 267 769 καὶ
307 717 431 779 τοὺς
481 716 674 782 λόγους
734 718 827 768 καὶ
889 713 995 783 πρό
1045 728 1110 780 γε
1155 709 1361 763 τούτων
1422 706 1592 779 αὐτὴν
1638 708 1736 777 τὴν

165 807 365 876 ψυχήνο

699 911 1030 967 ΕΡΩΤΗΣΙΣ
1064 912 1193 965 Pﬂ'.

365 1003 505 1087 Περὶ
535 1004 848 1073 θεολογίας
877 1000 1203 1073 ζητήματα·
1249 1002 1331 1068 τῷ
1356 1000 1554 1067 αὑτῷρ

1845 619 2037 673 herum
2072 620 2210 675 feret
2240 623 2294 676 in
2321 626 2560 693 puritate
2583 669 2598 691 ,
2635 640 2689 684 et
2724 631 2969 688 actiones
3003 644 3057 689 et
3104 651 3407 701 sermones,

1842 717 1898 763 et
1922 719 2050 765 ante
2073 711 2176 766 ista
2201 712 2376 781 ipsam
2406 718 2668 774 animam.

1837 906 2167 974 QUESTIO
2192 915 2451 975 CLXXX.
2488 918 2674 992 [CaisL
2703 921 2882 977 CCIX.
2942 925 3104 981 Taur.
3147 925 3282 997 αλ]
3325 928 3405 996 (l)

1907 1002 1982 1057 De
2023 1004 2303 1079 Tlteologia
2328 1015 2663 1081 qua-stiones.
2701 1013 2887 1070 Eidem
2915 1013 3355 1088 (Amphilochia).

446 1114 592 1163 Edita
616 1128 642 1163 a
668 1113 913 1176 Basnagio
937 1115 954 1177 (
975 1114 1136 1164 Canis.
1161 1112 1321 1177 Antig.
1344 1112 1455 1163 lect.
1495 1118 1531 1162 ι.
1557 1110 1628 1171 ll,
1662 1124 1713 1172 p.
1740 1123 1744 1154 ι

1847 1126 1923 1175 ag.
1948 1114 2200 1183 ιτς-ηδ).
2225 1148 2287 1159 -
2306 1121 2588 1186 Dogmatica
2620 1126 2683 1174 de
2710 1126 2991 1189 cognitione
3020 1126 3132 1178 Dei.

248 1201 523 1270 Ἀῥρητον
569 1202 666 1268 μὲν
710 1199 771 1252 to
794 1201 951 1253 Θείον
989 1200 1179 1271 ὥσπερ
1206 1203 1301 1254 καὶ
1324 1201 1587 1270 ἄληπτον,
1610 1198 1746 1254 διότι

171 1289 300 1358 μηδ’
327 1288 474 1341 εστιν
497 1288 621 1358 μηδ’
643 1289 907 1353 ἐπινοίαις
933 1290 1116 1356 ψιλαῖς
1143 1290 1601 1359 προῦφεοτηκότα
1626 1288 1746 1343 τινὰ

170 1378 379 1435 λαϐεῖν.
407 1380 488 1433 Δι’
514 1373 589 1433 ὧν
618 1380 647 1433 δ
677 1380 832 1450 λόγος
864 1380 1070 1452 προῖὼν
1101 1380 1200 1453 τὴν
1224 1381 1425 1451 γνῶσιν
1450 1381 1545 1435 καὶ
1572 1383 1747 1436 κατά-

169 1469 337 1541 ληψιν
382 1470 478 1525 τοῦ
520 1471 791 1542 μακαρίου
837 1472 1047 1526 ἑκείνου
1082 1472 1180 1527 καὶ
1213 1472 1523 1541 ἀφθέγκτου
1561 1471 1745 1543 παρά-

171 1577 294 1630 σχοι
320 1560 895 1635 θεάματος.’Δρρητον
920 1564 978 1618 δὲ
1007 1566 1099 1618 καὶ
1121 1565 1361 1634 ἄληπτον
1384 1565 1465 1628 ὂν,
1498 1565 1608 1618 ἀπ’)
1633 1564 1743 1617 τῶν

170 1651 420 1720 ὑστέρων
444 1651 594 1721 ὅμως
619 1654 725 1706 ἀπό
750 1672 895 1717 τινος
924 1655 1023 1723 τῆς
1050 1654 1258 1708 ἐκεῖθεν
1295 1657 1345 1707 εί
1378 1656 1473 1707 καὶ
1496 1655 1743 1724 ἀμυδρᾶς

171 1740 432 1807 ἀπαυγῆς
474 1742 533 1792 ὲν
578 1741 758 1803 αὐτοῖς
809 1741 1125 1813 κατιούσης,
1173 1743 1267 1796 καὶ
1297 1743 1365 1796 δι’
1400 1742 1580 1796 αὐτῶν
1612 1744 1743 1812 ημῖν

170 1832 278 1900 τὴν
329 1832 565 1886 διάνοιαν
593 1834 923 1897 ὲνατενίξειν
969 1836 1107 1905 πρὸς
1140 1837 1201 1889 τὸ
1248 1837 1530 1905 ἀμήχανον
1570 1837 1744 1887 ἐκεῖνο

173 1920 370 1984 κάλλος
403 1923 925 1992 παρασκευαζούσης
954 1963 969 1985 ,
1019 1924 1243 1977 δυνατόθ
1271 1926 1386 1977 ἐστι
1440 1923 1594 1987 τινὰς
1631 1923 1747 1977 θεο-

172 2013 411 2078 πρεπεῖς
436 2011 735 2081 φαντασίας
769 2013 1129 2079 εἰσδέξασθαι.
1155 2012 1296 2067 Καθ’
1324 2013 1384 2066 δν
1412 2013 1522 2082 γὰρ
1542 2013 1744 2082 τρόπον

169 2104 225 2157 οί
248 2104 399 2174 ζόφῳ
442 2106 609 2174 παχεῖ
639 2106 1054 2175 περικεχυμένῳ
1084 2105 1453 2174 ἐγκαθήμενοι
1484 2105 1743 2175 βραχεῖάν

168 2213 298 2250 τινα
325 2194 433 2249 τῶν
456 2196 699 2267 ἡλιακῶν
730 2196 968 2249 ἀκτίνων
1017 2196 1111 2249 καὶ
1140 2194 1390 2267 ἀμυδρὰν
1422 2195 1746 2266 λαμπηδόνα

169 2287 571 2358 παραδέχονται
598 2327 613 2351 ,
650 2286 824 2350 οὕτως
854 2286 904 2339 οί
946 2286 1024 2356 τῷ
1053 2286 1264 2358 σαρκίῳ
1290 2286 1745 2357 περιϐεϐλημένοι

170 2379 240 2430 ὲκ
274 2381 373 2448 τῆς
400 2377 657 2446 ἀπωγῆς
683 2376 896 2447 ἐκείνης
922 2376 1015 2431 τοῦ
1038 2375 1230 2448 νοητοῦ
1252 2376 1405 2449 ἡλίου
1425 2380 1507 2443 είς
1532 2378 1743 2431 ῑννοιάν

168 2486 297 2523 τινα
328 2470 421 2521 καὶ
455 2469 753 2537 φαντασίαν
781 2468 1061 2540 θεοπρεπῆ
1084 2468 1274 2541 ὥσπερ
1302 2471 1411 2523 ἀπό
1431 2487 1575 2533 τινος
1606 2488 1742 2525 κατ·-

168 2560 434 2631 οπτρικοῦ
474 2562 863 2631 μηχανήματος
899 2559 995 2613 τοῦ
1034 2577 1094 2613 τε
1132 2561 1296 2614 πόθου
1332 2563 1552 2631 καὶτῆς
1579 2561 1745 2631 συξη-

169 2655 387 2722 τήσεως
415 2655 725 2720 σκιοφανείς
770 2652 994 2715 ἀκτῖνας
1024 2652 1275 2717 ἱλκοντες
1315 2652 1611 2721 ἀνάγεσθαι
1650 2652 1743 2705 δύο

170 2760 385 2796 νανται.

256 2836 355 2888 Ὃν
386 2834 484 2905 μὲν
513 2834 605 2888 οὖν
634 2832 889 2897 διασώζει
917 2832 1119 2901 λόγονό
1149 2834 1302 2904 ἣλιος
1321 2836 1379 2888 εν
1407 2838 1521 2898 τοῖς
1546 2836 1743 2905 αἰσθη-

168 2929 323 2989 τοῖς,
355 2924 608 2996 τοιαύτην
641 2926 708 2979 ἂν
749 2926 877 2996 περὶ
918 2924 1010 2977 τοῦ
1042 2924 1203 2978 Θείου
1260 2925 1482 2980 δύναταί
1529 2944 1613 2990 τις
1658 2928 1746 2980 εν-

169 3033 327 3070 νοιαν
384 3017 457 3080 ὼς
502 3014 563 3081 ἐξ
625 3015 830 3079 εἰκόνος
888 3016 945 3066 εν
990 3016 1101 3077 τοῖς
1150 3017 1362 3085 νοητοῖς
1411 3014 1596 3070 δοῦναι
1647 3018 1742 3070 καὶ

171 3106 384 3160 λαόεῖν.

260 3198 420 3251 am
452 3197 561 3268 γὰρ
588 3196 685 3251 καὶ
732 3195 792 3263 ιε
838 3196 1161 3264 ἀποφάσεως
1194 3195 1302 3249 τῶν
1345 3197 1516 3250 ὄντων
1567 3198 1740 3251 ἀπάν-

169 3307 285 3343 των
334 3291 413 3353 είς
462 3288 696 3359 θεωρίαν
743 3287 1056 3356 ἀναγόμεθα
1100 3286 1199 3357 τῆς
1246 3287 1591 3359 ἐξῃρημένης
1634 3289 1743 3341 τῶν

169 3381 346 3436 ὄντων
392 3380 580 3444 οὐσίας
625 3396 685 3434 τε
733 3380 827 3433 καὶ
856 3378 1131 3450 θεότητος.
1171 3380 1235 3432 Ὀ
1269 3379 1377 3449 γὰρ
1413 3381 1579 3451 μηδέν
1628 3383 1744 3434 ἐστι

172 3473 288 3526 τῶν
325 3472 559 3537 πάντων,
603 3473 848 3542 κρεῖττον
879 3470 937 3523 δι
979 3468 1073 3522 τοῦ
1122 3471 1344 3534 παντὴς,
1368 3468 1516 3523 τοῦτ’
1538 3471 1626 3538 ,ἂν
1658 3471 1743 3541 εἴη

171 3563 333 3627 Θεὸς,
360 3562 419 3626 δς
447 3561 760 3633 προήγαγίν
784 3577 845 3613 τε
878 3561 944 3613 ἐκ
978 3560 1055 3629 μὴ
1084 3559 1251 3613 όντων
1280 3561 1359 3623 είς
1403 3563 1465 3613 τὸ
1507 3557 1646 3615 εἶναι
1682 3563 1745 3615 τὸ

171 3657 308 3717 πᾶν,
349 3655 441 3709 καὶ
477 3654 573 3723 τῆς
602 3652 709 3706 τῶν
737 3652 1099 3722 προηγμένων
1160 3650 1424 3723 διαμονῆς
1457 3655 1553 3707 καὶ
1580 3654 1747 3724 εναρ-

175 3745 369 3817 μονίου
392 3747 664 3816 κινήσεως
692 3744 793 3814 τὴν
818 3742 1070 3814 πρόνοιαν
1095 3743 1228 3812 ἔχει.

247 3840 360 3892 Καὶ
394 3840 496 3907 πρό
534 3855 597 3907 γε
627 3836 851 3900 τούτων,
896 3837 984 3892 ὅτι
1022 3835 1136 3888 εστι
1179 3836 1333 3899 Θεὸς,
1362 3839 1515 3908 κοινῇ
1560 3839 1729 3891 πᾶσιν

168 3930 617 3999 ἑγκατέσπαρται
642 3930 763 3993 ταῖς
786 3927 1150 3999 ἀνθρωπίναις
1178 3925 1456 3993 διανοίαις,
1473 3929 1572 3999 τῆς
1598 3932 1746 3986 ὲκεί-

171 4024 270 4076 θεν
304 4022 478 4091 αὐγῆς
508 4021 584 4084 ὼς
614 4019 683 4073 δι’
732 4021 1024 4091 ἐμφάσεων
1057 4022 1413 4093 διανιστώσης
1462 4024 1619 4095 ἡμῶν
1655 4027 1746 4080 τὸν

169 4113 321 4177 νοῦν,
349 4115 439 4166 καὶ
473 4113 917 4183 φωταγωγούσης
944 4116 993 4167 εί
1041 4117 1135 4168 καὶ
1178 4116 1254 4185 μὴ
1285 4118 1423 4186 πρὸς
1453 4117 1513 4169 τὸ
1547 4116 1746 4170 εἰδέναι

168 4207 225 4258 τί
262 4204 383 4257 ποτ’
411 4204 528 4256 ἐστὶ
557 4203 710 4268 Θεὸς,
740 4203 855 4257 ἀλλ’
887 4203 978 4256 οὖν
1008 4221 1072 4273 γε
1103 4207 1178 4275 μὴ
1204 4207 1419 4274 ἀγνοεῖν
1454 4207 1589 4279 ὅπερ
1610 4207 1747 4270 ὅλως

172 4294 348 4350 ἐστίν.

248 4387 311 4438 Et
340 4386 446 4456 γὰρ
476 4386 695 4457 πλῆθος,
716 4386 862 4440 ἆπαν
886 4386 993 4439 είτε
1024 4386 1124 4456 τὴν
1150 4387 1243 4440 τοῦ
1269 4387 1524 4458 συνεχοῦς
1546 4389 1746 4459 όνομα·

1770 1794 1819 1855 Β

1916 1203 2034 1260 Νοιι
2071 1209 2184 1277 (30)
2228 1222 2410 1281 potest
2436 1216 2704 1283 expromi,
2752 1216 2895 1271 sicut
2929 1232 3106 1283 neque
3156 1220 3413 1287 cognosci

1844 1291 2007 1360 Deus,
2048 1298 2175 1365 quia
2232 1315 2409 1369 neque
2450 1304 2770 1359 notionibus
2846 1314 3081 1370 tantum,
3140 1308 3414 1376 quaepiam

1843 1401 1965 1455 qua:
2001 1388 2153 1458 prius
2177 1392 2510 1459 exstiterint,
2544 1396 2823 1465 percipere
2858 1410 3172 1466 possumus,
3199 1412 3265 1451 ex
3291 1399 3418 1467 qui-

1844 1476 1949 1533 bus
1996 1481 2137 1536 ratio
2176 1498 2467 1553 progressa
2520 1486 2666 1541 illius
2703 1488 2850 1543 beati
2909 1490 3233 1559 spectaculi,
3264 1491 3413 1560 quod

1844 1569 2026 1623 verbis
2052 1572 2297 1639 expromi
2329 1588 2438 1626 non
2480 1585 2679 1643 potest,
2728 1578 3095 1647 cognitionem
3148 1578 3411 1647 praebeat.

1844 1655 1925 1713 Es
1957 1659 2024 1715 iis
2088 1668 2291 1725 tamen,
2324 1679 2446 1733 quae
2495 1668 2799 1735 posteriora
2849 1677 3000 1733 sunt,
3051 1677 3313 1737 tanquam
3348 1685 3417 1723 cx

1845 1750 2082 1820 quodam
2111 1753 2398 1821 splendore
2425 1757 2593 1821 tenui,
2663 1773 2694 1811 a
2730 1756 2840 1813 Deo
2889 1760 2941 1812 in
2990 1760 3126 1829 ipsis
3181 1760 3419 1815 obscure

1851 1851 2093 1905 ostenso,
2146 1846 2238 1912 qui
2272 1844 2417 1911 facit,
2452 1860 2507 1901 ut
2533 1851 2705 1918 possit
2728 1865 2881 1905 mens
2910 1850 2965 1904 in
2998 1851 3144 1905 illam
3191 1851 3421 1905 immen-

1850 1949 1966 1989 sam
1998 1935 2457 2003 pulchritudinem
2490 1938 2715 2004 intueri,
2756 1940 2868 1994 ﬁeri
2903 1951 3104 2011 potest,
3144 1952 3204 1995 ut
3252 1957 3420 2011 quas-

1849 2024 1973 2078 dam
2000 2026 2364 2096 cogitationes
2390 2028 2557 2084 Deum
2598 2031 2851 2087 decentes
2882 2033 3236 2102 recipiamus.
3268 2033 3421 2089 Sicut

1849 2116 2019 2181 enim,
2047 2117 2141 2186 qui
2175 2128 2307 2174 sunt
2356 2121 2598 2175 tenebris
2623 2122 2809 2177 densis
2860 2123 3208 2186 circumfusi,
3240 2124 3420 2194 fulgo-

1849 2223 1964 2262 rem
1995 2209 2283 2276 quemdam
2338 2227 2563 2281 parvum
2619 2222 2675 2267 ct
2705 2222 2922 2268 tenuem
2952 2215 3233 2269 radiorum
3284 2216 3420 2270 solis

1850 2299 2166 2364 admittunt,
2204 2302 2285 2356 sic
2317 2303 2410 2372 qui
2450 2312 2578 2357 sunt
2630 2305 2873 2359 conclusi
2907 2306 2960 2358 in
3008 2320 3193 2371 carne,
3222 2322 3289 2361 ex
3327 2308 3421 2361 illo

1850 2393 2138 2463 splendore
2192 2394 2327 2450 solis
2371 2394 2722 2459 intellectilis.
2784 2404 3044 2465 tanquam
3122 2399 3417 2466 aquodam

1847 2486 2073 2554 speculo
2100 2486 2235 2556 (3|).
2266 2486 2523 2541 desiderii
2549 2496 2604 2542 et
2654 2487 3030 2556 inquisitionis
3077 2489 3232 2543 radio
3296 2506 3421 2543 um-

1848 2574 2075 2630 bratiles
2117 2576 2418 2638 elicientes,
2450 2576 2516 2630 ad
2575 2576 2826 2632 notitiam
2867 2579 3159 2647 quamdam
3188 2588 3242 2635 et
3269 2580 3422 2650 cogi-

1849 2664 2107 2717 tationem
2138 2664 2336 2719 elevari
2369 2673 2617 2735 possunt.

1919 2838 2089 2906 Quam
2147 2839 2314 2906 igitur
2370 2841 2635 2895 rationem
2669 2840 2751 2896 sol
2800 2841 2855 2896 in
2892 2841 2979 2908 iis,
3016 2857 3137 2913 qua
3155 2842 3259 2898 suh
3295 2857 3421 2898 sen-

1849 2946 1972 2986 sum
1995 2929 2217 2994 cadunt,
2255 2931 2439 2996 habet,
2485 2931 2716 2985 similem
2766 2932 3132 2999 cognitionem
3186 2933 3281 2988 Dei
3317 2950 3417 3003 po-

1847 3029 1955 3077 test
1973 3022 2099 3091 quis
2124 3021 2385 3091 praabere,
2408 3030 2464 3075 et
2499 3022 2762 3089 accipere,
2792 3032 3052 3089 tanquam
3084 3039 3150 3079 ex
3186 3025 3421 3097 imagine

1847 3112 1904 3167 in
1938 3113 2029 3175 iis.
2060 3126 2182 3183 qua
2205 3112 2307 3167 sub
2342 3112 2748 3182 intelligentiam
2772 3114 2993 3169 cadunt.

1919 3202 2024 3257 Sed
2058 3202 2203 3255 enim
2230 3215 2294 3255 ex
2326 3203 2610 3271 negatione
2643 3202 2804 3255 etiam
2828 3203 3099 3269 omnium,
3123 3219 3244 3273 qua:
3268 3214 3419 3267 sunt,

1845 3292 2168 3348 adducimur
2211 3292 2277 3346 ad
2312 3293 2831 3361 contemplationem
2864 3295 3207 3359 substantias,
3265 3304 3419 3353 extra

1846 3384 2032 3440 omnia
2069 3383 2281 3454 positae,
2313 3392 2370 3439 et
2408 3384 2749 3449 divinitatis;
2809 3385 2954 3453 quod
2981 3386 3127 3440 enim
3173 3387 3309 3441 nihil
3332 3398 3421 3442 est

1846 3489 2037 3529 eorum
2068 3473 2315 3530 omnium
2347 3489 2470 3544 qua:
2492 3486 2641 3539 sunt,
2666 3486 2720 3529 et
2749 3475 2861 3546 (δέ)
2886 3476 3033 3529 omni
3062 3476 3258 3533 melius
3310 3488 3418 3543 est,

1849 3567 1953 3623 hoc
1983 3567 2171 3637 utique
2210 3567 2321 3623 erit
2370 3566 2537 3629 Deus,
2571 3567 2663 3638 qui
2707 3581 2771 3621 es
2804 3566 2974 3621 nihilo
3015 3566 3144 3622 fecit
3234 3583 3419 3635 omne,

1849 3668 1903 3713 et
1928 3658 2272 3727 providentia
2327 3674 2448 3723 sua,
2477 3673 2599 3728 quae
2640 3659 2783 3713 facta
2822 3669 2975 3727 sunt,
3017 3672 3332 3725 conservat,
3367 3672 3423 3716 et

1850 3759 1911 3805 ut
1932 3758 2058 3820 apte
2079 3760 2132 3805 et
2164 3750 2432 3806 concinne
2457 3761 2797 3815 moveantur,
2830 3751 2982 3806 facit.

1922 3841 1990 3894 Et
2046 3840 2191 3909 quod
2252 3841 2599 3910 potissimum
2661 3850 2767 3905 est,
2826 3842 3073 3896 omnium
3131 3843 3418 3901 hominum

1852 3931 2128 3985 mentibus
2181 3932 2543 3986 communiter
2594 3931 2818 3985 insitum
2843 3942 2945 3998 est,
2978 3933 3144 3988 Deum
3192 3950 3337 4001 esse,
3368 3946 3421 3991 et

1852 4023 2001 4077 illinc
2053 4021 2253 4091 fulgor,
2307 4032 2564 4091 tanquam
2604 4037 2699 4091 per
2748 4024 3091 4078 ostensiones
3154 4029 3418 4093 quasdam

1850 4120 2085 4168 mentem
2108 4113 2331 4176 excitat,
2359 4122 2413 4167 et
2454 4113 2741 4178 illuminat,
2785 4115 3002 4167 tametsi
3035 4129 3143 4168 non
3186 4125 3242 4168 ut
3272 4117 3421 4170 scia-

1850 4218 1997 4268 mus,
2021 4204 2150 4271 quid
2182 4202 2397 4258 tandem
2442 4202 2587 4257 Deus
2622 4214 2724 4268 est,
2752 4212 2933 4259 tamen
2972 4216 3031 4258 ut
3062 4220 3171 4260 non
3200 4206 3421 4277 ignore-

1851 4308 1998 4358 mus,
2021 4309 2141 4349 esse
2164 4294 2383 4363 quidem
2415 4295 2658 4347 omnino.

1926 4384 1984 4439 Si
2019 4386 2164 4438 enim
2201 4384 2310 4451 (55)
2350 4386 2530 4438 omnis
2579 4384 2878 4439 similitudo
2914 4385 3030 4441 sive
3058 4400 3252 4439 nomen
3286 4401 3420 4441 con-

170 4479 304 4531 σίαν
336 4478 646 4547 δεχόμενον,
692 4479 802 4531 εἴτε
838 4478 914 4546 τῷ
958 4478 1301 4551 διωρισμὲνῳ
1330 4483 1744 4551 περιγραφόμε-

1854 4475 1991 4532 tinui
2024 4475 2241 4537 habeat,
2285 4477 2398 4529 sive
2442 4476 2683 4539 discreti,
2730 4477 2873 4530 sicut
2924 4475 2979 4529 in
3012 4476 3285 4529 inﬁnitum
3318 4493 3417 4545 po-

166 4586 265 4620 νον
288 4606 301 4626 .
332 4568 517 4635 ὥσπερ
550 4571 626 4630 εἰς
658 4569 883 4639 ἄπειρον
910 4569 1132 4623 δύναται
1158 4570 1450 4640 τέμνεσθαι
1490 4573 1584 4624 καὶ
1623 4588 1749 4624 σκε-

166 4658 449 4723 δάζεσθαι,
491 4658 633 4711 οὕτω
660 4660 758 4714 καὶ
798 4659 932 4727 πρὸς
960 4659 1060 4729 τὴν
1116 4658 1323 4729 φθορὰν
1350 4660 1744 4730 ἀποφέρεσθαι.

1850 4579 1954 4623 test
1985 4569 2161 4624 secari
2202 4577 2255 4621 et
2285 4568 2564 4637 dissipari.
2600 4570 2680 4621 sic
2711 4568 2875 4622 etiam
2909 4572 2975 4620 ad
3030 4569 3324 4621 ﬂuxioncm
3364 4578 3419 4621 et

1846 4659 2126 4714 interitum
2198 4656 2419 4719 deferri,
2468 4657 2694 4711 omnino
2740 4667 2925 4711 tamen
2991 4658 3417 4726 participatione

168 4751 394 4820 Μετοχῇ
440 4751 655 4813 πάντως
707 4750 823 4811 ἑνός
857 4766 1005 4812 τινος
1056 4750 1258 4819 ἐξήρθη
1300 4750 1396 4802 τοῦ
1449 4752 1525 4822 μὴ
1576 4750 1744 4805 ταῦτα

1848 4752 2008 4805 unius
2052 4750 2333 4819 cujusdam
2394 4750 2677 4812 liberatur,
2717 4764 2784 4802 ne
2841 4749 2943 4802 ista
2987 4750 3225 4818 patiatur
3279 4750 3415 4817 (54),

169 4840 370 4893 παθεῖν
398 4842 596 4894 αὐτίκα
626 4842 718 4894 τοῦ
750 4841 1055 4913 προελθεῖν,
1085 4842 1222 4895 ἀλλὰ
1252 4842 1421 4912 μονῆς
1450 4841 1748 4895 ἀπολαύειν

1851 4843 2037 4898 statim
2078 4851 2136 4896 ut
2169 4842 2517 4911 participatio
2549 4840 2713 4894 unius
2741 4839 2976 4909 prodivit
3004 4856 3019 4894 :
3064 4841 3195 4909 quin
3232 4842 3414 4909 potius

1667 5038 1897 5115 noras.
1953 5043 1955 5045 ’

245 5170 518 5246 (50)νῆ’οη
556 5183 725 5246 potest
764 5186 1019 5246 expromt,
1079 5172 1218 5246 sicut
1266 5172 1747 5246 ueq_u__cognoscit

166 5238 351 5300 Deis.
369 5238 641 5314 ᾊρρητον
674 5242 770 5310 μὲν
803 5238 863 5294 τὸ
887 5241 1039 5314 θεῖον
1071 5238 1257 5314 ὥσπερ
1278 5242 1382 5293 ,καὶ
1407 5238 1668 5314 ἀληπτον.
1693 5241 1745 5293 ld

1848 5170 2037 5242 slgh'ro
2078 5166 2219 5225 εἶναι
2272 5169 2332 5223 τὸ
2386 5169 2597 5242 nivali!
2637 5178 2779 5242 est:
2833 5189 2853 5222 ι
2888 5170 2951 5225 Ει
3004 5173 3108 5226 hoc
3164 5174 3418 5230 universo

1847 5239 2043 5294 melius
2068 5251 2151 5295 est
2185 5279 2200 5294 .
2239 5278 2253 5293 .
2289 5279 2302 5291 .
2334 5254 2401 5293 ex
2437 5240 2603 5294 nihilo
2629 5239 2754 5293 fecit
2782 5242 3122 5308 universum,
3158 5259 3253 5297 seu
3277 5247 3417 5299 hanc

164 5328 298 5372 est:
336 5332 355 5365 ι
394 5309 545 5366 Non
582 5309 761 5380 potest
808 5312 1027 5380 quidem
1078 5310 1258 5364 verbis
1294 5309 1553 5379 exprimi,
1606 5310 1750 5363 sicut
1845 5324 2027 5362 rerum
2060 5310 2489 5380 universitatem.
2518 5327 2537 5360 ι

168 5404 243 5441 ne
292 5400 357 5438 ne
388 5382 639 5453 c0gnosci
675 5380 836 5435 Deus.
876 5401 895 5432 ι

244 5403 360 5508 231)
420 5451 685 5504 Desirlerii
731 5462 779 5503 et
818 5449 1177 5508 inquisitionis
1226 5448 1380 5501 radio
1432 5445 1669 5499 umbrati

244 5445 360 5523 ὧι)
420 5445 685 5523 Πεεῇιιςτὶὶ
731 5449 1177 5523 “inquisitionis
1226 5448 1380 5523 radio
1432 5445 1748 5523 umbratilgs

1920 5380 1997 5449 (ι)
2032 5379 2122 5449 Est
2144 5378 2721 5449 dissertatiosecunda
2746 5378 2891 5449 apud
2914 5377 3266 5449 Basnagium.

1918 5447 2031 5516 (55)
2085 5447 2271 5502 Omnis
2314 5448 2627 5502 similitudo.
2658 5447 2866 5517 Πλῆθος
2933 5447 3121 5507 ἀπανξ
3164 5450 3219 5504 ld
3278 5461 3361 5504 est
3396 5467 3412 5505 :

166 5517 467 5578 elibienles.
495 5519 603 5573 Τοῦ
651 5536 708 5572 τε
738 5517 904 5571 πόθου
936 5521 1030 5572 ιιια)Ι
1054 5518 1399 5588 συζητήσεως
1432 5520 1744 5588 σκιαφανείς

1854 5534 1872 5568 ι
1912 5518 2099 5588 omnis
2126 5517 2438 5569 multitudo.
2494 5534 2512 5566 ι

165 5595 399 5653 ἀκτῖνας
423 5593 691 5651 ἒλκοντες.
765 5589 818 5643 ld
858 5600 940 5644 est
976 5606 989 5641 :
1051 5606 1069 5638 ι
1106 5586 1365 5641 Desiderii
1404 5596 1458 5640 et
1520 5586 1721 5656 inquisi

171 5660 345 5716 tionis
375 5662 556 5714 radios
592 5660 903 5713 nmbratiles
933 5658 1230 5712 elicientes.
1273 5675 1290 5707 ι

247 5732 364 5798 (32)
401 5729 467 5782 Et
489 5730 629 5782 outni
652 5729 832 5781 melius
858 5738 934 5782 est
966 5767 979 5781 .
1018 5766 1029 5781 .
1055 5757 1071 5781 ε
1100 5744 1163 5779 ea;
1190 5726 1351 5778 nihilo
1402 5725 1533 5798 fecit
1572 5738 1739 5798 omne.

172 5794 443 5872 κρεῖττον
460 5799 516 5854 δὲ
532 5798 627 5852 τοῦ
663 5798 861 5862 παντὸς
892 5837 905 5852 .
944 5838 957 5852 .
989 5836 1004 5851 .
1041 5797 1364 5867 προήγαμεν
1392 5799 1453 5848 ἐκ
1476 5795 1551 5865 μὴ
1571 5794 1741 5845 όντων

1919 5586 2032 5656 (56)
2063 5585 2259 5656 Statim
2282 5595 2337 5656 ut
2365 5586 2704 5656 partiripatio
2736 5588 2894 5640 unius
2928 5588 3178 5656 prodicit.
3203 5587 3411 5642 Αὐτίκα

1850 5654 1940 5707 τοῦ
1972 5654 2273 5725 προελθεῖν.
2314 5654 2368 5709 Id
2407 5666 2487 5711 est
2518 5671 2532 5709 :
2564 5674 2582 5708 ι
2630 5655 2824 5711 Statim
2855 5654 2990 5711 utin
3022 5673 3205 5714 rerum
3252 5670 3412 5712 natu-

1850 5739 1965 5779 ram
1998 5725 2218 5795 prodiit.
2252 5743 2272 5775 ι
