4174 6450
198 482 292 546 893

1074 479 1169 539 AD
1205 477 1792 540 AMPHILOCHIUM
1825 475 2170 548 QUESTIO
2204 477 2507 539 CLXXXI.

3303 484 3405 548 894

201 590 368 660 μάτων
396 604 457 642 τε
486 588 580 641 xui.
610 586 900 656 νοημάτων
938 588 1323 658 περατούμενα
1349 590 1446 659 οὐχ
1474 587 1636 654 ἑξάδα
1659 586 1747 638 διὰ

1853 586 2152 653 terminari,
2183 588 2411 641 multum
2441 589 2614 652 abest,
2653 600 2703 642 ιιι
2740 600 3021 660 propterea
3051 607 3268 646 causam
3308 594 3404 647 lia-

196 681 355 742 τοῦτο,
388 680 450 731 ού
480 679 577 749 μὲν
608 675 703 733 οὖν
726 677 848 731 οὐδὲ
874 677 1068 730 πολλοῦ
1096 681 1197 741 δεῖ,
1227 679 1342 732 ἀλλ’
1387 678 1509 732 οὐδὲ
1538 677 1742 746 πλῆθος

200 772 365 833 ένάδος
393 770 426 841 ἡ
458 786 600 833 τινος
624 769 791 839 ἄλλης
820 767 1062 838 πληθύος
1103 772 1405 839 παρασχεῖν
1442 769 1623 821 αἰτίαν
1650 768 1744 819 λά-

198 862 275 914 ϐοι
302 862 769 929 συνεπιφέρεσθαι.
813 860 1139 913 Τούναντίον
1186 862 1243 914 δὲ
1276 861 1336 913 τὸ
1367 860 1470 929 τῆς
1511 858 1744 928 Τριάδος

197 952 612 1022 ἀπαράγραπτον
642 952 919 1021 διαφόροις
967 950 1223 1016 ἐπιδείξει
1271 951 1448 1018 λόγοις
1499 949 1746 1019 βεϐαιού-

199 1059 346 1111 μενον
373 1044 467 1095 καὶ
498 1042 560 1094 τὸ
586 1043 920 1113 ἀμετάθετον
938 1044 1019 1097 ἐτι
1053 1044 1252 1112 μᾶλλον
1283 1043 1623 1113 παραστήσει
1645 1040 1745 1109 τῆς

196 1131 457 1198 θεολογίας
499 1132 593 1185 καὶ
625 1132 1001 1187 ἀναλλοίωτον.
1034 1132 1107 1185 Τδ
1153 1133 1261 1203 γὰρ
1296 1133 1372 1202 μὴ
1409 1134 1511 1202 μιᾷ
1540 1130 1746 1200 θεωρίᾳ

196 1223 255 1273 τὸ
282 1222 409 1291 πρὸς
436 1222 696 1293 συστολὴν
723 1225 963 1293 ἀρρεπὲς
990 1225 1086 1277 καὶ
1113 1224 1420 1295 ὲξάπλωσιν
1448 1224 1544 1292 τῆς
1572 1225 1744 1294 ὑπερο

201 1311 357 1378 φυοῦς
383 1312 609 1382 Τριάδος
655 1313 1165 1383 καταλαμϐάνεσθαι
1185 1354 1201 1380 ,
1241 1315 1569 1383 πολλαχόθεν
1599 1315 1655 1368 δὲ
1687 1315 1747 1369 τὸ

198 1402 581 1472 ἀμετακίνητον
624 1405 795 1474 αὐτῆς
821 1406 914 1458 καὶ
943 1405 1335 1475 ὲστηριγμένον
1370 1406 1746 1460 ἀνακαλύπτε-

198 1492 338 1555 σθαι,
368 1492 484 1556 πῶς
517 1494 618 1545 οὐκ
646 1494 712 1547 ἂν
740 1494 826 1564 εῐη
872 1495 974 1563 τῆς
1016 1494 1249 1566 ἑξαρχῆς
1280 1496 1631 1565 ἀποδοθείσης
1671 1498 1749 1547 αί-

196 1582 309 1642 τίας
335 1581 619 1650 βεϐαίωσις
667 1581 1071 1652 ἀνεξέλεγκτοςς
1104 1585 1165 1637 Εί
1202 1584 1300 1653 μὲν
1326 1585 1434 1653 γὰρ
1466 1584 1550 1636 ἐπ’
1589 1585 1746 1638 ἀλλου

198 1672 287 1723 καὶ
312 1672 468 1723 ἀλλου
502 1671 863 1740 ὑποκειμένου
884 1710 899 1735 ,
929 1670 1064 1725 ἀλλὰ
1092 1672 1169 1742 μὴ
1207 1672 1301 1725 επὶ
1328 1672 1424 1742 τῆς
1449 1673 1620 1741 αὐτῆς
1656 1675 1749 1725 καὶ

196 1762 391 1824 ένιαίας
424 1760 675 1832 θεότητος
707 1762 739 1831 ἠ
769 1760 1021 1832 τριαδικὴ
1050 1762 1524 1829 συγκεφαλαίωσις
1568 1763 1749 1830 διαφόο

196 1868 309 1921 ροις
337 1851 585 1923 θεωρίαις
618 1851 992 1915 ἐπεδείκνυτο,
1016 1851 1170 1906 οὐδὲν
1190 1852 1427 1905 ἐκώλυεν
1453 1852 1530 1923 τῷ
1554 1853 1747 1920 πλήθει

1847 676 1969 731 beat
2000 676 2266 731 inferendi
2303 695 2587 733 numerum
2637 697 2729 736 sex
2784 698 3173 752 personarum,
3229 699 3406 753 neque

1846 768 2009 821 unius
2046 767 2133 821 vel
2168 768 2330 821 aliam
2383 770 2780 825 multitudinem
2804 814 2819 835 ,
2849 775 2943 827 sed
2984 777 3163 843 potius
3210 776 3408 828 immu-

1847 859 2166 913 tabilitatem
2198 861 2566 916 inviolabilem
2613 862 2900 918 Trinitatis
2947 867 3176 919 diversis
3234 869 3405 920 ratio-

1848 949 2006 1003 nibus
2052 950 2870 1018 conﬁrmatamdemonstrabit,
2909 956 3194 1023 magisque
3245 955 3404 1009 lixam

1844 1048 1900 1093 et
1966 1049 2308 1096 constantem
2381 1042 2687 1097 doctrinam
2763 1045 3068 1116 Theologia:
3125 1049 3405 1112 ostendet;

1847 1132 2072 1202 intelligi
2098 1135 2241 1188 enim
2294 1149 2406 1190 non
2442 1150 2549 1188 una
2584 1136 3043 1204 contemplatione
3094 1153 3201 1190 nun
3248 1152 3408 1205 posse

1846 1227 2090 1279 contrahi
2120 1224 2444 1280 Trinitatem
2491 1242 2592 1281 nec
2636 1228 2889 1292 dilatari;
2933 1243 2999 1281 ex
3051 1229 3233 1282 multis
3281 1243 3408 1281 vero

1846 1314 1980 1369 locis
2010 1330 2075 1368 ac
2102 1316 2405 1371 rationibus
2444 1318 2686 1385 pateﬁeri
2721 1318 2879 1371 ﬁxam
2923 1328 2977 1371 et
3016 1318 3407 1371 immutabilem

1846 1420 1988 1468 esse,
2007 1407 2283 1473 quomodo
2314 1423 2419 1461 non
2447 1408 2552 1461 erit
2579 1409 2945 1473 conﬁrmatio,
2968 1424 3089 1477 qum
3111 1409 3279 1463 refelli
3304 1425 3406 1463 non

1848 1505 2048 1565 potest,
2070 1511 2248 1551 causae
2276 1511 2306 1550 a
2340 1498 2606 1567 principio
2635 1500 2898 1554 redditae?
2941 1499 2996 1553 Si
3031 1500 3144 1569 (45)
3175 1501 3320 1554 enim
3353 1501 3409 1553 in

1848 1588 1954 1640 alio
1982 1596 2036 1641 et
2076 1588 2182 1641 alio
2212 1588 2479 1657 subjecto,
2525 1600 2577 1643 et
2609 1604 2713 1643 non
2752 1591 2803 1644 in
2834 1592 3022 1645 eadem
3061 1592 3178 1657 ipsa
3223 1600 3275 1645 et
3302 1605 3409 1642 una

1847 1677 2130 1732 divinitate
2158 1693 2371 1732 summa
2421 1677 2706 1734 Trinitatis
2745 1681 3230 1742 demonstraretur,
3274 1678 3409 1731 nihil

1849 1768 2181 1836 prohiberet.
2216 1770 2344 1837 quin
2375 1769 2560 1823 multis
2585 1769 2898 1823 motionibus
2923 1770 3180 1824 divinitas
3203 1769 3410 1837 alioqui

1851 1874 1957 1912 non
1991 1858 2432 1928 multiplicabilis,
2475 1860 2945 1928 multiplicaretur.
2988 1858 3083 1914 Sin
3113 1874 3240 1922 vero
3273 1872 3411 1926 quo-

192 1919 300 1995 τῶν
326 1919 722 2012 ἐνθυμημάτων
751 1942 828 2012 μὴ
857 1941 1336 2011 συμπληθύνεσθαι
1360 1942 1454 1996 καὶ
1482 1919 1543 1996 τὸ
1569 1943 1748 2015 ἀπλή-

1853 1952 1953 2008 lies
1982 1951 2152 2021 gratia
2178 1960 2233 2005 et
2264 1965 2487 2005 munere
2517 1949 2608 2003 Dei
2637 1950 2792 2004 nobis
2825 1951 3160 2016 conceditur,
3200 1959 3260 2003 ut
3290 1948 3411 2002 Tri-

194 2034 378 2088 θυντον
404 2034 502 2103 τῆς
534 2033 808 2104 θεότητος.
836 2033 1004 2086 Οὐδὲν
1026 2033 1217 2096 ὁσάκις
1249 2034 1612 2102 ἑπισκοπῆσαι
1650 2052 1748 2105 χα-

199 2124 557 2195 ριτωθείημεν
582 2125 676 2177 ἐπὶ
703 2127 801 2195 τῆς
826 2124 996 2193 αὐτῆς
1019 2124 1364 2195 ύπραγάθου
1394 2126 1641 2193 Τριάδος,
1658 2124 1748 2178 τὸν

198 2216 243 2267 ιε
251 2218 337 2285 ρζν
357 2215 540 2267 τοῦτον
554 2217 646 2267 καὶ
660 2216 893 2286 ἀριθμοῦ
906 2216 1191 2286 κρείττονα
1203 2217 1750 2287 καταλαμϐανόμενον

195 2306 441 2376 ἀριθμὸν,
470 2305 591 2357 οὕτε
623 2306 1062 2376 συστελλόμενον,
1099 2307 1223 2361 οὗτε
1264 2308 1368 2379 μὴν
1419 2308 1751 2378 ὑπεραπλού-

198 2413 375 2466 μενον,
408 2396 523 2459 πῶς
549 2398 668 2466 οὐχὶ
704 2397 905 2466 μᾶλλον
931 2398 992 2451 τὸ
1021 2397 1224 2469 πλῆθος
1245 2399 1352 2451 τῶν
1384 2400 1748 2470 ἐπιχειρημά-

189 2504 298 2540 των
328 2488 761 2558 ἀπαράγραπτόν
782 2505 840 2541 τε
870 2490 963 2543 καὶ
987 2489 1455 2560 παναληθέστατον
1483 2491 1544 2542 τὸ
1572 2490 1745 2560 ἀπλή·

189 2576 377 2629 θυντον
406 2578 551 2647 ἡμᾶς
583 2578 676 2630 καὶ
706 2579 1037 2649 ἀναφέρετον
1055 2579 1081 2619 ι
1130 2578 1228 2649 τῆς
1256 2579 1538 2649 τριαδικῆς
1566 2578 1749 2633 θεολο-

187 2666 315 2735 γίας
348 2667 446 2720 οὐκ
482 2667 788 2722 ἐκδιδάσκει
819 2685 833 2732 ;

267 2757 421 2812 Ἐστι
466 2761 563 2829 μὲν
585 2757 677 2813 οὖν
702 2762 797 2813 καὶ
823 2760 985 2827 ἓτερα
1014 2761 1082 2813 δι’
1104 2754 1179 2813 ὧν
1210 2763 1245 2832 η
1272 2762 1440 2832 Τριάς
1487 2761 1625 2816 κατά
1653 2762 1751 2831 τὴν
1812 2830 1821 2844 ⁸

186 2850 487 2919 ὁμοιότητα
516 2850 610 2903 τοῦ
658 2853 1070 2924 τεθεωρημένου
1113 2852 1273 2920 λόγου
1303 2851 1747 2922 παραδείκνυται.

189 2941 404 3007 Ὠσπερ
434 2941 529 2995 καὶ
556 2941 625 2994 τά
668 2943 913 3005 τοιαῦτα,
942 2942 1062 3006 νοῦς
1082 2983 1097 3007 ,
1125 2943 1334 3012 νοητὸν,
1378 2943 1583 3011 νόησις,
1633 2936 1752 2993 εἶτα

185 3030 366 3098 λόγος,
410 3033 502 3083 καὶ
547 3032 790 3101 Πνεῦμα,
838 3035 929 3087 καὶ
972 3036 1033 3087 τὸ
1079 3033 1135 3099 ἐξ
1169 3027 1230 3085 οὗ
1260 3032 1435 3086 ταῦτα
1483 3032 1746 3100 πρόεισιν.

201 3120 364 3172 Ἀλλά
388 3121 493 3191 γὰρ
525 3121 619 3174 καὶ
651 3123 999 3194 ύπεράρχιος,
1030 3129 1123 3177 καὶ
1149 3123 1363 3194 πρώτη,
1394 3125 1489 3177 καὶ
1514 3123 1751 3193 ἔμφυτος

1848 2043 2069 2096 nitatem
2109 2041 2576 2110 contemplemur,
2620 2040 2675 2093 in
2718 2041 2905 2094 eadem
2940 2041 3205 2094 Trinitate
3244 2056 3408 2109 supra

1847 2146 2010 2201 quam
2049 2132 2189 2185 bona
2224 2130 2366 2184 buttc
2395 2145 2609 2185 sacrum
2638 2144 2943 2193 numerum,
2975 2129 3066 2198 qui
3120 2143 3409 2182 numerum

1852 2220 2038 2283 vincit,
2073 2236 2250 2291 neque
2280 2224 2529 2276 contrahi
2563 2236 2739 2287 neque
2771 2220 3017 2290 ampliari
3059 2220 3409 2289 intelligentia

1849 2315 2384 2382 comprehendimus,
2430 2312 2707 2383 quomodo
2751 2327 2858 2365 non
2901 2311 3072 2381 magis
3118 2311 3412 2364 multitudo

1850 2415 2290 2474 argumentorum
2323 2407 2478 2459 docet
2523 2420 2619 2458 nos
2669 2404 2797 2458 illud
2852 2418 2955 2457 non
3004 2401 3413 2469 multiplicabile

1850 2495 2157 2560 Trinitatis,
2183 2495 2516 2557 inviolabile,
2536 2504 2591 2549 et
2620 2494 2956 2549 immutabile
2981 2509 3046 2549 ac
3068 2494 3409 2549 verissimum

1849 2602 1992 2652 esse,
2026 2595 2082 2642 et
2106 2588 2219 2642 tolli
2251 2602 2359 2640 non
2391 2601 2572 2655 posse.

1922 2765 2063 2820 Sunt
2106 2775 2161 2819 et
2215 2766 2319 2818 alia
2366 2764 2570 2835 quibus
2600 2763 2837 2819 Trinitas
2886 2764 2951 2818 ad
3005 2764 3411 2819 similitudinem

1851 2857 2151 2923 superioris
2168 2854 2640 2923 contemplationis
2658 2854 3085 2915 subestenditur,
3106 2853 3411 2921 cujusmodi

1853 2955 1980 3000 sunt
2008 2946 2146 3007 haec,
2178 2945 2505 3005 intellectus,
2541 2944 2850 2999 intellectile
2878 2951 2933 2996 et
2968 2944 3284 3006 intellectio,
3318 2944 3412 2997 de-

1855 3038 1978 3091 inde
1997 3037 2109 3107 (εδ)
2127 3034 2363 3090 Verbum
2384 3048 2437 3089 et
2470 3035 2728 3105 Spiritus,
2752 3046 2805 3089 et
2826 3050 2892 3090 ex
2921 3050 3031 3103 quo
3057 3035 3171 3088 haec
3191 3044 3411 3089 exeunt.

1854 3125 1957 3180 Sed
1976 3128 2122 3181 enim
2143 3134 2197 3179 et
2226 3125 2568 3195 principatus
2591 3127 2820 3194 primus,
2842 3133 2897 3179 et
2922 3110 3141 3185 insitus,
3170 3133 3222 3177 et
3251 3138 3413 3192 supra

184 3210 357 3279 ἁρχὴ,
381 3213 475 3263 καὶ
499 3205 573 3263 ὧν
598 3211 739 3265 κατά
759 3214 848 3265 τὸν
869 3213 1027 3282 λόγον
1058 3216 1154 3283 τῆς
1184 3214 1459 3282 συμφυΐας
1482 3214 1751 3283 καθέστη-

1854 3218 2236 3287 principatum,
2279 3226 2333 3271 ct
2379 3228 2613 3285 quorum
2645 3226 2729 3270 est
2754 3216 3087 3285 principatus
3117 3217 3413 3268 secundum

185 3316 287 3353 κεν
314 3302 476 3371 ἀρχή.
518 3301 609 3365 Ἐξ
643 3296 706 3356 οῦ
743 3306 840 3356 καὶ
870 3305 905 3375 η
950 3306 1008 3355 έν
1040 3308 1150 3367 τοίς
1190 3300 1342 3356 οὖσιν
1374 3303 1577 3356 ἆπασιν
1615 3306 1753 3358 κατὰ

1861 3308 2122 3361 rationem
2150 3306 2243 3359 τοῦ
2275 3308 2579 3376 συμφυΐας,
2625 3320 2689 3360 ex
2747 3320 2856 3375 quo
2907 3306 3021 3359 exit
3055 3306 3413 3373 principatus,

182 3389 508 3443 δεσποτείαν
550 3392 644 3447 καὶ
691 3392 986 3462 κυριότητα
1025 3394 1271 3462 πρόεισιν
1313 3389 1474 3459 ἀρχή.
1526 3390 1754 3443 Ἔπειτα

189 3482 497 3551 γεννήτωρ,
527 3482 793 3553 γέννημα,
819 3482 1061 3551 Πνεῦμα·
1084 3483 1145 3535 ού
1174 3483 1283 3552 γὰρ
1312 3482 1502 3549 ἀγονον
1524 3482 1557 3549 ἡ
1584 3481 1753 3550 πηγὴ,

184 3574 284 3623 καὶ
319 3572 467 3625 αῑτία
504 3576 721 3626 πάντων
765 3574 872 3627 τῶν
906 3574 1256 3642 γεννωμένων
1279 3613 1294 3639 ,
1335 3573 1444 3625 οὐδ’
1489 3573 1688 3633 ἄπνους
1721 3573 1753 3640 η

193 3664 437 3732 χορηγία
471 3665 687 3717 πάντων
734 3665 834 3734 τῆς
873 3666 1062 3735 πνοῆς.
1106 3663 1242 3719 Ούδὶ
1285 3664 1395 3717 τῶν
1442 3663 1612 3731 αὐτῆς
1662 3663 1754 3731 δη-

186 3756 625 3825 μιουργημάτων
666 3757 1027 3827 ἐνδεέστερον,
1062 3757 1143 3811 ἔτι
1189 3754 1485 3824 ζωογονοῦν
1526 3756 1755 3824 πρώτως

183 3846 291 3897 καὶ
327 3845 518 3914 πρῶτα
542 3882 558 3907 ,
591 3847 886 3916 ὑπερφυῶς
930 3848 1051 3915 μὲν,
1103 3847 1258 3909 κατά,
1284 3847 1340 3900 δὲ
1385 3848 1483 3915 τὴν
1517 3847 1754 3916 ἔμφυτον

183 3936 369 4005 αὐτῆς
412 3938 504 3989 καὶ
561 3938 699 4009 ὑπὲρ
745 3937 899 4005 λόγον
930 3938 1184 4009 ἰδιότητα.
1216 3940 1307 3991 Δεῖ
1354 3937 1461 4007 γὰρ
1502 3939 1756 4009 προηγεί-

185 4027 322 4079 σθαι
374 4028 483 4080 τῶν
528 4028 886 4098 δημιουργίας
931 4028 1095 4098 λόγῳ,
1144 4030 1237 4081 καὶ
1268 4028 1581 4090 δεσποτείας
1623 4043 1755 4095 προ-

180 4116 471 4185 αχθέντων
516 4134 575 4169 τε
626 4120 721 4171 καὶ
777 4118 1223 4188 ζωογονουμένων
1268 4117 1368 4187 τὴν
1420 4117 1755 4187 προάναρχον

178 4207 304 4260 τῶν
336 4208 632 4278 ὑπερφυῶν
656 4226 715 4261 τε
746 4210 840 4262 καὶ
898 4211 1235 4279 ύπερουσίων
1264 4208 1424 4277 φύσιν
1457 4209 1549 4261 καὶ
1590 4206 1753 4277 ζωὴν,

177 4302 287 4353 καὶ
320 4297 440 4361 εἰςι
480 4300 819 4370 ἀπαύγασμα
849 4303 942 4354 καὶ
974 4302 1268 4369 μιμήματα
1294 4300 1390 4354 καὶ
1444 4299 1575 4369 άλλη
1607 4300 1755 4351 πᾶσα

179 4390 540 4461 καθέστηκεν
563 4392 723 4460 φύσις
756 4394 848 4445 καὶ
873 4391 1008 4460 ζωὴ,
1036 4392 1159 4444 επεὶ
1188 4393 1291 4445 κάν
1320 4394 1426 4453 τοῖς
1460 4390 1753 4461 περιγείοις

177 4482 220 4551 ἡ
254 4480 423 4547 φύσις
453 4480 551 4550 τῆς
584 4483 777 4550 τέχνης
818 4482 1137 4551 προῐδρυταί
1169 4498 1229 4533 τε
1272 4483 1364 4535 καὶ
1390 4479 1749 4550 προκάθηται.

1854 3398 1948 3467 qui
1982 3406 2066 3451 est
2098 3397 2151 3450 in
2183 3397 2459 3459 omnibus,
2494 3411 2615 3466 quae
2657 3406 2786 3449 sunt
2819 3396 3117 3450 secundum
3166 3396 3415 3447 domina-

1856 3488 2078 3540 tionem.
2130 3485 2269 3539 Sunt
2305 3494 2510 3554 postea,
2546 3485 2784 3555 genitor,
2819 3500 3074 3553 germen,
3126 3499 3230 3536 non
3271 3483 3415 3536 enim

1855 3578 2057 3631 sterilis
2088 3587 2191 3637 est.
2220 3584 2273 3628 et
2296 3590 2403 3628 non
2434 3576 2718 3637 fecundus,
2742 3575 2834 3643 qui
2864 3585 2948 3628 est
2968 3573 3089 3628 fons
3119 3584 3173 3627 et
3192 3573 3419 3627 eﬁ'ector

1854 3668 2120 3729 omnium,
2172 3667 2264 3735 qui
2298 3665 2629 3735 gignuntur;
2668 3679 2841 3733 neque
2881 3664 2998 3718 sine
3026 3663 3228 3732 Spiritu
3256 3702 3271 3726 ,
3322 3663 3415 3731 qui

1857 3762 2054 3825 pneliet
2102 3754 2364 3825 Spiritum
2421 3756 2713 3817 omnibus,
2762 3770 2940 3823 neque
2990 3755 3257 3808 creaturis
3303 3755 3418 3807 suis

1852 3850 2121 3917 egentior;
2165 3858 2247 3903 est
2288 3858 2549 3916 praeterea
2586 3848 2833 3900 viviﬁcus
2862 3848 3093 3914 primum
3125 3854 3178 3898 et
3212 3846 3421 3913 primo-

1853 3955 2016 4003 rum,
2071 3954 2234 4008 supra
2280 3948 2528 3991 naturam
2566 3938 2815 4007 quidem,
2870 3944 3048 3990 tamen
3112 3938 3416 3991 secundum

1853 4029 2238 4098 proprietatem
2285 4030 2387 4081 sibi
2440 4030 2657 4081 insitam
2706 4038 2807 4089 est,
2852 4038 2906 4079 et
2934 4042 3118 4092 supra,
3164 4042 3327 4095 quam
3361 4037 3420 4080 ut

1853 4122 1991 4173 ratio
2024 4136 2142 4173 eam
2177 4121 2392 4189 assequi
2428 4121 2621 4189 possit,
2683 4127 2896 4188 Oportet
2952 4119 3097 4171 enim
3157 4120 3221 4171 iis
3248 4157 3265 4183 ,
3297 4134 3419 4188 qute

1855 4209 2063 4262 ratione
2110 4209 2405 4262 creationis
2440 4221 2495 4261 et
2538 4209 2927 4262 dominatiOnis
2962 4207 3228 4276 producta
3269 4218 3415 4273 sunt,

1853 4308 1906 4352 et
1960 4299 2225 4352 viviiicata
2284 4301 2494 4353 anteire
2550 4299 2662 4369 (47)
2712 4309 2959 4353 naturam
3000 4308 3052 4351 et
3103 4299 3264 4352 vitam
3300 4300 3418 4352 sine

1854 4389 2008 4441 initio
2040 4390 2335 4457 principem
2371 4404 2580 4450 eorum,
2614 4404 2734 4457 quae
2765 4399 2891 4443 sunt
2934 4389 3175 4458 eiusdem
3212 4401 3419 4441 natura:

1854 4488 1907 4532 et
1928 4479 2265 4541 substantiae,
2284 4488 2339 4533 et
2361 4480 2516 4546 cujus
2533 4480 2791 4548 splendor
2811 4488 2985 4541 est,et
3011 4481 3076 4532 ad
3104 4481 3261 4547 cujus
3292 4480 3417 4531 imi-

182 4573 301 4625 Ἢν
333 4570 579 4640 ἀνάγκην
621 4575 781 4627 πάλιν
819 4574 922 4625 οὐκ
965 4572 1355 4625 αὑτοδέσποτον
1387 4572 1494 4624 οὐδ’
1523 4569 1753 4639 ἀναρχον

1858 4570 2118 4625 tationem
2164 4579 2216 4623 ct
2264 4570 2573 4639 exemplum
2610 4569 2789 4624 omnis
2840 4569 2943 4622 alia
2976 4580 3166 4623 natura
3199 4580 3253 4624 et
3307 4570 3416 4621 vita

1446 4720 1675 4776 VARIA‘I
1714 4718 2107 4777 LECTIONES.

268 4843 297 4881 ι
328 4842 706 4911 ἀναφαίρετον.
739 4841 865 4896 Car.
945 4853 961 4893 l
1000 4842 1031 4895 l.
1064 4836 1147 4911 ἧς.
1183 4840 1308 4894 Car.

1723 4975 1950 5031 NOTJ‘I.

256 5113 383 5182 (45)
416 5111 477 5168 Si
509 5148 525 5166 .
558 5150 572 5165 .
610 5148 627 5165 .
710 5126 915 5182 summa
965 5110 1253 5182 Trinitatis?
1281 5111 1747 5182 demonstraretur,

171 5183 330 5235 nihil
364 5180 681 5250 prohiberet
729 5181 853 5250 quin
906 5182 1085 5233 multis
1117 5180 1444 5250 potionibus
1499 5180 1748 5250 divinitas

168 5247 400 5321 alioqui
424 5267 524 5303 non
548 5247 974 5321 Amultiplicabilis
1015 5249 1476 5321 multiplicaretur.
1505 5247 1566 5321 Ei
1607 5248 1705 5321 μέν
1731 5284 1746 5299 .

171 5364 190 5377 .
231 5359 248 5374 .
285 5316 365 5389 ,ἠ
415 5316 1165 5439 τριαδικὶτδὲσυγκεφαλαίωρις
1192 5317 1462 5395 διαφόροις
1502 5316 1751 5383 θεωρίαις

171 5390 564 5439 ἐπεδείκνυτο.
589 5388 648 5439 ού
711 5403 740 5439 ν
769 5386 879 5439 ἐκώ
914 5403 1005 5439 υεν
1032 5404 1109 5439 τω
1135 5386 1327 5439 πλήθει
1378 5401 1484 5437 των
1523 5384 1751 5439 ἐνθυμη-

169 5384 564 5453 ὲπεδεῖκνῦτο,
589 5384 740 5440 οὐδὲν
769 5384 1005 5456 ἐκώλυεν
1032 5385 1109 5456 τῷ
1135 5384 1327 5456 πλήθει
1354 5384 1484 5456 ξτῷν
1523 5384 1752 5456 ἐνθυμη-

225 5460 388 5529 ἀτων
423 5455 1005 5529 μὴλσυμπληθύνεσθαι
1037 5453 1130 5509 καὶ
1165 5453 1247 5529 τὶ
1274 5453 1606 5529 ἀπλήθυντον
1662 5453 1756 5529 τῆς

213 5522 557 5596 εὸτητος.’1ι1
590 5522 709 5581 est:
734 5522 747 5526 ⁷
771 5542 807 5596 (ᾗ
832 5526 890 5579 Si
956 5539 1169 5579 summa
1205 5522 1485 5596 Trinitatis
1524 5523 1757 5596 diversis

165 5590 733 5670 considerationibus
778 5594 1267 5656 demonstraretur,
1323 5592 1455 5670 nihil
1504 5590 1759 5670 prohibe-

168 5676 266 5719 ret
305 5668 442 5733 quin
481 5666 642 5720 simul
670 5680 793 5720 cum
822 5672 1258 5733 argumentorum
1284 5662 1625 5733 multitudine
1646 5674 1752 5733 non

167 5728 652 5803 multiplicaretur
710 5728 1170 5789 etiatn'divinitas
1229 5728 1753 5801 multiplicabilitatis

168 5818 415 5874 expers.

1927 5096 2036 5178 (4(3)
2079 5109 2308 5188 Verginis
2328 5119 2377 5162 et
2401 5107 2710 5188 Spir-itaret
2736 5124 2800 5188 ea:
2828 5126 2887 5163 eo
2904 5126 3009 5188 guo
3054 5112 3161 5188 hate
3206 5122 3416 5188 exeunt,

1855 5173 2027 5246 Λόγος
2053 5181 2144 5230 καὶ
2178 5179 2397 5246 Πνεῦμα
2420 5173 2598 5248 καὶτὸ
2633 5178 2693 5242 ἐξ
2724 5173 2784 5231 οὗ
2832 5173 3000 5231 ταῦτα
3042 5182 3306 5248 πρόεισιν.
3364 5179 3419 5233 Id

1853 5259 1935 5302 est
1960 5265 1974 5301 :
2014 5266 2031 5298 t
2073 5248 2302 5318 Verbum
2332 5256 2384 5301 et
2412 5247 2649 5314 Spiritus
2671 5257 2723 5302 et
2758 5248 2890 5301 illud
2914 5263 2983 5318 ex
3008 5264 3117 5316 quo
3154 5251 3269 5302 hac
3295 5265 3419 5318 pro-

1854 5318 2071 5387 cedunt.
2110 5336 2128 5367 ι
2173 5316 2365 5386 Agitur
2403 5317 2547 5370 enim
2584 5318 2673 5372 hic
2700 5318 2767 5371 de
2813 5317 3017 5371 diviuis
3053 5316 3420 5387 processimu-

1852 5386 1953 5440 bus
1977 5402 2039 5439 ex
2074 5395 2242 5440 patre.

1924 5454 2034 5524 (67)
2064 5454 2330 5507 Naturam
2354 5462 2403 5524 et
2434 5456 2594 5507 vitam
2617 5493 2629 5506 .
2650 5492 2729 5524 ἐκ.
2760 5471 2940 5508 eorum
2966 5470 3083 5524 qua
3113 5465 3233 5507 sunt
3277 5455 3421 5521 ejus-

1851 5522 1966 5577 dem
1989 5535 2194 5577 natura:
2218 5534 2267 5577 et
2287 5523 2617 5594 substantiis.
2647 5522 2755 5594 Τὴν
2769 5527 2876 5577 τῶν
2907 5522 3200 5594 ὑπερφυῶν
3234 5541 3292 5576 τε
3323 5526 3420 5576 καὶ

1852 5594 2186 5660 ὐπερουσίων
2216 5593 2375 5659 φύσιν
2426 5594 2514 5644 καὶ
2566 5593 2732 5662 ζωήν.
2756 5595 2808 5647 Id
2834 5603 2919 5647 est
2952 5610 2965 5645 :
3001 5611 3019 5643 ι
3053 5593 3316 5646 Naturam
3365 5605 3415 5646 et

1852 5664 2013 5715 vitam
2055 5678 2242 5714 eorum
2277 5677 2398 5729 qua:
2436 5671 2565 5715 sunt
2623 5678 2787 5732 supra
2843 5674 3095 5716 naturam
3150 5673 3206 5717 et
3250 5677 3415 5733 supra

1851 5733 2230 5787 substantiam.
2279 5749 2299 5780 ι
