4174 6450
175 418 281 483 397
1059 430 1160 490 AD
1188 426 1778 492 AMPHILOCHIUM
1814 421 2161 500 QUESTIO
2187 420 2532 485 CLXXXII.
3316 416 3424 479 898

173 530 325 583 δαῐόν
358 543 417 582 τε
449 528 545 583 καὶ
578 530 864 610 ἀνίδρυτον
894 540 1243 612 κατενεχθείη
1270 542 1373 611 τῆς
1402 543 1621 614 πρώτης
1654 555 1756 594 πι-

1872 552 2205 609 tequaquam
2263 537 2502 607 patiatur
2548 530 2808 589 Divinitas
2842 550 2854 589 :
2888 531 2984 588 sed
3032 532 3319 586 materiam
3368 545 3423 584 et

178 620 366 691 ριοκῆς
387 622 688 701 ἐποῤῥυὶν,
723 629 820 682 καὶ
846 630 984 700 πρὸς
1007 630 1247 703 εκάστην
1270 633 1516 687 ἐπίνοιαν
1542 630 1753 701 ἀνθρω-

1872 644 1982 700 ;uc
2002 630 2070 683 ad
2094 629 2235 682 hanc
2264 625 2555 696 pertinent,
2583 624 2723 680 infra
2752 640 2813 683 se
2836 626 3171 693 relinquens,
3196 624 3250 677 in
3282 622 3422 675 trina

177 712 347 789 πίνην
373 720 883 791 διασκεδαζόμενον.

1872 720 2133 788 theologia
2160 718 2342 774 sedem
2380 718 2527 787 ligat,
2558 731 2733 786 neque
2772 717 2921 771 iilum
2953 725 3076 786 post
3106 714 3425 770 Trinitatem

184 825 477 865 numerum
513 812 808 881 admittat;
842 828 914 871 ne
953 814 1020 869 ad
1058 813 1287 870 eﬂ'usam
1334 815 1773 886 inelabilemque
1810 814 2027 869 numeri
2096 814 2365 867 rationem
2400 810 2699 875 deferatur,
2735 811 2781 865 si
2821 826 2851 864 a
2892 811 3068 879 prima
3102 810 3190 863 illa
3222 807 3427 881 [Trini—

182 902 339 975 tatis]
366 905 858 973 comprehensione
887 906 1183 963 deﬂuxerit
1209 915 1265 964 ει
1294 909 1363 963 ad
1395 921 1844 989 unamquamque
1864 908 2149 961 hominum
2172 904 2631 975 exc0gitationem
2659 903 3027 972 dispergatur.

254 996 423 1065 τριὰς
448 995 507 1049 δὲ
534 999 629 1049 καὶ
655 997 779 1067 οὐχὶ
804 998 937 1062 δυάς
961 1000 993 1053 ό
1019 1000 1154 1063 Θεὸς
1177 1040 1195 1065 ,
1225 999 1315 1054 ῖνα
1349 999 1425 1071 μὴ
1448 1000 1547 1069 τὴν
1577 999 1758 1053 αἰτίαν

1927 997 2047 1053 Jam
2070 1012 2201 1052 vero
2227 995 2549 1051 Trinitatem
2572 995 2735 1051 habet
2758 995 2921 1057 Deus,
2945 1010 3052 1050 non
3081 994 3430 1055 dualitatem;

181 1088 283 1140 καὶ
308 1090 483 1159 ἀρχὴν
508 1089 607 1159 τῆς
651 1090 824 1159 τομῆς
868 1091 962 1145 καὶ
1006 1092 1103 1145 τοῦ
1147 1090 1455 1162 σκεδασμοῦ
1494 1092 1553 1144 έν
1580 1089 1760 1159 έαυτῷ

1872 1106 1927 1145 rte
1955 1090 2003 1146 si
2033 1088 2297 1145 scetionis
2340 1087 2812 1157 dispersionisque
2854 1102 3081 1143 causam
3127 1094 3185 1141 ct
3230 1087 3433 1156 princi-

184 1183 370 1250 φέρων
396 1182 493 1252 τὴν
538 1182 745 1236 ἑνιαίαν
790 1183 886 1236 καὶ
925 1182 1169 1253 ἄτμητον
1214 1184 1312 1237 καὶ
1366 1182 1549 1254 πηγὴν
1581 1184 1762 1251 πάσης

1856 1186 2006 1256 pium
2032 1186 2085 1238 in
2121 1199 2182 1239 se
2212 1184 2329 1253 ipso
2356 1183 2558 1247 ferret,
2610 1182 2940 1252 singularem
2989 1178 3317 1243 insectilcm,
3380 1186 3436 1230 (ι
3546 1220 3561 1237 .

185 1274 442 1343 ἑνότητος
486 1274 747 1344 ἐνυϐρίσει
792 1274 975 1342 φύσιν.
1027 1275 1163 1329 υύδι
1193 1276 1472 1344 τέσσσαρα
1498 1274 1553 1327 δί
1584 1273 1764 1343 πολλῷ

189 1362 413 1429 μᾶλλον.
459 1363 630 1433 Διπλῆ
660 1365 769 1434 γὰρ
800 1363 974 1417 ταῦτα
1004 1364 1169 1435 τομὴ,
1208 1366 1243 1434 η
1277 1364 1379 1435 μιν
1404 1364 1501 1434 τὴν
1548 1364 1763 1431 γένεσιν

191 1452 682 1522 προκαταλαϐοῦσι
705 1493 721 1519 ,
759 1456 793 1524 η
823 1454 882 1507 δέ
918 1455 1018 1525 τὴν
1054 1455 1113 1521 ιε
1157 1454 1373 1525 εκείνης
1413 1454 1762 1508 συντεθεῖσαν

1860 1277 2040 1332 omnis
2069 1276 2295 1330 unitatis
2324 1274 2527 1329 I'ontem
2558 1283 2811 1328 naturam
2842 1270 3173 1329 contumelia
3199 1269 3432 1338 quadam

1869 1368 2126 1423 alliceret.
2160 1367 2327 1421 Ilulto
2359 1366 2533 1434 magis
2558 1366 2863 1420 excluditur
2882 1381 2911 1419 a
2937 1363 3045 1419 Deo
3072 1362 3433 1433 quaternitas.

1871 1457 1995 1514 "ac
2015 1460 2162 1515 enim
2194 1458 2389 1527 duplex
2418 1468 2502 1513 est
2524 1458 2727 1521 sectio;
2758 1471 2991 1527 quarum
3014 1469 3120 1509 una
3141 1454 3257 1525 (52)
3282 1470 3440 1509 crea-

188 1543 467 1613 τέμνουσά
486 1560 547 1596 τε
573 1546 668 1603 καὶ
685 1544 994 1599 διαλύουσα.
1024 1545 1159 1599 Οὐδὲ
1188 1544 1259 1599 τὰ
1286 1546 1448 1599 πέντε
1478 1545 1525 1599 δ’
1555 1546 1623 1599 ἀν
1652 1546 1764 1615 εχοι

1872 1550 2074 1605 tionem
2111 1549 2548 1620 praeoccupavit,
2605 1548 2777 1602 altera
2825 1547 3186 1617 compositam
3230 1561 3297 1599 ex
3346 1544 3438 1598 illa

186 1634 377 1705 χώραν
401 1635 761 1706 καθορᾶσθαι,
782 1637 904 1690 οὐδὲ
927 1637 996 1690 τά
1019 1637 1167 1707 ἑξῆς.
1195 1636 1278 1691 Τά
1302 1638 1401 1708 μέν
1422 1637 1505 1691 ὅτι
1533 1637 1764 1708 δεύτερα

1873 1648 2022 1696 secat
2058 1648 2113 1694 et
2136 1640 2410 1696 dissolvit.
2442 1638 2629 1709 Neque
2676 1639 2841 1694 etiam
2895 1639 2950 1692 in
3000 1637 3205 1692 divinis
3257 1636 3438 1691 locum

188 1724 294 1793 τῆς
326 1723 555 1794 Τριάδος
579 1763 595 1787 ,
626 1727 719 1780 καὶ
755 1726 855 1795 τῆς
904 1729 1024 1780 κατ’
1060 1727 1231 1797 αὐτὴν
1274 1726 1517 1797 ἀμεροῦς
1562 1729 1767 1791 ἑννοίας

1872 1731 2033 1787 habet
2061 1732 2352 1801 quinarius
2381 1746 2643 1786 numerus
2671 1745 2847 1800 neque
2872 1731 3052 1786 caeteri
3075 1730 3169 1799 qtti
3194 1744 3438 1797 sequun-

190 1814 567 1885 ὑποϐέϐηκεν.
593 1816 676 1868 Τά
696 1816 752 1869 δι
776 1817 857 1869 δτι
880 1817 973 1870 τοῦ
998 1816 1307 1887 σκεδασμοῦ
1334 1820 1424 1871 καὶ
1450 1819 1551 1887 τῆς
1578 1820 1771 1888 τομῆς,

1872 1832 1990 1887 tur;
2040 1832 2157 1878 tum
2210 1822 2340 1893 quia
2401 1822 2673 1877 secundas
2721 1830 2910 1875 tenent
2966 1828 3091 1891 post
3140 1819 3439 1873 trinitatem

191 1906 297 1959 καὶ
319 1905 418 1975 τῆς
450 1905 583 1977 ’ύλης
610 1907 736 1960 ὅσον
764 1909 843 1971 είς
873 1908 1123 1962 σύνθεσιν
1151 1909 1400 1979 πρόεισιν
1450 1910 1615 1965 πλέον
1648 1928 1771 1980 μετ-

1872 1922 2073 1983 partes,
2116 1920 2171 1968 et
2200 1913 2373 1982 ipsius
2410 1910 2542 1966 idem
2572 1912 2885 1967 indivisibili
2921 1911 3080 1980 longe
3108 1918 3237 1963 sttnt
3267 1908 3444 1978 impa-

197 1998 339 2067 ἔχει.
389 1998 598 2051 Οὐκοῦν
641 2000 870 2062 εἰκότως
907 2002 941 2070 η
989 2000 1269 2069 θεολογία,
1301 2002 1402 2073 την
1437 2002 1537 2073 μὲν
1570 2002 1771 2074 Τριάδα

1872 2020 1982 2067 res,
2009 2014 2125 2058 tum
2154 2005 2284 2074 quia
2306 2004 2699 2075 dispersiunis,
2723 2015 2778 2059 ct
2811 2004 3092 2065 sectionis,
3126 2010 3178 2056 et
3200 2002 3445 2056 materia:

199 2087 342 2158 πρὸς
385 2090 747 2159 ὲκφαντορίαν
793 2093 893 2161 τῆς
934 2092 994 2143 έν
1043 2094 1109 2163 τῇ
1154 2092 1316 2162 φύσει
1361 2092 1771 2163 παραλαμϐάνει

1872 2094 2157 2169 [quantum
2215 2097 2283 2150 ad
2340 2096 2791 2164 compositionem
2838 2092 3095 2164 pertinet]
3148 2099 3277 2146 sunt
3326 2105 3445 2144 am-

191 2180 577 2248 κρυφιότητος.
620 2180 693 2233 Τὸ
733 2180 791 2233 δὲ
822 2181 881 2235 ἓν
918 2182 1051 2237 διότι
1089 2184 1267 2237 οὐδενὶ
1311 2183 1485 2249 οὕτως
1531 2184 1676 2255 ἄλλῳ
1714 2184 1771 2239 τὸ

1878 2187 2020 2257 plius
2041 2188 2359 2257 participes.
2398 2184 2583 2255 Itaque
2610 2185 2733 2254 jure
2770 2184 2964 2238 merito
3000 2182 3272 2251 theologia
3317 2178 3444 2233 Tri-

193 2270 341 2339 ύπὶρ
370 2271 493 2325 νοῦν
521 2272 749 2343 κρύφιον
779 2277 879 2345 τῆς
912 2275 1164 2346 θεότητος
1194 2275 1363 2346 ὡςτῷ
1389 2277 1473 2330 ἐνὶ
1501 2276 1770 2343 θεολογεῖ-

1878 2277 2101 2332 nitatem
2135 2277 2355 2346 quidem
2388 2276 2622 2331 assumit
2645 2276 2711 2330 ad
2748 2275 2894 2328 illius
2949 2274 3095 2343 quod
3147 2274 3200 2325 in
3248 2282 3444 2325 natura

189 2380 289 2414 ται
334 2364 429 2416 καὶ
474 2364 933 2434 παραδείκνυται·
986 2367 1082 2419 καὶ
1126 2366 1261 2421 διότι
1295 2370 1445 2439 πηγὴ
1492 2370 1770 2439 συμφυΐας

1876 2367 2109 2441 [δίνίηι]
2137 2367 2511 2431 absconditur,
2541 2368 2783 2437 mysterii
2808 2365 3236 2422 declarationem
3275 2380 3288 2415 :
3322 2363 3445 2415 uni-

192 2454 419 2523 ἀπάσης
445 2455 824 2523 ύμνολογεῖται
861 2457 923 2510 τὸ
952 2457 1108 2510 Θεῖον
1134 2459 1407 2526 ένότητος.

1877 2470 2042 2515 tatem
2072 2474 2221 2524 vero,
2252 2475 2318 2515 eo
2345 2458 2489 2528 quod
2518 2459 2650 2512 nihil
2677 2459 2899 2528 perinde
2921 2472 2985 2511 ac
3009 2457 3191 2509 unitas
3218 2454 3449 2508 abscon-

195 2546 373 2598 tlitam
405 2544 634 2601 Deitatis
662 2558 911 2601 naturam
937 2548 1087 2602 omni
1117 2558 1301 2603 creata
1329 2557 1508 2604 mente
1530 2551 1864 2620 superiorem
1890 2550 2107 2612 indicet,
2126 2558 2261 2604 eteo
2311 2548 2405 2617 qui
2459 2548 2629 2601 Deum
2683 2550 2892 2606 deccat.
2947 2546 3109 2599 modo
3124 2543 3447 2611 eloqttatnr;

194 2648 398 2705 prater
434 2650 601 2704 quam
659 2638 804 2707 quod
841 2637 1027 2692 divina
1055 2639 1282 2694 unitatis
1331 2639 1472 2693 ratio
1513 2650 1773 2709 tanquam
1814 2639 1936 2697 I'ons
1961 2641 2225 2711 cujusque
2258 2638 2524 2694 naturalis
2550 2639 2885 2708 cognationis
2908 2637 3229 2692 celebratur.

280 2730 402 2783 Ἐτι
433 2730 489 2783 δὲ
518 2731 552 2801 ἡ
580 2731 748 2795 δυάς,
768 2732 840 2785 τά.
867 2749 925 2785 τε
951 2734 1072 2803 ῐχνη
1102 2732 1197 2786 τοῦ
1232 2734 1307 2804 μὴ
1333 2734 1485 2797 ὄντος
1517 2736 1575 2787 έν
1607 2736 1770 2805 ἑαυτῇ

1948 2737 2029 2791 Ad
2081 2736 2196 2790 Ilaec
2227 2736 2467 2791 dualitas
2495 2736 2670 2804 prima
2702 2735 2946 2787 omnium
2978 2732 3219 2786 maxime
3278 2730 3333 2783 in
3386 2742 3449 2785 se

193 2818 395 2892 πρώτῃ
422 2820 655 2890 μάλιστα
678 2822 851 2891 φέρει.
872 2824 1094 2889 Λύσεώς
1114 2841 1173 2877 τε
1196 2825 1305 2895 γὰρ
1330 2826 1437 2894 πρὸ
1462 2826 1569 2878 τῶν
1593 2825 1770 2879 ἄλλων

1880 2828 1986 2883 Iert
2029 2828 2209 2891 niltili,
2270 2842 2363 2883 seu
2414 2828 2535 2897 ejus
2589 2827 2735 2896 quod
2770 2842 2878 2880 non
2913 2825 3164 2888 exsistat,
3195 2823 3445 2893 vestigia.

192 2909 342 2981 αὕτη
373 2910 525 2980 πηγὴ
548 2951 562 2973 ,
604 2913 696 2964 καὶ
735 2913 908 2983 τομῆς
954 2916 1047 2967 καὶ
1078 2916 1425 2985 σκεδασμοῦ,
1473 2919 1567 2970 καὶ
1610 2920 1771 2971 πᾶτιν

1881 2918 2006 2973 llmc
2026 2918 2170 2973 enim
2200 2932 2313 2987 pra:
2342 2916 2553 2971 ceteris
2587 2922 2709 2970 lana
2744 2913 3121 2970 dissolutionis
3148 2920 3257 2977 est,
3305 2910 3448 2965 scis-

191 3001 353 3053 αιτία
377 3002 559 3071 φέρειν
589 3007 647 3055 έν
672 3004 883 3067 ἑαυτοῖς
914 3006 1015 3074 τῆς
1049 3006 1253 3077 φθορᾶς
1286 3010 1353 3061 τὰ
1380 3011 1661 3079 προοίμια.
1708 3012 1771 3063 'H

1878 3023 2021 3064 sura
2050 3017 2107 3063 et
2139 3007 2539 3077 dispersionis;
2578 3020 2910 3074 causamque
2939 3003 3195 3057 omnibus
3245 3000 3452 3072 prebet

194 3100 376 3169 Τριάς
404 3099 459 3151 δὲ
504 3101 567 3151 τὸ
613 3101 857 3170 ἄτμητον
901 3104 1154 3167 είκονίζει
1192 3106 1384 3174 πρώτη
1418 3107 1513 3159 καί
1543 3108 1771 3161 ἀσκὲδα-

1876 3115 1975 3155 cur
2002 3101 2056 3154 in
2082 3100 2276 3168 seipsis
2296 3098 2544 3169 quaedam
2572 3097 2735 3151 veluti
2768 3096 3071 3165 primordia
3106 3093 3288 3150 ferant
3322 3108 3451 3149 cor-

196 3205 351 3242 στον.
394 3189 501 3240 Καὶ
538 3188 592 3241 εί
612 3207 665 3243 τι
703 3190 831 3244 ἀλλο
868 3192 1087 3262 μετέχει
1114 3194 1213 3264 τῆς
1238 3194 1549 3266 ἀδιαιρέτου
1592 3214 1651 3250 τε
1681 3200 1776 3251 καὶ

195 3278 535 3332 ἀσκεδάστου
584 3280 799 3347 φύσεως
840 3280 902 3345 ἐξ
940 3283 1113 3353 αὐτῆς
1155 3286 1478 3356 μετειληφδς
1513 3288 1775 3355 ἐπιγινώε

196 3380 417 3420 σιεται.
449 3367 541 3419 Διὸ
574 3368 635 3420 τὸ
656 3370 810 3421 Θεῖον
849 3371 1074 3434 εἰκότως
1107 3373 1207 3442 τῆς
1252 3374 1383 3443 ῥοῆς
1422 3375 1517 3427 καὶ
1567 3375 1774 3438 λύσεως

196 3455 306 3508 καὶ
360 3456 563 3526 φθορᾶς
622 3459 801 3512 αἰτίαν
846 3460 1144 3515 ἀπεσὶσατο
1170 3475 1217 3516 ι.
1256 3464 1355 3517 Διά
1382 3464 1441 3517 δι
1479 3465 1582 3534 τῆς
1633 3466 1774 3517 sitco-

198 3543 463 3615 νιζούσης
490 3548 719 3617 Τριάδος
767 3549 831 3601 τὸ
880 3551 1181 3622 ἀρῤευστόν
1218 3570 1277 3605 τε
1300 3554 1397 3608 καὶ
1443 3555 1774 3609 ἀσκέδαστον

198 3634 303 3688 καὶ
370 3636 649 3689 ἀδιάλυτον
716 3639 1175 3706 έπιγινώσκεσθαι
1254 3645 1607 3715 κατηξίωσεν.
1665 3649 1774 3702 Καὶ

200 3725 320 3793 γάρ
364 3726 425 3778 τὸ
472 3727 574 3796 μέν
615 3728 712 3797 τὴν
740 3729 917 3782 αἰτίαν
952 3733 1049 3800 τῆς
1082 3733 1261 3803 τομῆς
1306 3736 1399 3788 καὶ
1428 3736 1636 3806 ῥύσεως
1666 3738 1775 3791 τῶν

196 3816 381 3869 ἄλλων
405 3818 691 3885 ὁμοταγῶν
727 3819 914 3873 παθῶν
943 3823 1235 3893 ὑπεριδεῖν,
1270 3826 1469 3878 οἰκεῖον
1497 3827 1769 3899 θεότητος.

200 3908 283 3960 Τὸ
312 3908 367 3960 δέ
399 3909 498 3977 τὴν
526 3910 730 3980 Τριάδα
775 3912 851 3981 μὴ
903 3914 1257 3983 ὑπεριδόντας
1302 3916 1535 3986 πρώτως
1579 3920 1774 3972 είκονί·

199 4000 407 4062 ζουσαν
455 4001 713 4054 τάναντία
753 4005 929 4056 πάντα
976 4006 1086 4057 τῶν
1119 4007 1423 4077 εἰρημένων
1464 4008 1651 4063 παθῶν
1695 4014 1774 4075 εἰς

197 4090 441 4157 ἀπορίαν
480 4091 571 4143 τὸν
610 4093 948 4160 ἀνθρώπινον
990 4096 1115 4148 νοῦν
1155 4098 1456 4153 πλανᾶσθαι
1494 4101 1569 4171 μὴ
1598 4119 1775 4173 παρα-

201 4183 432 4251 χωρεῖν,
473 4182 879 4253 φιλανθρωπίας
905 4186 966 4239 τέ
1002 4189 1118 4240 ἐστι
1147 4192 1247 4258 τῆς
1284 4192 1603 4262 πρεπούσης
1630 4192 1769 4261 Θεῷ,

202 4272 309 4323 καὶ
339 4272 436 4341 τῆς
475 4274 602 4341 περί
642 4276 790 4343 ἡμᾶς
824 4276 1085 4345 Προνοίας
1119 4282 1555 4350 περιφανεστάτη
1595 4284 1772 4351 παρά-

201 4378 421 4424 στασις.

1881 3188 2152 3258 rnptelae:
2193 3186 2432 3242 Trinitas
2461 3198 2641 3241 autem
2670 3226 2687 3251 ,
2738 3184 2885 3256 quod
2931 3185 3107 3241 secari
3145 3184 3452 3256 dispergive

1881 3282 2089 3350 nequit,
2123 3281 2252 3334 illud
2285 3282 2460 3349 prima
2491 3286 2879 3347 repraesentat;
2941 3286 2997 3333 et
3039 3278 3084 3331 si
3133 3277 3264 3347 quid
3296 3277 3447 3333 aliud

1881 3372 2226 3427 indivislbilis
2273 3387 2372 3425 nec
2418 3370 2811 3439 dispersionem
2846 3369 3105 3439 patientis
3138 3378 3348 3424 natura
3390 3368 3451 3421 IIt

1880 3462 2173 3531 particeps,
2196 3476 2260 3515 ex
2286 3462 2403 3530 ipsa
2432 3461 2702 3530 particeps
2731 3461 2880 3515 illius
2912 3475 3037 3514 esse
3068 3460 3443 3529 cognoscitur.

1880 3556 2052 3620 Quam
2076 3555 2148 3608 ob
2168 3569 2282 3608 rem
2305 3554 2560 3607 divinitas
2590 3568 2810 3608 causam
2850 3552 3105 3617 eIIluxus,
3133 3552 3450 3608 dissolutio-

1881 3648 1989 3709 nis,
2015 3656 2070 3700 et
2097 3645 2420 3714 corruptelae
2455 3660 2483 3697 a
2516 3658 2576 3699 se
2603 3644 2720 3713 ipsa
2748 3644 2955 3713 expulit
2994 3662 3006 3697 :
3042 3655 3097 3697 et
3142 3660 3236 3713 per
3268 3642 3451 3699 Trini-

1883 3745 2047 3790 tatem
2076 3750 2198 3804 qua:
2228 3735 2625 3789 immunitatem
2658 3734 2726 3788 ab
2758 3734 2980 3797 emuxu,
3011 3734 3374 3791 dissolutione
3394 3747 3452 3791 ει

1878 3828 2216 3896 dispersione
2290 3836 2679 3896 repraesentet,
2755 3826 2980 3897 agnosci
3054 3825 3278 3896 dignata
3341 3835 3447 3882 est.

1880 3918 2089 3973 Etenim
2130 3920 2413 3983 sectionis,
2450 3917 2700 3982 emuxus,
2726 3928 2783 3974 et
2814 3918 3043 3973 aliarum
3074 3918 3319 3987 ejusdem
3358 3933 3450 3974 on-

1879 4011 2024 4066 dinis
2048 4010 2397 4066 aII‘ectlonum
2423 4025 2641 4068 causam
2678 4011 2979 4080 despicere,
3016 4010 3120 4065 hoc
3146 4026 3278 4066 sane
3306 4010 3449 4065 divi-

1880 4103 2066 4157 nitatis
2088 4111 2173 4158 est
2211 4103 2533 4172 proprium:
2566 4102 2710 4172 quod
2773 4116 2905 4157 vero
2948 4099 3270 4156 Trinitatem
3326 4117 3449 4171 quae

1879 4196 2062 4249 omnia
2096 4196 2365 4265 prmdit‘tis
2415 4194 2794 4249 affectionibus
2821 4194 3100 4251 contraria
3135 4193 3282 4247 velut
3315 4196 3449 4249 Ima-

1879 4285 2001 4353 gine
2027 4285 2263 4353 quadam
2320 4286 2597 4349 exhibeat,
2642 4300 2751 4339 non
2781 4284 3233 4353 despexerimus,
3273 4299 3449 4354 neque

1879 4376 2183 4443 permiserit
2218 4376 2358 4431 Dens
2400 4386 2457 4430 ut
2501 4378 2735 4431 Itumana
2765 4391 2918 4431 mens
2949 4376 3003 4430 in
3044 4375 3443 4429 dubitationum

201 4458 463 4527 angustia
491 4458 722 4514 adducta
750 4474 992 4527 erraret;
1035 4464 1139 4517 ltoc
1162 4464 1407 4532 proferto
1432 4467 1785 4539 benignitatis
1817 4479 1901 4525 est
1925 4485 2033 4540 qua
2078 4470 2247 4525 Deum
2306 4486 2431 4539 erga
2498 4470 2745 4525 homines
2792 4469 2936 4524 aI’Ilci
2976 4474 3131 4523 decet
3173 4478 3227 4521 et
3266 4469 3442 4522 mani-

197 4549 568 4603 festissimum
597 4566 723 4619 erga
751 4569 848 4607 nos
878 4554 1240 4609 Providentia:
1264 4571 1673 4628 argumentum.

730 4668 1056 4720 ΕΡΩΤΗΣῘΣ
1095 4670 1261 4723 PHB‘.

442 4754 571 4822 Πῶς
593 4756 849 4825 λέγομεν
876 4758 944 4811 ἐν
978 4760 1075 4813 καί
1100 4763 1231 4829 τρία
1261 4762 1327 4815 τὸ
1356 4764 1553 4821 Ocior;

1800 4688 1851 4745 Ῑ)
1915 4673 2239 4742 QUzESTIO
2275 4674 2554 4730 CLXXXII
2590 4674 2774 4746 [CoisL
2798 4674 2977 4740 CCXI,
3017 4674 3177 4727 Taur.
3210 4675 3388 4749 CCII].

2008 4763 2122 4832 (55)
2155 4763 2429 4828 Quomodo
2457 4764 2696 4815 dicamus
2730 4763 2894 4815 Deum
2918 4779 3079 4815 unum
3108 4772 3155 4816 et
3189 4764 3295 4815 m'n
3314 4766 3340 4815 2'

1358 4878 1497 4927 Edita
1520 4893 1548 4928 a
1574 4880 1806 4942 Basnagio
1828 4881 1883 4943 (ll
1908 4892 1953 4928 c.
1979 4892 2027 4941 p.
2049 4878 2297 4939 ιιι-4³5).

277 4949 379 5004 Ἐν
424 4950 517 5004 καὶ
556 4952 684 5007 τοία
724 4954 782 5007 τὸ
810 4954 963 5008 Θεῖον
993 4957 1370 5029 θεολογοῦμεν,
1416 4963 1477 5015 τὸ
1508 4962 1566 5016 εν
1594 4964 1650 5016 δέ
1684 4966 1773 5016 καὶ

190 5043 429 5113 τὰ-τρία
450 5046 529 5097 ὲνὶ
559 5045 657 5115 τῆς
684 5046 999 5116 ὑπερφυοῦς
1024 5050 1227 5121 ταύτης
1257 5052 1514 5122 θεαρχίας
1537 5056 1628 5108 καί
1653 5056 1775 5109 καθ’

192 5136 355 5203 ἡμᾶς
406 5136 665 5204 ἱερολογεῖ
696 5138 963 5208 θεολογία.
996 5142 1070 5194 Οὐ
1102 5141 1161 5193 τὲ
1193 5142 1250 5193 ἓν
1279 5145 1336 5194 ἐν
1366 5144 1616 5214 ἀριθμοῖς
1645 5147 1676 5216 ἢ
1708 5147 1775 5200 τά

192 5225 331 5295 τρία
361 5226 564 5294 κυρίως
603 5227 790 5298 ὥσπερ
812 5231 905 5283 ἰπὶ
937 5231 1045 5284 τῶν
1076 5231 1216 5284 κατά
1243 5233 1404 5300 φύσιν
1433 5237 1526 5288 καὶ
1566 5238 1773 5305 κυρίως

1947 4963 2129 5020 Unum
2161 4972 2215 5017 et
2244 4963 2347 5016 tria
2378 4962 2543 5016 Deum
2574 4962 2871 5033 theol0gice
2896 4962 3149 5026 dicimus,
3185 4973 3237 5016 et
3271 4978 3439 5017 unum

1872 5064 1926 5109 et
1959 5040 2063 5109 tria
2094 5054 2147 5107 in
2177 5052 2479 5115 divinitate,
2513 5034 2820 5122 quisupra
2842 5061 3091 5105 naturam
3122 5062 3227 5119 est,
3254 5061 3437 5105 nostra

1875 5144 2167 5215 Theologia
2202 5143 2354 5209 dicit,
2382 5158 2488 5197 non
2522 5158 2686 5197 unum
2717 5143 2772 5197 in
2800 5143 3060 5206 numeris,
3090 5144 3169 5197 vel
3194 5143 3294 5196 tria
3317 5158 3443 5212 pro-

1880 5238 1997 5307 prie
2025 5240 2106 5293 sic
2125 5236 2419 5308 accipiens,
2446 5237 2589 5291 sicut
2620 5236 2672 5290 in
2696 5236 2783 5301 iis,
2810 5249 2932 5305 qua:
2956 5235 3255 5290 secundum
3284 5244 3441 5289 natu.

1495 5386 1724 5442 VARUS
1759 5389 2157 5446 LECTIONES.

280 5484 307 5511 ι
338 5470 687 5525 ἀπεσείσατο.

1716 5577 1942 5633 ΝΟΤᾹΣ.

281 5659 399 5723 (52)
430 5658 586 5721 Nam,
611 5672 670 5715 ut
700 5677 864 5731 supra
891 5664 1079 5717 docuit
1108 5663 1355 5731 Pltotius,
1386 5668 1567 5723 omnis
1608 5666 1772 5723 Crea-

192 5741 325 5783 tura
361 5740 576 5785 constat
597 5748 658 5784 ex
718 5745 942 5787 materia
976 5746 1029 5787 et
1084 5734 1291 5800 forma;

190 5801 469 5854 dttalttate
496 5814 618 5868 quae
649 5808 886 5857 materiae
923 5819 973 5857 et
1002 5806 1189 5859 ἰοί-πίω
1228 5806 1569 5876 respondeat.

540 5894 807 5953 Ρηιιοι.
852 5898 967 5955 (in.
1016 5896 1115 5957 Cl.

1943 5672 2058 5738 (53)
2094 5669 2243 5724 Ilane
2271 5669 2623 5740 quaestionem
2648 5684 2761 5740 _nec
2800 5677 2989 5740 nonet
3011 5667 3441 5740 Διίιιαει-ειξιιιιιεςιο

1372 5739 1457 5812 vel
1510 5754 1571 5791 cx
1604 5739 1785 5809 aliqua
1879 5734 1960 5797 tcs
1993 5734 2250 5797 eﬂ‘urmt-t
2288 5734 2500 5812 'qttarta
2536 5754 2599 5793 ex
2643 5737 3129 5793 Dissertationibus
3163 5734 3437 5805 Basnagii.

3046 5891 3120 5949 '29
