4162 6442
202 444 296 509 909

693 562 1025 619 ΕΡΩΤΠΣΙΣ
1058 568 1237 622 PIIH'.

195 731 393 823 sum
414 738 731 823 decemuir
764 741 1179 823 ξαιηῑσρτίμεηι
1207 741 1318 806 τῆς
1353 743 1600 823 ζρξάσος

252 805 643 900 {ﬁrmirch
661 810 835 900 δημέντ
856 805 1321 900 πατὴρρέγετάι
1358 805 1457 891 oga
1485 805 1591 900 τοῤ
1620 805 1753 900 ridi”.

257 872 378 994 :25
404 873 647 997 διιέέτοῦ
684 872 1033 948 Πνεύμεοξ
1064 872 1469 951 δημιουργεῖν,
1500 882 1611 935 οὐκ
1650 879 1753 948 ἔμ-

380 960 440 996 tr
544 959 565 1007 ;

819 455 919 514 AD
974 454 1565 519 AMPHILOCHIUM
1599 454 1943 529 QUESTIO
1979 452 2797 515 CLXXXVII-CLXXXVIII.

1781 573 1833 629 Λ

3320 455 3430 523 910

2010 564 2337 633 QUESTIO
2375 564 2752 621 CLXXXVIII.
2787 565 2977 639 [CoisL
3008 567 3260 625 CCXVII.

2352 656 2517 711 Tm.
2552 657 2807 730 CCVIII.]
2840 661 2973 729 (74).

1861 742 2039 809 Quare
2070 760 2191 817 cunt
2218 744 2524 817 Trinitatem
2554 748 2916 816 homogeueam
2943 764 3055 801 esse
3091 751 3310 817 parique
3345 751 3433 803 Ita-

1933 830 2057 866 ποτε
2087 815 2195 885 [ςειὶ
2225 815 2281 866 in
2308 816 2545 882 confesso
2571 818 2640 869 ait
2663 854 2677 876 ,
2713 815 2874 869 Pater
2909 815 3202 885 tamru’per
3230 820 3431 871 Filium

1930 894 1979 935 et
2005 900 2095 950 per
2109 882 2366 988 Spiritum
2389 896 2628 938 sanctum
2650 902 2827 940 creare
2854 882 3232 955 dicatum-nou
3255 901 3430 941 autent

1935 970 2079 988 ..οηη
2107 971 2212 988 ...η

1935 970 2080 1007 versa
2107 970 2241 1008 ινιεσε

1272 1062 1415 1114 Edita
1437 1077 1465 1113 a
1493 1062 1618 1114 Maio
1640 1061 1786 1123 (Nor.
1810 1060 1935 1113 Gott.
1962 1067 1999 1112 t.
2021 1063 2103 1125 IX,
2125 1063 2331 1128 p-151).

259 1137 324 1192 α’.
376 1139 467 1204 Είς
500 1142 735 1212 ἀπορίαν
786 1145 935 1210 τινές
981 1149 1365 1216 φασινινίους
1410 1146 1759 1218 ὑπάγεσθαι,

193 1230 331 1291 τίνος
366 1231 528 1302 χάριν
555 1235 655 1304 τῆς
684 1234 992 1309 ὕπσραγίας
1014 1238 1243 1309 Τριάδος
1267 1238 1543 1310 ὀμοφυοῦς
1577 1254 1639 1293 τε
1669 1239 1765 1292 καὶ

193 1323 249 1373 τὸ
277 1321 517 1393 ἰσότιμον
540 1326 992 1399 κεκληρωμίνης.
1015 1330 1112 1385 καὶ
1137 1329 1372 1399 μάλιστὰ
1401 1347 1466 1400 γε
1486 1332 1587 1403 τῆς
1611 1331 1762 1397 θείας

191 1411 345 1465 τοῦτο
381 1414 776 1488 δωτρανούσης
818 1418 1071 1491 Γραφῆς,
1114 1422 1458 1493 Δημιουργδς
1502 1423 1705 1493 μᾶλλον
1735 1424 1765 1477 6

194 1504 315 1569 Υίδς
341 1494 634 1579 ὑπἀὐτῆς
672 1509 1033 1580 δοξολογεῖται
1077 1513 1286 1587 ταύτης
1318 1515 1414 1568 καὶ
1442 1514 1758 1586 ἀνακηρύσο

195 1610 337 1647 σεται
366 1596 510 1667 ἥπερ
541 1599 571 1651 6
600 1599 827 1672 Πατήρς
861 1603 911 1655 εί
956 1603 1067 1675 γὰρ
1097 1605 1190 1658 καὶ
1222 1606 1252 1658 6
1290 1607 1480 1676 Πατὴρ
1516 1606 1761 1678 εὑρίσκε-

192 1700 300 1749 ται,
337 1686 455 1741 ἀλλ’
484 1688 579 1741 ἰπὶ
611 1691 811 1760 μᾶλλον
838 1693 867 1746 6
902 1692 1030 1757 Υἱός
1053 1710 1067 1725 ο
1104 1694 1221 1758 πῶς
1254 1696 1311 1749 δὲ
1342 1697 1505 1750 πάλιν
1531 1697 1599 1751 δι’
1632 1695 1757 1750 Υιοῦ

195 1776 292 1843 μὲν
328 1776 544 1845 λέγεται
572 1780 926 1854 δημιουργεῖν
958 1786 987 1837 6
1021 1786 1230 1856 Πατὴρ,
1268 1786 1370 1839 οὐκ
1405 1788 1645 1857 ἔμπαλιν
1680 1788 1758 1852 6t,

191 1867 313 1921 οὔτε
342 1867 429 1923 διὰ
467 1870 561 1925 τοῦ
605 1874 815 1946 Πατρδς
849 1876 879 1929 6
920 1864 1078 1943 Υίόςς
1124 1878 1185 1930 οὺ
1241 1877 1348 1949 μὴν
1390 1878 1505 1934 ἀλλ’
1536 1881 1658 1936 οὐδὲ
1699 1882 1762 1936 τὸ

194 1959 414 2029 Πνεῦμα
441 1950 584 2018 ὀὔτε
626 1965 716 2019 δια
747 1968 841 2021 τοῦ
873 1969 1087 2039 Πατρδς
1118 1968 1245 2024 οὔτε
1273 1971 1363 2025 διὰ
1393 1973 1485 2027 τοῦ
1515 1973 1643 2027 Υίοῦ
1668 1991 1683 2042 ;
1723 1976 1757 2047 ἢ

190 2051 276 2105 διὰ
300 2053 391 2107 τοῦ
417 2055 628 2127 Πατρὸς
657 2057 757 2128 μιν
780 2058 896 2114 ἐστι
926 2060 1256 2115 καταλαϐεῖν
1274 2101 1291 2127 ,
1329 2064 1631 2136 παράδοξον
1660 2066 1761 2135 μὲν

193 2144 447 2209 ἀκοῦσαι,
493 2148 689 2219 νοῆσαι
733 2151 790 2213 δὲ
853 2152 916 2206 οὗ
969 2155 1299 2226 παράδοξον;
1339 2156 1531 2227 ὅτιπερ
1572 2159 1601 2210 ὃ
1638 2175 1698 2211 τε
1732 2159 1761 2212 6

191 2235 316 2300 Υίδς
345 2238 521 2291 καὶτὸ
551 2241 775 2312 Πνεῦμα
805 2245 853 2297 εί
892 2245 986 2298 καὶ
1018 2248 1096 2318 μὴ
1132 2246 1486 2319 δημιουργεῖ,
1517 2250 1633 2304 ἀλλ’
1666 2251 1761 2305 οῦν

188 2330 271 2395 ἐφ’
302 2330 511 2401 ἕτεροις
542 2332 725 2401 ἔργοις
756 2337 1101 2391 ἀποστέλλων
1125 2341 1289 2394 αὑτὸν
1332 2342 1483 2413 ὅμως
1510 2345 1755 2414 ἐνεργείο

189 2422 306 2484 πῶς
334 2422 428 2476 οὖν
453 2424 551 2479 οὐκ
579 2426 764 2493 ἄδοξον
805 2430 867 2483 τὸ
904 2434 1243 2504 παράδοξονς
1278 2435 1375 2489 καὶ
1398 2436 1483 2499 τίς
1511 2440 1540 2491 6
1580 2437 1759 2505 δόξαις

187 2512 417 2580 ὑπάγων
460 2516 621 2583 αὑτό;
667 2521 766 2573 οὐκ
790 2521 969 2587 ἄλλος⁹
1013 2524 1128 2577 ἀλλ’
1160 2525 1323 2590 αὐτὸς
1368 2530 1397 2582 6
1428 2530 1756 2585 ἀποστελλό-

192 2621 352 2670 μενος
388 2606 575 2678 Πατήρ
594 2626 608 2640 ’
629 2608 775 2679 λέγει
814 2614 921 2686 γὰρ
949 2619 1015 2688 τῇ
1044 2624 1357 2692 προφητικῇ
1397 2620 1493 2675 τοῦ
1535 2622 1757 2678 Ἡσαΐου

188 2694 469 2787 χρώμενος
497 2704 679 2771 φωνῇ.
716 2722 736 2755 ε
778 2706 976 2761 ’Δκουί
1012 2725 1135 2778 μου,
1170 2710 1367 2766 Ἰακὼϐ
1389 2714 1483 2767 καὶ
1518 2715 1757 2787 Ἰσραὴλ,

187 2786 245 2837 ὃν
266 2786 381 2855 εγὼ
408 2790 579 2855 καλῶ,
605 2794 715 2862 εγὼ
731 2795 863 2861 Θεὸς
882 2799 1120 2870 πρῶτος,
1145 2803 1239 2857 καὶ
1264 2803 1375 2873 εγὼ
1398 2806 1537 2876 μετὰ
1562 2786 1755 2874 ταῦτα,

187 2876 281 2970 καὶ
316 2879 459 2951 πλὴν
489 2884 624 2952 ιμοῦ
654 2886 785 2952 Θεὸς
818 2890 919 2943 οὐκ
948 2892 1084 2948 ἔστι.
1125 2913 1144 2946 ι
1204 2896 1349 2964 Ἐγὼ
1386 2900 1453 2968 τῇ
1482 2898 1624 2970 χειρί
1655 2917 1757 2969 μου

186 2967 527 3040 ὲθεμελίωσα
553 2974 651 3046 τὴν
674 2979 812 3049 γῆν,
842 2983 937 3035 καὶ
960 2982 1023 3035 τδ
1052 2983 1281 3056 Πνεῦμά
1316 3004 1419 3057 μου
1446 2967 1758 3061 ιὸτέρέέυσι

186 3060 278 3158 τον
298 3063 548 3132 οὐρανόν.
580 3068 720 3138 Ὅρα
749 3070 867 3133 πῶς
896 3072 1245 3143 δημιουργῶν
1272 3075 1360 3129 διὰ
1382 3076 1476 3130 τοῦ
1507 3060 1636 3133 Υίοῦ
1666 3084 1762 3134 καὶ
1787 3096 1831 3158 C

188 3152 508 3222 ῐινεύματος
542 3157 886 3231 δημιουργεῖ.
932 3163 1073 3232 Ἐγὼ
1110 3168 1244 3220 πᾶσι
1281 3170 1394 3231 τοῖς
1430 3168 1651 3241 ἄστροις
1675 3175 1760 3225 ιν-

185 3247 504 3317 ετειλάμην.
535 3249 721 3305 Ταῦτα
760 3252 845 3306 διὰ
898 3254 992 3308 τοῦ
1046 3256 1332 3329 Προφήτου
1374 3260 1542 3314 είπὼν
1580 3264 1609 3316 6
1651 3262 1760 3317 τῶν

185 3338 326 3391 ὅλων
370 3339 535 3407 Θεὸς,
580 3344 676 3396 καὶ
718 3343 805 3398 διὰ
842 3346 951 3399 τῶν
991 3348 1296 3417 εἰρημένων
1326 3351 1547 3423 ιμφανῆ
1590 3370 1759 3408 κατα-

189 3434 397 3501 στήσας
425 3434 647 3499 ἑαυτὸν,
680 3436 869 3508 ὅτιπερ
906 3439 936 3489 6
960 3438 1133 3493 ταῦτα
1172 3442 1349 3511 λέγων
1411 3445 1574 3508 αὑτός
1612 3449 1759 3501 ἔστιν

184 3525 213 3575 ὁ
249 3524 474 3595 Πατήρ⁶
508 3526 603 3579 καὶ
634 3526 743 3598 γὰρ
767 3528 919 3593 δεξιὰ
956 3531 1055 3599 μὲν
1081 3532 1246 3585 αὐτοῦ
1280 3533 1467 3603 ὀλίὸς
1488 3574 1503 3599 ,
1536 3536 1760 3607 Πνεῦμα

186 3613 244 3665 δὲ
279 3615 447 3668 αὑτοῦ
479 3617 541 3669 τὸ
571 3616 793 3689 Πνεῦμα
825 3621 884 3673 τὸ
917 3621 1092 3689 ἅγιον.

260 3707 331 3777 β’.
362 3709 425 3760 Ὠ
456 3712 717 3779 ῥημάτων
738 3716 1135 3784 κεκρυμμένων
1160 3717 1174 3769 I
1206 3718 1406 3787 μᾶλλον
1436 3720 1494 3774 δὲ
1523 3720 1758 3789 διανοίας

183 3800 288 3853 οὐκ
336 3801 611 3870 ἐμφανοῦς
662 3802 795 3873 μὲν,
845 3805 1284 3879 ἑμφανιζομένης
1320 3808 1379 3862 δι
1436 3811 1624 3882 ῥᾳδίας
1679 3816 1760 3878 είς

182 3890 495 3961 κατάληψιν
534 3894 755 3962 ἐπάγει·
786 3912 805 3946 ι
848 3896 956 3949 Καὶ
992 3896 1087 3949 νῦν
1129 3897 1331 3968 Κύριος
1356 3901 1641 3955 ἀπέστειλέ
1691 3921 1759 3974 με

182 3984 282 4035 aut
311 3982 375 4035 1:6
406 3981 627 4053 Πνεῦμα
652 3985 838 4039 αὑτοῦ.
877 4004 896 4037 ι
929 3986 1137 4039 Οὐκοῦν
1165 3988 1226 4039 τὸ
1255 3988 1480 4060 Πνεῦμα
1506 3991 1695 4066 ὥσπερ
1730 3997 1759 4048 6

180 4070 317 4131 Υἱὸς
351 4074 545 4139 ικεῖνο,
587 4073 731 4129 οὕτω
758 4076 853 4129 καὶ
877 4076 1009 4129 αὐτὸ
1046 4077 1569 4152 ἐξαποστελλόμενος
1608 4087 1758 4156 παρὰ

179 4163 278 4216 τοῦ
310 4165 542 4234 Πατρὸς.
584 4166 680 4219 νῦν
713 4169 1031 4222 ἀποστέλλει
1063 4170 1153 4224 τὸν
1179 4172 1427 4243 Πατέρα·
1468 4171 1591 4228 εἷπε
1626 4178 1755 4247 γὰρ,

182 4274 201 4306 ε
251 4258 368 4310 Καὶ
417 4255 512 4311 νῦν
561 4257 764 4330 Κύριος
820 4262 1131 4315 ἀπέσταλκε
1167 4280 1235 4332 με
1287 4266 1484 4327 καὶτὸ
1531 4267 1757 4339 Πνεῦμα

174 4350 377 4404 αὐτοῦ.
416 4367 435 4400 ι
465 4349 634 4420 Δῆλον
671 4347 763 4405 οὖν
789 4353 853 4405 ὲκ
882 4353 1083 4407 τούτων
1114 4356 1208 4409 καὶ
1242 4359 1354 4420 τοίς
1379 4357 1453 4428 μὴ
1486 4359 1607 4413 λίαν
1629 4362 1755 4426 ὀξυ-

1934 1148 1986 1203 I.
2018 1150 2197 1205 Audio
2230 1150 2521 1204 nonnullos
2564 1149 2617 1203 in
2647 1150 3001 1221 perplexitate
3032 1153 3264 1219 versari,
3300 1169 3432 1208 cur-

1861 1256 2009 1304 nam,
2034 1256 2157 1296 cum
2178 1242 2523 1297 sanctissima
2544 1241 2784 1299 Trinitas
2800 1244 3043 1299 eamdem
3068 1247 3432 1300 substantiam

1860 1333 2226 1400 eumdemque
2266 1334 2493 1389 honoris
2529 1335 2755 1405 gradum
2807 1336 2997 1389 sortita
3032 1338 3124 1401 sit,
3166 1336 3331 1405 idque
3379 1338 3433 1390 iu

1861 1420 2054 1491 primis
2099 1422 2382 1491 perspicua
2429 1423 2614 1478 divina
2650 1422 2930 1494 Scriptura
2964 1425 3193 1490 doceat,
3232 1426 3431 1479 nihilo-

1866 1513 2048 1567 minus
2081 1515 2300 1569 creandi
2327 1515 2446 1569 laus
2474 1516 2543 1569 ab
2562 1516 2748 1571 eadem
2779 1516 3056 1586 Scriptura
3083 1517 3151 1572 de
3176 1515 3315 1571 Filio
3338 1532 3437 1587 po-

1866 1604 1975 1659 tius
2018 1618 2181 1674 quam
2222 1604 2289 1659 de
2318 1603 2480 1659 Patre
2513 1607 2883 1675 pradicetur?
2924 1623 3049 1660 nam
3085 1609 3186 1661 etsi
3217 1606 3434 1661 Patrem

1865 1711 2083 1766 quoque
2113 1696 2425 1751 Creatorem
2466 1698 2573 1751 dici
2616 1699 3077 1768 deprehendimus
3101 1737 3118 1763 ,
3151 1700 3323 1753 multo
3352 1710 3437 1754 ta-

1870 1801 1991 1839 men
2024 1786 2195 1855 magis
2221 1784 2441 1840 Filium.
2486 1783 2697 1841 Rursus
2727 1800 2951 1841 curnam
2989 1803 3083 1856 per
3116 1786 3313 1844 Filium
3349 1790 3436 1843 di-

1866 1884 2020 1928 catur
2058 1890 2245 1931 creare
2277 1873 2460 1938 Pater,
2496 1892 2602 1931 non
2634 1885 2813 1931 autem
2843 1892 2874 1931 e
2896 1879 3176 1933 contrario
3205 1894 3301 1949 per
3329 1880 3437 1934 Pa-

1868 1976 2003 2020 trem
2037 1963 2206 2020 Filius
2233 1982 2248 2029 ;
2302 1981 2478 2036 neque
2510 1966 2635 2020 item
2667 1966 2904 2036 Spiritus
2936 1982 3033 2037 per
3064 1968 3279 2023 Patrem
3322 1970 3439 2024 sire

1868 2072 1963 2128 per
1986 2055 2183 2111 Filium
2206 2058 2229 2111 τ
2254 2060 2334 2112 An
2365 2073 2459 2129 per
2484 2058 2697 2114 Patrem
2718 2060 2937 2130 quidem
2962 2060 3264 2132 intelligere
3287 2062 3436 2125 licet,

1866 2147 2058 2201 auditu
2089 2147 2289 2201 mirum
2311 2187 2327 2211 ,
2358 2147 2631 2202 intellectu
2684 2164 2791 2203 non
2823 2150 3191 2219 impervium?
3221 2151 3348 2220 quia
3383 2162 3438 2205 (ι

1866 2236 2037 2295 Filius
2081 2238 2295 2295 etiamsi
2329 2236 2595 2306 Spiritum
2628 2239 2852 2294 minimo
2882 2248 3066 2305 creat,
3091 2240 3220 2294 dum
3254 2251 3433 2295 tamen

1866 2332 1933 2386 ad
1955 2333 2060 2387 alia
2090 2347 2255 2403 opera
2282 2333 2429 2387 hunc
2455 2332 2643 2393 mittit,
2673 2332 2835 2386 simul
2866 2342 3147 2402 operatur.
3173 2335 3283 2388 Cur
3307 2349 3437 2403 ergo

1865 2439 1973 2479 non
2012 2435 2096 2479 est
2130 2425 2445 2479 incredibile
2478 2425 2799 2479 miraculum
2836 2424 2984 2479 hoc!
3019 2435 3073 2479 et
3105 2428 3231 2495 quis
3272 2426 3434 2480 [idem

1866 2517 1994 2574 huic
2047 2517 2122 2572 rei
2176 2516 2354 2571 facit?
2384 2533 2543 2572 nemo
2586 2518 2912 2588 quisquam,
2962 2530 3156 2588 praeter
3195 2518 3435 2584 Patrem,

1865 2612 1958 2679 qui
1998 2612 2205 2665 scilicet
2255 2610 2371 2679 ipse
2415 2626 2632 2680 quoque
2687 2612 2942 2666 mittitur.
2998 2612 3090 2665 Ait
3130 2613 3279 2666 enim
3313 2629 3437 2681 pro-

1865 2697 2075 2765 phetica
2094 2710 2255 2752 utens
2279 2697 2431 2753 Isaia:
2452 2714 2581 2753 voce
2605 2718 2619 2754 :
2652 2700 2818 2753 «Audi
2854 2698 3145 2763 me,.lacob
3171 2712 3224 2755 et
3248 2701 3435 2765 Israel,

1865 2803 2025 2857 quem
2063 2804 2164 2858 ego
2198 2789 2456 2859 appello:
2491 2789 2603 2860 Ego
2644 2790 2786 2845 Deus
2830 2791 3040 2861 primus
3084 2803 3141 2847 et
3190 2808 3290 2864 ego
3333 2811 3433 2847 no-

1865 2881 2123 2936 vissimus
2149 2921 2164 2943 ,
2208 2888 2263 2934 et
2297 2892 2491 2951 praeter
2532 2897 2617 2935 me
2674 2898 2835 2937 nemo
2872 2881 3011 2939 Deus
3056 2895 3139 2940 est
3160 2885 3225 2939 ³⁵.
3260 2905 3279 2936 ε
3326 2885 3440 2954 Ego

1866 2987 2030 3026 manu
2077 2987 2193 3027 mea
2234 2974 2442 3028 telluris
2490 2974 2841 3028 fuiidamcnta
2882 2975 2987 3044 jeci
3018 3016 3032 3038 ,
3092 2976 3440 3046 Spiritusque

1867 3080 2018 3120 meus
2051 3064 2246 3119 calum
2272 3066 2523 3119 ﬁrmavit.
2561 3065 2749 3120 Viden‘
2780 3075 2838 3120 ut
2859 3083 3081 3131 creans,
3117 3085 3214 3137 per
3238 3069 3436 3125 Filium

1868 3156 2243 3226 Spiritumque
2278 3165 2426 3212 creet
2466 3158 2489 3211 Ἰ
2534 3156 2646 3229 Ego
2696 3161 2910 3213 cunctis
2960 3162 3126 3215 astris
3178 3164 3434 3231 prmcepi.

1867 3247 1992 3305 Haec
2030 3265 2125 3306 ore
2149 3248 2433 3321 Propheta:
2452 3252 2498 3284 "
2540 3253 2617 3307 ait
2644 3255 2887 3308 omnium
2931 3253 3073 3308 Deus
3100 3295 3115 3319 ,
3149 3271 3316 3326 seque
3353 3256 3437 3311 his

1864 3342 2029 3398 dictis
2059 3344 2341 3399 manifeste
2371 3346 2603 3409 revelat,
2657 3362 2851 3416 nempe
2880 3348 3027 3417 quod
3064 3350 3228 3402 verba
3259 3353 3373 3403 htec
3404 3364 3435 3403 a

1864 3438 2028 3494 Patre
2053 3437 2306 3492 dicuntur
2336 3453 2351 3491 :
2386 3453 2511 3492 nam
2548 3440 2770 3493 dextera
2798 3438 2915 3508 ejus
2945 3438 3114 3494 Filius
3153 3448 3234 3493 est
3262 3458 3276 3505 ;
3307 3440 3403 3511 Spi

1864 3533 2004 3587 ritus
2030 3546 2157 3586 vero
2192 3532 2330 3600 ejus,
2364 3529 2600 3601 Spiritus
2628 3540 2866 3587 sanctus.

1934 3705 1991 3759 2.
2030 3703 2075 3759 Ο
2123 3704 2283 3759 verba
2318 3704 2594 3758 recondita
2635 3705 2651 3758 ί
2704 3704 2811 3757 imo
2855 3705 3037 3773 pOIius
3078 3720 3275 3761 sensus
3332 3705 3435 3759 mi-

1866 3798 2012 3853 nime
2054 3805 2242 3867 patens
2279 3798 2291 3849 l
2322 3796 2413 3866 qui
2460 3797 2504 3850 si
2535 3806 2712 3850 tamen
2748 3796 3068 3865 explanetur
3094 3838 3109 3862 ,
3141 3796 3317 3853 facilis
3350 3799 3433 3851 iu-

1868 3892 2077 3947 tellectu
2104 3899 2207 3947 est.
2238 3910 2255 3942 ι
2284 3888 2350 3943 Ει
2378 3905 2518 3943 nunc
2544 3887 2802 3942 Dominus
2830 3888 2978 3943 misit
3009 3906 3093 3943 me
3122 3900 3177 3944 et
3198 3891 3435 3960 Spiritus

1863 3985 1984 4055 ejus
2008 3985 2107 4038 ³⁸.»
2153 3981 2293 4053 Ergo
2324 3982 2588 4050 Spiritus,
2627 3981 2784 4034 sicuti
2836 3980 2979 4033 hunc
3011 3978 3183 4035 Filius
3209 4023 3223 4047 ,
3270 3983 3343 4037 ita
3378 3994 3433 4038 et

1865 4076 1979 4144 ipse
2002 4075 2215 4130 Patrem
2249 4073 2432 4126 mittit.
2462 4070 2595 4124 Nam
2629 4083 2815 4138 reapse
2846 4068 3116 4125 Dominus
3156 4089 3301 4128 nunc
3337 4073 3431 4127 Fi-

1863 4166 1969 4221 lius
2016 4166 2251 4228 dicitur,
2292 4164 2385 4234 qui
2440 4163 2691 4218 similiter
2725 4180 2753 4216 a
2790 4166 2949 4217 Patre
2996 4164 3201 4217 missus
3230 4204 3245 4227 ,
3285 4182 3431 4219 nunc

1864 4258 2031 4312 mittit
2058 4258 2292 4312 Patrem.
2337 4257 2426 4309 Ait
2452 4256 2634 4310 enim:
2671 4275 2689 4307 ι
2725 4258 2789 4309 Et
2820 4271 2965 4311 nunc
2995 4256 3259 4311 Dominus
3284 4258 3431 4311 misit

1862 4366 1951 4405 me
1981 4359 2037 4404 et
2071 4348 2308 4419 Spiritus
2349 4348 2488 4416 ejus.
2517 4365 2535 4398 ι
2572 4345 2649 4399 Ex
2693 4346 2777 4401 his
2822 4347 2986 4416 igitur
3016 4356 3232 4402 constat
3268 4348 3432 4415 paulo

170 4439 505 4511 δορκοῦσιν,
556 4442 748 4513 ὅτιπερ
798 4445 831 4513 ή
896 4444 1171 4515 ἀποστολὴ
1216 4445 1338 4500 οὔτε
1384 4449 1476 4502 τὸν
1517 4448 1647 4503 Υίὸν
1678 4454 1757 4516 είς

1864 4445 2023 4501 etiam
2054 4442 2448 4505 obtusioribus,
2480 4454 2654 4509 neque
2686 4440 2946 4494 missione
2968 4438 3168 4493 Filium
3196 4440 3429 4509 deprimi

169 4532 393 4585 ιλάττω
458 4532 684 4598 κατάγει
745 4530 907 4599 φύσιν
966 4534 1060 4585 καὶ
1103 4534 1308 4604 τιμὴν,
1352 4536 1467 4590 ἀλλ’
1519 4540 1638 4594 οὐδὲ
1693 4544 1755 4595 τὸ

1864 4538 1919 4591 ad
1949 4535 2217 4590 minorem
2255 4530 2337 4584 vel
2382 4539 2587 4584 natura:
2628 4530 2709 4584 vel
2762 4530 2984 4584 honoris
3027 4532 3258 4600 gradum
3288 4546 3303 4594 ;
3333 4547 3429 4583 ne-

169 4622 411 4692 Πνεῦμα
431 4638 447 4655 ο
486 4622 619 4675 ὅπου
644 4638 709 4689 γε
739 4623 835 4676 καὶ
866 4625 1028 4687 αὐτὸς
1050 4626 1079 4678 6
1108 4626 1299 4698 Πατὴρ
1326 4630 1751 4688 ἀποστέλλεσθαι

1864 4642 1955 4698 ιυο
2004 4627 2132 4679 item
2179 4624 2485 4694 Spiritum;
2530 4624 2784 4690 quoniam
2832 4629 2887 4675 et
2928 4621 3042 4689 ipse
3085 4620 3244 4675 Pater
3284 4623 3425 4690 mitt;

166 4714 404 4783 λέγεται
459 4714 589 4784 παρ’
641 4713 939 4786 ἑκατέρου·
993 4716 1311 4770 ἀποστέλλει
1369 4721 1397 4773 6
1452 4722 1644 4793 Πατὴρ
1691 4727 1752 4779 τὸ

1864 4716 2048 4771 licitur
2081 4715 2149 4768 ab
2196 4723 2450 4781 utroque.
2504 4711 2667 4762 Mittit
2709 4711 2866 4763 Pater
2913 4708 3220 4779 Spiritum;
3258 4710 3428 4763 mittit

166 4807 437 4875 Πνεῦμα,
492 4804 813 4858 ἀποστέλλει
858 4806 954 4859 καὶ
998 4808 1027 4860 6
1074 4807 1239 4874 Υίδς,
1290 4810 1611 4867 ἀποστέλλει
1661 4818 1751 4871 τὸν

1864 4816 1901 4861 at
1934 4804 2129 4859 Filius.
2169 4803 2330 4856 Mittit
2374 4799 2571 4855 Filium
2606 4801 2768 4854 etiam
2802 4798 3036 4868 Spiritus
3071 4817 3087 4867 ;
3131 4818 3148 4849 ι
3182 4798 3425 4868 Spiritus

165 4897 303 4950 Υῑὸν
337 4895 517 4949 καὶτὸ
545 4894 789 4965 Πνεῦμα.
822 4912 841 4948 ι
883 4896 1105 4966 Πνεῦμα
1131 4900 1241 4971 γὰρ
1273 4902 1594 4971 Κυρίουὲτε
1624 4910 1744 4978 ἐμὲ.

1864 4897 2000 4952 enim
2023 4893 2233 4949 Domini
2274 4907 2438 4961 super
2504 4908 2627 4957 me;
2672 4892 3028 4959 quamobrem
3078 4893 3237 4945 unxit
3288 4908 3421 4951 me;

174 4984 242 5043 οὗ
282 4988 453 5041 εἵνεκ’
481 4986 664 5057 εχρισί
700 5004 768 5057 με
795 5004 811 5019 ·
868 4988 1324 5057 εὐαγγελίσασθαι
1383 5001 1619 5066 πτωχοῖς
1648 5002 1756 5053 ἀπο

1864 4990 2232 5057 evangelilare
2259 4984 2589 5055 pauperibus
2619 4985 2781 5036 misit-
2808 4998 2893 5037 me
2922 4985 2987 5037 ³⁷.
3015 5003 3032 5035 ι
3065 4984 3228 5038 Mittit
3255 4985 3421 5039 etiam

161 5076 414 5131 ἐσταλκέ
446 5093 535 5147 με.
564 5095 585 5129 ι
636 5075 980 5132 ’Δποστέλλει
1011 5082 1106 5134 καὶ
1136 5080 1228 5135 τὸν
1258 5083 1496 5156 Πατέρα.
1550 5086 1757 5143 Οὔκουν

1864 5083 2088 5138 Patrem.
2110 5077 2226 5132 Non
2247 5091 2376 5146 ergo
2395 5076 2738 5130 imminuitur
2757 5076 3013 5129 missione
3035 5076 3293 5145 Spiritus.
3313 5076 3420 5131 Ne-

156 5166 497 5223 ὶλαττσῦται
520 5167 608 5221 διὰ
634 5167 733 5237 τῆς
770 5170 1079 5241 ἀποστολῆς
1108 5172 1168 5225 τὸ
1194 5173 1417 5245 Πνεῦμα
1436 5193 1449 5207 ·
1483 5178 1583 5232 οὐκ
1614 5182 1751 5235 ἀπο-

1864 5188 1956 5239 ]ιιθ
1991 5170 2366 5227 tantummodo
2416 5168 2578 5222 mittit
2611 5207 2625 5230 ,
2670 5167 2762 5220 sed
2811 5170 2976 5219 etiam
3009 5170 3165 5237 ungit
3196 5166 3418 5222 Filium.

156 5261 387 5314 στέλλει
416 5259 475 5313 δι
509 5259 692 5329 μόνον,
733 5261 870 5314 ἀλλὰ
902 5263 996 5315 καὶ
1022 5262 1167 5331 χρίει
1195 5264 1287 5317 τὸν
1318 5266 1467 5321 Υίόν.
1498 5270 1625 5333 Πῶς
1657 5267 1750 5325 οῦν

154 5356 189 5425 η
261 5352 546 5425 ἀποστολὴ
604 5351 962 5407 καταϐιϐάσει
1017 5356 1081 5407 τὸ
1135 5357 1393 5429 Πνεῦμα;
1452 5362 1515 5415 οὐ
1590 5364 1750 5434 μόνον

1849 5265 2137 5332 Quomodo
2166 5278 2293 5333 ergo
2327 5261 2513 5316 missio
2540 5259 2807 5330 Spiritum
2836 5260 3093 5327 deprimit
3120 5261 3141 5312 ?
3173 5260 3291 5314 Non
3326 5274 3419 5313 suo

1848 5360 1959 5413 lum
1996 5357 2142 5411 enim
2179 5356 2319 5409 hanc
2367 5355 2536 5422 ipsam
2583 5351 2829 5405 retribuit
2860 5350 3095 5419 Spiritus
3132 5351 3286 5413 Filio,
3331 5367 3419 5405 ve-

230 5493 278 5525 “
316 5491 427 5547 lsa.
454 5508 639 5560 xum,
675 5494 731 5548 2.
807 5494 851 5526 "
881 5493 990 5554 Isa.
1020 5510 1145 5563 va,
1176 5497 1263 5553 12.
1340 5500 1385 5533 ³⁸
1419 5499 1522 5557 Isa.
1555 5519 1741 5569 xum,

1864 5551 1873 5559 .
1950 5501 1992 5533 ³”
2028 5500 2130 5554 Isa.
2169 5512 2278 5560 LXt,
2323 5496 2371 5549 I.
2414 5494 2544 5549 Luc.
2588 5509 2659 5555 l\',
2694 5489 2778 5545 18.

1678 5616 1912 5673 Νυυε.

222 5770 645 5851 (ηλῐδιοτησιιιο
671 5773 1302 5851 Pth-ittsdesumpsisse
1335 5794 1396 5833 ex
1442 5780 1563 5835 Johi
1611 5783 1860 5838 monachi
1892 5781 2169 5851 deperdlto
2202 5790 2364 5847 opere
2400 5778 2474 5830 De
2507 5776 2870 5830 incarnatione
2936 5773 3029 5826 lib.
3073 5769 3135 5824 Ill
3201 5788 3249 5826 c.
3323 5772 3409 5834 10,

149 5846 309 5910 qu'ul
349 5843 465 5912 ipse
500 5855 747 5900 recenset
776 5848 828 5900 ill
860 5843 1206 5909 bibliotheca,
1236 5849 1369 5905 Cod.
1407 5852 1531 5904 9.22.
