4162 6442
733 425 828 492 911
1876 426 2137 486 PHOTII
2169 422 2672 485 PATRIARCHIE
2707 423 2815 483 CP.
3876 415 3992 481 912

729 557 851 594 rum
884 540 1044 595 etiam
1073 537 1221 594 addit
1251 541 1581 594 unctionem.
1617 538 1923 594 Prolundns
1946 554 2165 602 sermo;
2201 538 2294 591 sed
2322 583 2332 596 ι

2431 535 2561 588 κὺτοῦ
2605 536 2812 604 ταύτην
2871 533 3309 595 ἁνταποδιδόντος
3350 533 3427 603 τῷ
3479 533 3624 602 Υἱῷ,
3679 533 3830 588 ἀλλά
3895 537 3991 586 καὶ

733 647 843 701 quo
872 631 1211 701 profundior.
1242 646 1306 685 eo
1329 633 1501 701 magis
1525 632 1899 686 haereticorum
1917 631 2154 686 obstruit
2175 645 2294 684 ora.

2431 624 2778 694 εροστιθέντος
2809 621 2889 692 τῷ
2933 623 3196 692 χρίσματι
3218 637 3233 652 ·
3264 620 3428 690 βαθὺς
3464 623 3492 672 6
3519 620 3698 688 λόγος,
3729 619 3864 673 ἀλλ’
3909 620 3990 680 είς

734 725 848 779 lluc
880 723 1044 776 etiam
1086 732 1318 777 mentem
1352 723 1611 777 intende:
1646 730 1830 778 manet
1856 722 1908 776 in
1943 721 2114 788 Filio;
2151 728 2296 777 hunc

2434 733 2522 769 σον
2569 717 2694 785 ἥκει
2756 715 2955 783 βάθους
3011 714 3080 767 τὰ
3130 714 3239 766 τῶν
3295 715 3584 781 αἱρετικῶν
3627 713 3992 782 ἁποφρὰττει

732 833 760 867 ςι
797 815 1029 870 mortuis
1055 815 1302 870 suscitat.
1345 814 1494 881 Haec,
1522 817 1765 884 inquam,
1799 815 2081 869 nobilioris
2110 829 2178 868 ne
2225 829 2294 868 an

2431 810 2665 877 τόματα.
2721 808 3042 860 Ἐπισκόπει
3091 807 3147 860 δὲ
3192 807 3287 860 καὶ
3327 807 3505 860 τοῦτο.
3549 805 3673 858 Ἐπὶ
3705 804 3804 858 τὸν
3856 804 3992 856 Titis-

733 907 1018 961 deterioris
1050 908 1260 962 ordinis
1307 917 1433 961 sunt
1478 922 1642 978 quam
1690 907 1946 961 mittere?
1979 906 2084 960 Sed
2122 920 2298 974 neque

2431 897 2588 949 ιένει·
2631 897 2838 966 ἐγείρει
2864 896 3025 948 αὑτὸν
3063 895 3173 949 ἀπὸ
3203 895 3312 948 τῶν
3353 895 3582 965 νεκρῶν.
3621 890 3766 963 Ἆρα
3799 891 3992 945 ταῦτα

738 1001 851 1052 haec
883 996 1144 1066 Spiritum
1174 1013 1337 1068 supra
1371 997 1566 1054 Filium
1601 998 1876 1063 exaltant;
1901 1012 2077 1068 neque
2106 996 2299 1052 missio

2431 988 2654 1058 ευτὲραν
2679 987 2792 1039 ἀλλ’
2811 987 2930 1057 οὐχὶ
2956 987 3054 1056 τὴν
3077 986 3300 1058 πρώτην
3320 987 3425 1055 ἢτδ
3451 984 3810 1038 ἀποστέλλειν
3827 983 4001 1044 τάξιν

2399 1079 2759 1150 κατείληφεν;
2806 1078 2946 1130 Ἀλλ’
2973 1077 3095 1132 οὔτε
3128 1077 3303 1131 ταῦτα
3332 1077 3395 1130 τὸ
3438 1076 3660 1145 Πνεῦμα
3690 1078 3853 1127 ποιεῖ
3896 1073 3993 1125 τοῦ

2400 1172 2532 1226 Υἱοῦ
2563 1169 2975 1242 ὑπερκείμενον,
3007 1169 3113 1222 οὐδ’
3143 1168 3464 1239 ήάποστολὴ
3494 1165 3865 1229 καταϐιϐάζει
3887 1163 3995 1233 τῆς

2405 1263 2670 1333 ἰσοτιμίας
2703 1259 2795 1315 τοῦ
2834 1259 2963 1312 Υἰοῦ
3001 1260 3064 1311 τὸ
3095 1257 3318 1326 Πνεῦμα
3346 1258 3407 1310 τὸ
3441 1256 3947 1324 ἁποστελλόμενον.

2470 1361 2538 1421 γ’.
2587 1353 2746 1406 Ἀλλὰ
2771 1352 2831 1404 τὸ
2856 1350 3030 1420 χρίειν
3061 1349 3204 1416 ἐρεῖς
3227 1346 3576 1401 ἀποστέλλειν
3606 1348 3701 1398 καὶ
3741 1345 3997 1412 ἐγείρειν

2405 1449 2543 1516 μετὰ
2569 1444 2667 1514 τὴν
2697 1443 3012 1511 οἰκονομίαν
3039 1440 3174 1510 μετὰ
3201 1440 3301 1509 τὴν
3335 1439 3610 1509 σάρκωσιν
3632 1452 3647 1466 ·
3680 1437 3730 1488 εί
3751 1435 3877 1504 γὰρ
3899 1435 3999 1486 καὶ

2405 1537 2761 1608 προείρηται.
2824 1532 2961 1586 ἀλλὰ
3012 1530 3252 1600 χρτισμοῖ⁵
3288 1528 3350 1581 τὸ
3397 1527 3588 1602 μέλλον
3632 1526 3994 1594 ἐκήρυττον·

2407 1630 2600 1701 μενοῦν
2633 1645 2718 1696 γε.
2765 1626 2970 1680 Ἐννόει
3013 1623 3071 1677 δὲ
3104 1622 3179 1684 ὼς
3218 1620 3313 1673 καὶ
3349 1619 3410 1672 τὸ
3454 1613 3901 1672 ἀποστέλλεσθαι
3937 1613 4001 1662 τὸ

742 1723 839 1775 ais.
877 1720 1176 1775 Considera
1220 1735 1420 1790 porro,
1471 1721 1785 1774 missionem
1823 1734 2037 1788 quoque
2069 1720 2306 1787 Sui-itus

2431 1719 2628 1788 ινεῦμα
2659 1716 2810 1786 παρὰ
2846 1715 2940 1768 τοῦ
2983 1713 3114 1767 Υίοῦ
3150 1711 3313 1782 ἡνίκα
3363 1709 3644 1762 ἐδίδασκεν
3688 1709 3718 1760 6
3747 1705 3998 1774 Σωτὴρ.

744 1830 773 1866 a
792 1813 927 1866 Filio
948 1828 1073 1866 cum
1099 1813 1358 1868 Serrator
1374 1813 1580 1875 docuit,
1613 1813 1874 1882 illumque
1900 1828 1932 1866 a
1960 1813 2115 1867 Patre
2137 1814 2306 1869 fuisse

2431 1831 2473 1864 ,κ
2515 1811 2606 1864 τοῦ
2654 1807 2866 1879 Πατρδς
2916 1806 3077 1859 αὐτὸν
3128 1797 3465 1857 ἀπεστάλθαι
3523 1801 3618 1853 καὶ
3667 1798 3845 1868 μηδὲν
3902 1795 4002 1862 ἀφ’

744 1907 974 1961 missurn
1010 1917 1064 1961 et
1114 1906 1248 1961 nihil
1292 1922 1321 1960 a
1380 1922 1439 1961 se
1493 1907 1613 1977 ipso
1658 1906 1843 1976 loqui,
1895 1914 2025 1961 tunc
2089 1906 2306 1961 missio-

2431 1901 2605 1956 ιαυτοῦ
2632 1868 2833 1968 λέγειν,
2849 1868 3158 1967 τηνικαῦτα
3185 1895 3280 1946 καὶ
3306 1893 3404 1962 τὴν
3425 1889 3727 1962 ἀποστολὴν
3747 1885 4004 1940 οίκιιοῦ-

748 2016 868 2054 nem
906 2002 1035 2054 item
1066 1998 1301 2070 Spiritus
1333 1999 1436 2053 sibi
1473 1975 1840 2054 vindicavisse
1872 2016 1886 2053 :
1927 2013 2164 2067 cumque
2196 1998 2311 2067 ipse

2431 2017 2497 2053 rat
2528 1996 2621 2050 τοῦ
2663 1992 2980 2061 Πνεύματος
3003 2003 3018 2019 ·
3064 1988 3154 2040 ὅτε
3185 1984 3347 2047 αὐτὸς
3380 1981 3761 2041 ἀπεστέλλετο,
3940 1975 4006 2025 τὸ

749 2095 951 2149 missus
973 2103 1076 2156 est,
1110 2069 1239 2147 tunc
1272 2091 1518 2145 mittendi
1558 2105 1776 2160 quoque
1807 2090 2115 2144 facultatem
2151 2105 2310 2143 θρεο-

2431 2086 2763 2141 ιποστέλλειν
2791 2081 3091 2149 ἀνεδέχετο.
3125 2078 3289 2147 Ὁρᾷς
3315 2075 3393 2137 ὡς
3426 2073 3599 2126 ταῦτα
3626 2073 3810 2126 πάντα
3845 2069 4005 2160 οἰκο-

750 2186 911 2252 pisse.
948 2183 1130 2238 Viden‘
1163 2195 1222 2239 ttt
1249 2185 1361 2257 haec
1384 2183 1565 2237 omnia
1600 2198 1766 2237 sacrte
1800 2182 2116 2237 oeconomia:
2151 2181 2310 2236 verba

2431 2181 2604 2250 νομίας
2640 2180 2807 2240 ἐστὶν,
2831 2173 3061 2228 ἀλλὀὐκ
3087 2169 3376 2229 αὑθεντίας
3404 2167 3471 2218 τὰ
3497 2166 3717 2235 ῥήματα
3741 2177 3757 2226 ;
3786 2159 3916 2212 νόει
3938 2154 4005 2257 t6

748 2278 875 2339 sint,
900 2290 1004 2327 non
1029 2255 1362 2330 auctoritas?
1389 2275 1581 2344 Specta
1616 2276 1780 2345 igitur
1812 2273 1957 2343 quod
1992 2274 2313 2330 (economiat

2431 2274 2509 2343 ςῆς
2553 2268 2884 2338 οἰκονομίας.
2935 2267 3030 2318 καὶ
3069 2263 3314 2332 διάκρινε
3350 2260 3412 2311 τὸ
3448 2257 3547 2325 τῆς
3589 2253 3931 2345 αὑθεντίας·
3969 2252 4002 2317 ἠ

750 2375 849 2432 est,
872 2376 1033 2436 atque
1054 2367 1123 2420 ab
1143 2381 1208 2420 eo
1232 2343 1497 2435 quidquid
1521 2376 1598 2420 est
1642 2343 2010 2428 auctoritatis,
2039 2366 2309 2420 discerne.

2431 2363 2683 2431 ιποστολὴ
2713 2361 2774 2412 οὐ
2793 2359 2914 2411 λύει
2937 2356 2997 2410 τὸ
3018 2355 3302 2425 ὁμοούσιον
3322 2367 3336 2381 ·
3363 2349 3425 2402 τὸ
3446 2347 3681 2418 ὁμοφυὲς
3701 2345 3761 2396 οὗ
3792 2343 4003 2414 τρέπει

753 2457 942 2512 Missio
1005 2474 1114 2512 non
1180 2457 1416 2513 destruit
1466 2458 2128 2512 consubstantialitatem:
2178 2458 2310 2511 sub-

2431 2456 2549 2526 τρὸς
2608 2452 2941 2521 ἑτερότητα·
2988 2448 3076 2499 ὅτε
3131 2443 3353 2514 ἐξῆλθεν
3397 2443 3462 2493 ἐκ
3499 2438 3594 2492 τοῦ
3637 2437 3862 2504 Πατρδς
3906 2437 4006 2486 καὶ

2413 2545 2546 2619 ἧκεν
2576 2547 2605 2597 6
2646 2544 2796 2606 Υἱὸς,
2836 2541 2957 2593 τότε
2986 2535 3309 2592 ἀποστέλλει
3344 2533 3438 2585 καὶ
3474 2531 3534 2584 τὸ
3563 2527 3824 2619 Πνεῦμα·
3870 2526 4005 2579 οὔτε

2416 2617 2472 2692 ὲν
2497 2639 2563 2707 τῇ
2599 2632 2868 2699 ὲξελεύσει
2892 2629 3203 2690 διάστασις,
3239 2622 3361 2676 οὔτε
3393 2624 3450 2676 tv
3479 2623 3545 2690 τῇ
3571 2617 3852 2688 ἀποστολῇ
3891 2635 4008 2687 χω.

2418 2729 2647 2804 ρισμός·
2699 2723 2887 2796 ἐξῆλθε
2933 2722 3140 2793 μένων,
3173 2716 3269 2771 καὶ
3308 2714 3594 2770 ἀπέστειλε
3635 2712 3771 2804 παρά
3813 2710 4010 2779 ἑαυτῷ

2416 2803 2552 2893 ἔχων
2578 2839 2589 2850 ·
2633 2819 2826 2888 ἀνιστᾷ
2852 2817 2945 2869 τὸν
2980 2813 3214 2882 Χριστὸν
3245 2809 3307 2862 τὺ
3349 2806 3589 2875 Πνεῦμα,
3617 2805 3716 2872 οὐχ
3745 2803 3826 2864 ὡς
3871 2805 4009 2854 ἀτο-

2417 2914 2612 2983 νούσης
2637 2911 2734 2980 τῆς
2761 2911 2817 2961 ὲν
2843 2905 2991 2974 αὐτῷ
3024 2903 3298 2972 Θεότητος,
3330 2897 3445 2951 ἀλλ’
3473 2897 3559 2948 ἵνα
3583 2893 3678 2962 τὴν
3709 2893 4009 2958 ἐνέργειαν

752 3005 897 3074 quod
936 3004 1203 3058 infirmior
1246 3006 1297 3058 itt
1332 3006 1423 3058 illo
1472 3006 1727 3059 divinitas
1758 3015 1934 3067 esset,
1972 3007 2062 3059 sed
2101 3022 2167 3059 ne
2207 3007 2315 3060 vim

2431 3007 2508 3058 τοῦ
2546 3001 2899 3071 Πνεύματος,
2931 2997 3030 3066 τῆς
3071 2995 3128 3046 tv
3168 2992 3246 3063 τῷ
3299 2988 3411 3058 Υἰῷ
3451 2989 3650 3057 νοήσῃς
3688 2987 3792 3038 οὐκ
3839 2984 4012 3037 ἑλλο-

757 3097 984 3149 activatn
1021 3095 1257 3164 Spiritus
1289 3111 1318 3149 a
1349 3097 1629 3149 divinitate
1653 3094 1772 3149 Filii
1806 3097 2039 3149 alienam
2075 3107 2313 3166 putares.

2431 3114 2569 3166 ιριου
2581 3095 2748 3164 μένην
2787 3089 3037 3158 θεότητος
3059 3101 3073 3116 ·
3105 3080 3222 3137 εἶτα
3253 3082 3313 3134 τὸ
3346 3080 3564 3149 Πνεῦμα
3603 3078 3701 3146 μὲν
3729 3075 4012 3166 amata:

758 3184 956 3238 Deinde
986 3184 1220 3253 Spiritus
1251 3183 1468 3253 quidem
1503 3182 1716 3239 Patrem
1755 3185 1917 3236 mittit
1947 3201 1962 3248 ;
1998 3165 2103 3236 non
2139 3193 2318 3239 tamen

2431 3165 2502 3242 λει
2535 3188 2624 3239 τὸν
2674 3182 2891 3252 Πατέρα
2915 3197 2928 3211 ⁸
2971 3178 3032 3231 οὐ
3065 3176 3324 3235 πολλάκις
3355 3173 3453 3225 δέ·
3501 3171 3588 3222 ἶνα
3629 3167 3720 3220 διὰ
3769 3166 3878 3234 μὲν
3913 3165 4012 3217 τοῦ

757 3291 1150 3344 saepenumero.
1193 3275 1266 3330 Ita
1301 3287 1521 3346 propter
1561 3278 1698 3330 hanc
1743 3279 2057 3332 missionem
2091 3297 2197 3334 non
2227 3295 2322 3333 ex-

2431 3279 2770 3335 άποστέλλειν
2792 3317 2805 3336 ,
2843 3274 2980 3334 ὅλως
3011 3272 3108 3338 τῆς
3143 3267 3313 3334 αὐτῆς
3348 3264 3422 3334 μὴ
3453 3260 3689 3330 διαπέσῃ
3727 3259 3878 3312 κατὰ
3910 3259 4014 3324 τὴν

757 3368 890 3422 cidit
921 3367 1176 3436 Spiritus,
1211 3383 1370 3422 secus
1387 3385 1449 3423 ac
1479 3369 1715 3424 haeretici
1740 3370 2027 3434 blateratu,
2051 3372 2119 3424 ab
2140 3387 2323 3441 mqua-

2431 3368 2705 3441 αἱρετικὴν
2740 3360 3119 3433 γλωσσαλγίαν
3147 3355 3416 3424 ἰσοτιμίας
3463 3353 3555 3405 καὶ
3588 3350 3877 3418 θεότητος·
3921 3347 4014 3399 διὰ

760 3459 910 3513 litate
945 3468 1000 3511 et
1032 3459 1337 3515 divinitate.
1390 3459 1539 3527 Quos
1574 3472 1750 3515 autem
1800 3479 1906 3516 non
1955 3478 2095 3531 strpe
2133 3464 2322 3529 mittit,

2431 3461 2477 3513 δὲ
2517 3459 2611 3512 τοῦ
2642 3458 2716 3527 μὴ
2753 3454 3011 3515 πολλάκις
3033 3492 3047 3516 ,
3088 3449 3149 3502 τδ
3172 3449 3229 3501 tv
3260 3450 3324 3516 τῇ
3360 3443 3550 3514 Τριάδι
3589 3441 3766 3494 αῐτιον
3803 3441 3886 3509 μὴ
3923 3455 4016 3490 νο-

762 3553 812 3607 id
838 3551 1042 3607 scilicet
1075 3553 1289 3616 accidit,
1326 3569 1392 3606 ne
1425 3555 1477 3608 in
1501 3553 1766 3608 Trinitate
1787 3557 1894 3608 vim
1926 3557 2198 3610 causalem
2230 3557 2325 3609 tri-

2431 3548 2593 3620 μισθῇ
2626 3546 2806 3599 κοινὸν
2835 3543 2946 3598 τῶν
2971 3540 3139 3611 τριῶν
3157 3555 3171 3570 ο
3195 3537 3282 3590 διὰ
3305 3535 3462 3588 τοῦτο
3491 3532 3710 3600 λέγεται
3745 3531 3848 3598 μὲν
3878 3531 4017 3620 πολ-

760 3641 864 3693 bus
888 3656 1235 3693 communem
1259 3641 1653 3695 existimemus.
1689 3639 1894 3695 Idcirco
1923 3641 2079 3696 Pater
2108 3643 2323 3710 quidem

2431 3618 2580 3700 λάκις
2614 3640 2640 3689 6
2676 3635 2870 3706 Πατὴρ
2908 3631 2998 3684 διὰ
3029 3628 3124 3683 τοῦ
3155 3626 3474 3693 Πνεύματος
3502 3621 3748 3696 ἔνεργεῖν
3771 3631 3786 3646 ’
3821 3618 4017 3670 dicati-

761 3729 962 3782 dicitttr
994 3743 1368 3795 saepenumero
1411 3745 1505 3799 per
1539 3729 1798 3798 Spiritum
1845 3746 2040 3798 agere;
2079 3709 2329 3785 similiter

2431 3749 2534 3795 τως
2561 3731 2617 3783 δὲ
2646 3729 2739 3781 καὶ
2769 3725 2859 3779 διὰ
2885 3722 2979 3777 τοῦ
3014 3720 3178 3773 Υίοῦ·
3212 3716 3470 3777 πολλάκις
3507 3713 3604 3782 μὲν
3635 3713 3722 3764 ἵνα
3746 3710 3807 3762 τὸ
3833 3709 4022 3762 αἴτιον

762 3817 920 3870 etiam
955 3831 1047 3883 per
1077 3817 1297 3872 Filium.
1339 3817 1473 3870 lllttd
1502 3827 1680 3870 autem
1709 3834 1847 3886 saepe
1876 3819 1988 3872 litari
2023 3820 2242 3883 dicitur,
2273 3829 2330 3872 ιιι

2431 3823 2505 3891 τῷ
2545 3820 2720 3889 Πατρὶ
2752 3815 3051 3887 βεϐαιωθῇ·
3087 3811 3153 3863 οὐ
3190 3807 3450 3869 πολλάκις
3477 3805 3536 3856 δὲ
3568 3802 3630 3859 τὸ
3661 3798 4021 3891 Πνεῦμαᾼδιὰ

768 3907 909 3961 Patri
942 3907 1180 3962 causalis
1210 3909 1293 3961 vis
1323 3909 1672 3962 conlirmetur
1700 3928 1712 3962 :
1742 3911 1917 3962 rarius
1956 3919 2134 3963 antem
2172 3926 2331 3980 agere

2431 3888 2522 3966 τόδ
2563 3888 2808 3980 Πατρὸς,
2843 3904 2966 3959 οὔτε
3000 3904 3028 3956 6
3062 3901 3219 3966 Υίός,
3261 3899 3348 3951 ἵνα
3385 3895 3460 3966 μὴ
3488 3893 3576 3948 διὰ
3614 3891 3709 3944 τοῦ
3743 3888 4021 3949 πολλάκις

737 1089 803 1140 ab
847 1087 1155 1157 aequalitate
1200 1102 1326 1142 cum
1364 1086 1500 1142 Filio
1532 1086 1795 1157 Spiritum
1843 1088 2067 1141 missum
2112 1085 2296 1154 depri-

736 1181 833 1231 tttit
851 1178 917 1230 ³⁸.

808 1358 861 1411 5.
888 1359 955 1411 At
987 1360 1130 1411 enim
1170 1373 1392 1425 ungere,
1432 1358 1603 1422 dices,
1639 1366 1693 1409 et
1733 1358 1945 1411 mittere
1970 1368 2024 1411 et
2055 1359 2292 1412 exsusci-

741 1459 895 1513 tare,
933 1458 1055 1517 post
1083 1464 1298 1503 sacram
1346 1450 1706 1502 oeconomiam
1762 1450 2303 1519 incarnationemque

742 1542 874 1593 Iinnt
910 1558 924 1594 :
970 1555 1091 1608 quae
1135 1540 1180 1594 si
1223 1541 1480 1608 praedicta
1516 1554 1733 1608 quoque
1763 1539 2014 1605 luerunt,
2063 1543 2303 1597 oraculis

742 1630 989 1682 videlicet
1042 1643 1129 1682 res
1179 1628 1363 1683 futura
1408 1627 1884 1698 praedicabatur”.
1937 1659 2004 1669 -
2043 1628 2305 1682 Prmclare

752 2551 917 2603 stanti
983 2551 1316 2620 homogenea
1395 2565 1500 2603 nou
1579 2549 1742 2602 trahit
1803 2548 1866 2601 ad
1928 2547 2310 2603 dill‘ercntiam.

751 2641 886 2696 Cum
927 2643 1093 2696 exivit
1132 2657 1158 2693 a
1196 2641 1354 2695 Patre
1386 2645 1642 2712 venitque
1701 2641 1892 2704 Filius,
1967 2650 2096 2697 tunc
2150 2641 2317 2696 mittit

750 2745 802 2787 et
833 2732 1117 2801 Spiritum.
1151 2733 1336 2802 Neque
1364 2734 1417 2787 itt
1441 2735 1586 2788 exitu
1624 2733 1682 2787 lit
1711 2733 2015 2796 distractio,
2051 2749 2227 2804 neque
2259 2736 2312 2788 in

755 2823 1011 2878 missione
1053 2825 1347 2891 separatio.
1425 2825 1604 2877 Exivit
1647 2839 1911 2889 manens,
1945 2825 2202 2894 misitque
2231 2840 2316 2879 re-

754 2916 934 2969 tinens
975 2917 1116 2983 apud
1164 2931 1240 2969 se.
1291 2915 1530 2970 Snscitat
1571 2916 1847 2970 Cltrismtn
1896 2915 2169 2984 Spiritus;
2207 2932 2314 2969 nun

767 4015 859 4069 per
887 4001 1098 4054 Patrem
1134 4000 1372 4069 Spiritus
1404 4000 1604 4055 dicitur
1642 4000 1725 4054 vel
1760 3999 1965 4066 Filius,
2001 4017 2067 4055 ne
2102 4002 2146 4055 si
2192 4017 2333 4069 saepe

767 4102 860 4156 per
892 4087 1107 4141 Patrem
1137 4103 1299 4157 agere
1333 4087 1568 4156 Spiritus
1600 4097 1761 4154 atque
1794 4085 1965 4142 Filius
1997 4087 2330 4153 dicerentur,

769 4177 1034 4233 malitiosa
1063 4187 1226 4245 atque
1265 4188 1478 4233 versuta
1513 4179 1889 4231 haereticorum
1921 4177 2097 4232 rabies
2124 4180 2335 4233 minore

766 4271 953 4323 ordine
981 4285 1269 4338 personam
1301 4269 1638 4339 gloriamque
1673 4270 1845 4324 Patris
1876 4270 2167 4324 collocaret
2195 4288 2209 4335 ;
2243 4283 2336 4326 aut

766 4361 909 4428 quod
955 4363 1125 4426 magis
1154 4362 1372 4414 obvium
1404 4369 1587 4424 esset,
1629 4361 1999 4415 causalitatem
2039 4363 2114 4414 illi
2158 4364 2337 4432 eripe-

771 4461 868 4505 ret.
905 4451 1065 4507 Mittit
1092 4453 1252 4506 Pater
1283 4452 1543 4521 Spirittttu
1591 4464 1753 4523 atque
1786 4451 2003 4507 Filium.
2036 4452 2202 4507 Mittit
2229 4455 2334 4507 Pa-

771 4555 906 4597 trem
955 4545 1118 4598 etiatn
1170 4544 1412 4612 Spiritus
1456 4544 1691 4610 itemque
1726 4541 1895 4598 Filius
1945 4561 1958 4595 :

770 4636 1072 4704 mqualitas.
1100 4636 1166 4689 At
1199 4637 1346 4689 enim
1381 4637 1578 4704 saepius
1617 4635 1782 4688 mittit
1811 4634 1968 4689 Pater
2004 4652 2017 4687 :
2047 4650 2114 4687 en
2146 4649 2336 4688 causa-

770 4728 936 4781 litatis
976 4727 1355 4796 praerogativa.
1399 4725 1472 4780 Ita
1522 4727 1640 4780 sine
1686 4727 1792 4779 ulla
1841 4725 2157 4780 diversitate
2203 4726 2338 4778 sub-

770 4820 985 4874 stantia:
1021 4819 1195 4888 patria
1245 4819 1553 4888 proprietas
1597 4819 1809 4883 elucet;
1838 4819 2140 4887 eademque
2174 4818 2340 4872 simul

770 4914 986 4968 elucere
1017 4912 1149 4966 sinit
1180 4911 1421 4974 illorum,
1450 4909 1542 4980 qui
1575 4925 1602 4962 a
1636 4924 1695 4963 se
1722 4910 2041 4978 procedunt,
2083 4910 2344 4977 homoge-

771 5003 1030 5059 neitatem
1062 5003 1398 5071 honorisque
1421 5002 1733 5071 paritatetn.

839 5098 891 5151 4.
929 5095 1138 5150 Dicitur
1181 5109 1312 5163 ergo
1345 5093 1509 5149 Pater
1542 5109 1636 5163 per
1671 5092 1867 5146 Filium
1911 5107 2000 5147 res
2033 5101 2250 5147 creatas
2278 5108 2344 5146 ex

773 5188 946 5244 niltilo
974 5186 1301 5256 produxisse
1328 5205 1342 5252 ;
1377 5196 1633 5257 praeterea
1669 5183 1876 5240 Veteris
1908 5200 2128 5255 queque
2153 5183 2347 5239 Testa-

776 5280 943 5334 menti
968 5278 1335 5349 legislatorem
1368 5279 1619 5332 eumdem
1652 5276 1951 5346 praedicat:
1986 5278 2169 5331 divina
2193 5277 2352 5330 nimi-

777 5388 896 5426 rum
923 5370 1270 5425 Providentia
1298 5369 1470 5424 multo
1501 5378 1656 5423 antea
1693 5367 1968 5422 refutante
1997 5369 2353 5437 l‘unditusque

775 5473 1052 5519 evertente
1101 5464 1317 5516 illorum
1367 5463 1639 5517 insaniam
1666 5502 1680 5522 ,
1717 5461 1809 5530 qui
1843 5459 2007 5515 Vetus
2035 5460 2354 5530 Novumque

778 5554 1186 5609 Testamentum
1249 5555 1313 5608 ad
1364 5555 1472 5608 duo
1512 5555 1783 5607 contraria
1833 5553 2101 5622 principia
2149 5551 2350 5605 referre

780 5647 1000 5700 audent.
1034 5644 1168 5698 Nam
1199 5646 1243 5700 si
1266 5644 1512 5700 Ecclesia
1553 5647 1752 5699 diserte
1780 5645 1905 5699 licet
1940 5642 2164 5708 fatente,
2188 5642 2350 5696 Chri-

782 5749 920 5796 stum
944 5738 1289 5793 oraculorum
1313 5746 1552 5791 veterum
1570 5736 1851 5790 veritatem
1867 5732 2347 5794 demonstravissc,

851 5851 892 5884 *τ
927 5849 1089 5906 Marc.
1137 5867 1172 5913 t,
1211 5850 1294 5902 10.
1332 5850 1489 5905 Πυηι.
1525 5865 1637 5907 rut.
1681 5851 1762 5900 H-

2432 4006 2674 4075 ἐνεργεῖν
2709 4000 2795 4054 διὰ
2830 3997 2922 4051 τοῦ
2957 3996 3170 4067 Πατρὸς
3199 3995 3260 4045 τὸ
3286 3989 3510 4059 Πνεῦμα
3540 3988 3635 4039 καὶ
3670 3986 3766 4036 τὸν
3796 3982 4018 4075 Υἱὸνὶὴ

2435 4071 2815 4165 κακομήχανος
2844 4090 2940 4143 ttat
2983 4087 3323 4156 πολύτροπος
3365 4082 3539 4133 λύσσα
3569 4077 3678 4130 τῶν
3713 4071 4023 4144 αἱρετικιῖη

2434 4191 2513 4251 είς
2546 4187 2752 4239 ἐλάττω
2795 4180 2950 4247 τάξιν
2978 4178 3077 4248 τὴν
3109 4176 3405 4229 ὑπόστασιν
3435 4173 3468 4242 ἢ
3500 4171 3600 4240 τὴν
3631 4167 3794 4233 δόξαν
3837 4180 4022 4216 κατα-

2436 4280 2633 4349 ϐιϐάσῃ
2666 4276 2761 4330 τοῦ
2793 4270 3006 4342 Πατρός
3026 4286 3038 4300 ·
3073 4269 3107 4340 ἢ
3138 4269 3198 4322 τό
3229 4283 3290 4335 γε
3324 4262 3766 4335 προχειρότερον,
3791 4256 3894 4326 τὴν
3926 4253 4024 4349 τον

2436 4346 2892 4438 αἰτίου-ἠπεριέλοι
2929 4363 3117 4432 τιμήν.
3163 4356 3511 4412 Ἀποστέλλει
3553 4353 3581 4404 6
3614 4352 3804 4418 Πατὴρ
3834 4350 3935 4438 καλ

2439 4462 2662 4530 Πνεῦμα
2688 4436 2782 4510 καὶ
2810 4455 2902 4508 τὸν
2928 4453 3084 4506 Υἱόν·
3119 4447 3437 4503 ἀποστέλλει
3463 4443 3556 4496 τὸν
3587 4439 3809 4507 Πατέρα
3840 4437 3942 4490 καὶ
3966 4436 4028 4486 τὸ

2013 4560 2079 4597 θη
2128 4553 2337 4598 "illum
2363 4524 2415 4582 Β
2444 4524 2667 4621 Πνεῦμα
2710 4549 2803 4602 καὶ
2845 4547 2873 4598 6
2904 4544 3051 4607 Υἱός.
3099 4540 3231 4594 Ἰδοὺ
3275 4536 3376 4604 τῆς
3407 4535 3622 4604 φύσεως
3651 4531 3715 4582 τὸ
3753 4531 4024 4621 ίσότιμσν.

2455 4643 2616 4698 Ἀλλὰ
2650 4641 2905 4701 πολλάκις
2926 4639 2954 4690 6
2984 4634 3169 4703 Πατὴρ
3187 4628 3501 4685 ἀποστέλλει
3523 4642 3537 4657 ·
3573 4624 3681 4676 ίδοὺ
3713 4620 3812 4674 τοῦ
3844 4620 4027 4671 αἰτίου

2445 4737 2504 4790 τὸ
2522 4733 2816 4803 ἐξαίρετον.
2830 4728 3014 4790 Οὕτως
3033 4728 3089 4778 tv
3106 4723 3182 4792 τῷ
3201 4723 3311 4774 ἀπα
3320 4717 3601 4789 ραλλάκτῳ
3621 4715 3720 4780 τῆς
3748 4712 3947 4772 οὐσίας
3967 4713 4028 4760 τὸ

2449 4825 2710 4894 πατρικὸν
2735 4823 2865 4874 ἰδιον
2892 4819 3182 4884 ἐκλάμπει,
3202 4814 3295 4866 καὶ
3316 4805 3797 4876 συνεκλάμπεσθαι
3833 4803 4026 4855 δίδωσι

2448 4917 2554 4969 τῶν
2574 4911 2816 4978 tea-51:06
2840 4905 3283 4979 προεληλυθότων
3310 4903 3368 4956 τὸ
3383 4903 3411 4953 6
3418 4900 3620 4970 μοφυὲς
3637 4899 3734 4949 καὶ
3755 4895 4023 4962 ἰσότιμον.

2519 5095 2580 5147 δ’.
2622 5092 2853 5159 Λέγεται
2878 5089 3057 5141 τοίνυν
3077 5087 3142 5138 δι’
3173 5083 3303 5138 Υῐοῦ
3322 5084 3420 5153 τὴν
3448 5082 3622 5134 κτίσιν
3652 5081 3714 5131 ἐκ
3752 5077 3830 5146 μὴ
3855 5077 4029 5128 ὄντων

2447 5186 2782 5254 ὑποστῆναι.
2827 5182 2964 5234 ἀλλὰ
3008 5178 3226 5245 καὶτῆς
3261 5175 3501 5237 Παλαιὰ
3548 5169 4028 5241 ἀνακηρύττεσθαι

2447 5276 2741 5346 νομοθέτην
2762 5291 2774 5302 ·
2806 5273 2904 5339 τῆς
2933 5271 3084 5331 θείας
3122 5265 3402 5338 πόρρωθεν
3435 5262 3697 5332 Προνοίας
3741 5263 4028 5326 ἐπιστομι-

2450 5368 2646 5436 ζούσης
2695 5382 2757 5418 τε
2797 5365 2891 5417 καὶ
2921 5359 3214 5432 πρόρριζον
3257 5357 3360 5426 τὴν
3398 5354 3656 5408 ἀπόνοιαν
3688 5350 4027 5413 άνασπὼσης

2448 5462 2556 5511 τῶν
2595 5457 2672 5517 είς
2703 5454 3086 5521 ἀντικειμένας
3110 5445 3283 5516 ἀρχὰς
3305 5444 3410 5496 ’δύο
3433 5440 3760 5509 τολμώντων
3787 5437 3888 5505 τὴν
3918 5436 4030 5486 Παο

2455 5549 2609 5601 λαιὰν
2637 5545 2926 5614 ἀναφέρειν
2955 5541 3050 5594 καὶ
3089 5538 3187 5607 τὴν
3210 5535 3371 5588 Νέαν.
3406 5533 3468 5586 Et
3502 5533 3611 5600 γάρ
3653 5530 3746 5582 τὸν
3774 5526 3902 5580 Υίδν
3927 5525 4028 5592 τῆς

2471 5637 2794 5705 Ἐκκλησίας
2853 5629 3122 5701 λαμπρῶς
3165 5623 3601 5695 ἁνομολογούσης
3641 5619 3772 5682 τούς
3817 5633 3877 5669 τε
3923 5633 4026 5666 πα-

2459 5730 2640 5790 λαιοὺς
2682 5724 2963 5796 χρησμοὺς
2993 5720 3301 5788 ἀποφῆναι,
3329 5717 3419 5767 καὶ
3458 5716 3556 5783 τῆς
3583 5711 3709 5772 νέας
3740 5710 3828 5763 τὸν
3862 5705 4024 5760 αὐτὸν

1842 5849 1884 5879 ³⁵³
1919 5846 2071 5901 Joan.
2107 5862 2194 5906 xv,
2226 5845 2330 5909 26;
2369 5860 2479 5902 xu.
2518 5844 2598 5896 13.
