4162 6442
175 426 272 490 913

1044 428 1144 488 AD
1180 429 1778 493 AMPHILOCHIUM
1805 431 2152 499 OUESTIO
2183 432 2538 493 CLXXXIX'

3316 446 3416 510 914

176 540 463 611 εἰσηγητὴν
498 540 801 609 γεγονέναι,
862 541 960 593 καὶ
1004 540 1114 611 πρό
1158 557 1224 607 γε
1256 540 1466 596 τούτων
1499 543 1599 614 τὴν
1629 545 1737 597 τῶν

1843 544 2073 614 novique
2106 543 2332 597 traderis
2365 544 2617 598 eumdem
2659 543 2831 601 fuisse
2867 560 3145 604 auctorem
3172 591 3187 611 ,
3238 556 3413 619 quod-

176 632 478 701 κτισμάτων
512 631 673 699 φύσιν
711 634 777 684 έκ
809 632 883 701 μὴ
913 630 1087 683 ὄντων
1132 633 1395 687 οὐσιῶσαι
1417 674 1433 697 ,
1462 637 1614 704 ὅμως
1644 632 1739 695 οὖν

178 722 234 777 τὸ
274 721 590 791 Μανιχαίων
630 720 978 791 μισόχριστον
1004 720 1099 773 καὶ
1133 719 1402 791 θεομάχον
1441 721 1592 786 έθνος
1624 725 1736 794 (75)

176 812 264 865 καὶ
284 814 331 865 οἱ
361 812 686 882 Μαρκίωνες
706 812 768 863 οὐ
792 810 1111 881 φρίττουσιν
1129 812 1210 874 είς
1228 814 1422 882 έτέραν
1446 814 1546 883 μὲν
1563 814 1738 884 ἀρχὴν

174 902 230 953 τδ
276 901 628 969 εὐαγγελικὸν
667 902 932 971 κήρυγμα
969 901 1224 969 ἀνάγειν,
1274 902 1374 972 τὴν
1422 904 1739 973 μαχομένην

174 995 226 1046 δι
269 994 334 1046 τά
371 994 664 1058 Μωσαῖκά,
709 994 832 1047 τίνα
881 995 950 1047 ἀν
984 995 1346 1065 ’παρέδραμον
1388 990 1740 1065 βλασφημίας

175 1080 351 1147 ὄγκον,
386 1083 434 1133 εί
464 1080 574 1134 τῶν
616 1080 875 1135 Παλαιῶν
908 1080 1011 1151 μιν
1039 1082 1393 1153 Γραμμάτων
1420 1084 1739 1153 ἀφωρισμέ-

174 1186 275 1233 νως
300 1170 599 1242 νομοθέτης
619 1174 648 1224 ὁ
673 1172 863 1241 Πατὴρ
890 1172 1311 1244 ἀνεκηρύττετο,
1341 1175 1741 1245 ἀφωρισμένως

174 1260 228 1311 δὲ
253 1260 351 1327 τῆς
379 1261 599 1331 χάριτος
639 1263 668 1315 6
697 1261 858 1328 Υίόςς
913 1262 1078 1316 ’Δλλά
1116 1263 1292 1316 ταῦτα
1320 1265 1511 1334 ἑτέρου
1545 1264 1738 1334 καιροῦ

178 1349 373 1416 μᾶλλον
419 1354 512 1404 καὶ
543 1353 853 1416 ὑποθέσεως
889 1352 1077 1423 ἀλλης.
1119 1357 1215 1406 Δεῖ
1250 1354 1307 1407 δὲ
1335 1356 1500 1408 πάλιν
1531 1359 1611 1418 εἰς
1642 1356 1742 1426 τὴν

175 1442 269 1495 ἀπ’
300 1445 473 1513 ἀρχῆς
523 1443 758 1514 ἀπορίαν
788 1445 1127 1509 ἐπανελθεῖν,
1183 1446 1301 1508 πῶς
1335 1448 1365 1499 ὁ
1400 1448 1499 1516 μιν
1550 1448 1743 1518 Πατὴρ

175 1535 257 1587 διὰ
297 1534 392 1587 τοῦ
426 1535 555 1588 Υίοῦ
600 1536 945 1605 δημιουργεῖ.
982 1539 1014 1591 δ
1054 1537 1112 1590 δὲ
1142 1538 1269 1600 Tib;
1313 1539 1495 1592 οὐκέτι
1531 1539 1620 1592 διά
1646 1539 1743 1592 τοῦ

175 1628 406 1696 Πατρός.
445 1629 508 1679 'Il
539 1628 647 1698 γὰρ
692 1630 956 1699 εἰρημένη
983 1628 1139 1691 λύσις
1161 1628 1318 1681 Eluas
1350 1630 1451 1698 μὶν
1478 1629 1745 1698 λαμπρῶς

175 1721 233 1771 τὺ
265 1720 426 1790 μέρος
459 1719 559 1789 τῆς
583 1722 839 1791 ἀπορίας,
866 1722 1108 1775 ἐπέτεινε
1144 1721 1202 1775 δὲ
1231 1720 1432 1791 μᾶλλον
1453 1722 1515 1775 τὸ
1538 1723 1741 1778 λοιπόν.

176 1811 318 1879 Πλὴν
366 1812 596 1882 ἐπείπερ
622 1813 845 1881 ἄμεινον
889 1815 964 1885 μὴ
1000 1815 1162 1883 μόνον
1189 1816 1309 1874 ταῖς
1337 1814 1580 1884 εὐλόγοις
1639 1817 1743 1867 έπ-

1840 650 1947 705 que
1976 644 2143 704 caput
2183 647 2268 691 est
2295 634 2546 705 creande
2576 650 2646 689 ex
2678 637 2851 693 nihilo
2881 649 3090 695 natura:
3120 642 3229 695 vim
3260 656 3413 696 suam

1839 724 2213 793 impendisse,
2263 724 2621 779 nihilominus
2670 724 2890 783 Christo
2941 728 3157 799 Deoqne
3220 731 3414 785 infensi

1838 814 2128 869 lanicbazi
2158 815 2402 885 itemque
2433 814 2674 870 Marcion
2704 831 2814 871 non
2841 829 3170 873 venerentur
3197 822 3413 890 quomi-

1840 920 1944 960 nus
1988 905 2145 961 alteri
2196 906 2468 975 principio
2522 906 2879 976 Evangelium
2927 910 3209 976 tribuant,
3262 911 3417 964 alteri

1838 1006 2023 1050 autem
2066 997 2344 1052 contrario
2376 996 2647 1052 Hosaicas
2693 998 3100 1067 institutiones;
3150 1002 3204 1054 in
3248 1016 3421 1070 quan-

1839 1095 1955 1143 tum
1998 1088 2233 1158 denique
2284 1088 2635 1157 blasphemia;
2673 1104 2959 1144 excessum
3012 1091 3308 1155 venissent,
3365 1091 3412 1145 si

1839 1187 2081 1233 veterum
2106 1178 2326 1248 quidem
2353 1178 2759 1247 Scripturarum
2788 1196 3038 1237 seorsum
3066 1192 3260 1235 auctor
3282 1196 3419 1249 pra:-

1839 1264 2116 1320 dicaretur
2139 1264 2320 1327 Pater,
2356 1266 2543 1335 gratia:
2580 1280 2773 1320 rursus
2803 1282 3052 1322 seorsum
3073 1267 3245 1322 Filius
3271 1285 3285 1332 ;
3314 1266 3418 1321 Sed

1841 1356 1985 1409 enim
2029 1356 2145 1409 hac
2193 1358 2334 1410 alius
2374 1358 2639 1425 temporis
2681 1359 2995 1429 diversique
3032 1360 3215 1428 potius
3256 1374 3421 1428 argu-

1844 1447 2011 1503 menti
2064 1458 2209 1503 sunt.
2263 1447 2661 1505 Revertendum
2724 1451 2891 1521 igitur
2953 1451 3020 1505 ad
3076 1454 3417 1521 propositam

1844 1540 2004 1595 initio
2050 1541 2494 1606 dubitationem,
2544 1543 2824 1612 quomodo
2873 1544 3035 1597 Pater
3082 1560 3178 1612 per
3223 1543 3418 1596 Filium

1846 1640 2031 1697 creet;
2082 1630 2255 1686 Filius
2300 1641 2479 1685 autem
2526 1647 2869 1702 nequaquam
2902 1649 2995 1701 per
3026 1632 3264 1689 Patrem.
3290 1632 3413 1686 Iam

1848 1720 2114 1777 hactenus
2150 1723 2359 1792 prolata
2390 1723 2590 1777 solutio
2620 1724 2780 1778 sicuti
2815 1725 2965 1778 dubii
3003 1737 3207 1794 partem
3241 1726 3422 1794 splen-

1847 1813 1971 1867 dide
1994 1813 2250 1877 illustrat,
2284 1815 2355 1868 ita
2382 1815 2554 1883 magis
2575 1815 2829 1869 obscurat
2858 1816 3109 1869 alteram.
3149 1815 3253 1870 Sed
3272 1816 3419 1869 enim

172 1901 471 1969 ερείδεσθαι
493 1902 768 1972 θεωρίαις,
800 1906 1047 1959 ἀλλὰκαὶ
1073 1908 1141 1977 τῇ
1169 1905 1282 1957 τῶν
1310 1906 1523 1973 Δογίων
1554 1909 1743 1977 χρήσει

1849 1912 2102 1972 prastat,
2157 1918 2264 1957 non
2326 1902 2699 1972 probabilibus
2744 1904 3122 1958 tantummodo
3170 1906 3267 1958 niti
3302 1920 3422 1959 ser-

174 1993 266 2044 καὶ
303 1992 629 2064 διδασκαλίᾳ
672 1996 1170 2064 κατασφαλίζεσθαι
1201 1998 1428 2063 ταύτας.
1464 1999 1749 2069 Χρησμοῑς

170 2084 278 2153 γὰρ
324 2084 413 2136 τοῦ
449 2087 717 2155 παναγίου
765 2088 1081 2158 Πνεύματος
1106 2090 1178 2141 τά
1205 2090 1451 2162 ἡμέτερα
1492 2090 1747 2163 περιεχό-

173 2192 333 2242 μενα,
383 2178 505 2229 ὅσον
565 2180 1047 2249 προσλαμϐάνουσι
1094 2181 1156 2234 τὸ
1216 2182 1454 2254 κράτος,
1491 2182 1747 2237 τοσοῦτον

170 2269 327 2337 νικᾷν
358 2270 649 2336 ἀνάγονται
682 2271 774 2323 τὸν
820 2272 1030 2340 μῶμον.

677 2346 1016 2416 Epo‘ruzlz
1052 2364 1225 2418 rue.

168 2450 272 2524 Διά
319 2453 393 2524 τίΔ
436 2452 673 2524 Πνξῧμα
716 2455 833 2522 μὲν
876 2457 1105 2524 Πατρός
1153 2458 1253 2508 και
1316 2455 1557 2524 Πνεῦμα
1607 2456 1743 2510 Υἱοῦ

237 2520 943 2595 ίερρτιοχοῦμενηοὺκέτι
998 2523 1068 2576 δὲ
1113 2527 1346 2592 Πατέρα
1398 2520 1742 2595 llis-liparen

235 2588 380 2643 οὐδὲ
410 2588 959 2646 Υιὸννὰποδίδοσοαι
987 2588 1569 2664 συνομολογοῦμενξ

1848 1996 2026 2049 monis
2055 1995 2414 2064 argumentis,
2442 2010 2631 2049 verum
2664 1996 2827 2049 etiam
2866 1996 3276 2065 Scripturarnm
3317 2012 3417 2050 usu

1845 2101 1912 2140 ac.
1940 2088 2257 2157 magisterio
2293 2103 2405 2140 rem
2440 2086 2788 2142 conﬁrmare.
2822 2085 3009 2142 Nostri
3055 2088 3200 2142 enim
3245 2090 3418 2142 sancti

1844 2176 2086 2247 Spiritus
2114 2178 2359 2233 oraculis
2390 2177 2525 2231 freta
2559 2187 2879 2248 argumenta
2902 2219 2916 2242 ,
2953 2189 3162 2249 quanto
3193 2179 3419 2233 fortiora

1840 2271 2102 2330 evadunt,
2142 2279 2294 2324 tanto
2330 2270 2619 2325 calumniae
2643 2271 2926 2339 superiora
2961 2271 3118 2324 (lunt.

1848 2359 2172 2427 QUESTIO
2191 2360 2518 2416 CLXXXIX.
2538 2359 2726 2432 [CoisL
2751 2360 3025 2425 CCXVIII,
3048 2360 3209 2415 Taur.
3239 2360 3419 2433 CCL]

1848 2454 1960 2509 Cur
1987 2453 2247 2523 Spiritum
2274 2454 2455 2507 Patris
2476 2462 2522 2505 et
2556 2452 2815 2519 Spiritum
2848 2450 2978 2523 Filii
3003 2453 3290 2523 theologica
3320 2470 3423 2507 scr-

1918 2520 2069 2579 motie
2127 2526 2405 2584 dicamus;
2463 2538 2629 2589 neque
2678 2531 2850 2593 tamen
2907 2520 3121 2576 Patrem
3182 2520 3421 2593 Spiritus

1920 2611 2082 2665 neque
2110 2593 2335 2659 Filium,
2369 2609 2618 2647 conuersa
2648 2592 2781 2657 vice,
2806 2592 3067 2661 fateamur
3088 2596 3113 2648 ?

1408 2709 1548 2759 Edita
1571 2724 1599 2759 a
1628 2709 1752 2760 IIan
1771 2713 1829 2776 (1.
1850 2724 1895 2760 c.
1922 2709 2030 2770 I85,
2055 2709 2185 2770 ιει).

248 2792 311 2845 Ἥ
344 2792 679 2863 ὑπεράρχιος
701 2794 795 2848 καὶ
825 2794 1090 2864 ὑπέρθεος
1123 2792 1231 2847 τῶν
1256 2794 1564 2866 θεαρχικῶν
1611 2799 1728 2849 ὑπο.

168 2887 416 2939 στάσεων
469 2885 659 2956 eum;
689 2888 757 2941 τὰ
791 2888 1020 2939 πλεῖστα
1069 2885 1168 2953 μὲν
1201 2884 1391 2955 ὥσπερ
1415 2884 1498 2955 τῷ
1539 2887 1744 2938 ἀκατα-

163 2976 384 3047 λήπτῳ,
407 2974 549 3029 οὕτω
578 2976 644 3046 δὴ
673 2977 766 3029 καὶ
795 2976 872 3045 τῷ
895 2975 1186 3044 ἀφθέγκτῳ
1217 2974 1651 3044 περιστέλλεται,
1681 2975 1742 3027 οὐ

163 3070 232 3136 τῇ
259 3067 400 3120 κατά
433 3068 530 3135 τὴν
554 3066 715 3135 φύσιν
745 3068 905 3136 μόνον
931 3066 1154 3136 θεωρία,
1181 3064 1319 3119 ἀλλά
1353 3082 1420 3134 γε
1453 3066 1521 3137 δὴ
1552 3067 1648 3120 καὶ
1678 3068 1743 3137 τῇ

162 3159 501 3227 ἀνεπινοητῳ
520 3158 627 3209 τῶν
644 3158 948 3227 ἰδιωμάτων
967 3156 1373 3227 ὑπεριδρυμένῃ
1400 3157 1742 3227 κρυφιότητι·

1914 2795 2124 2849 Eximia
2152 2804 2207 2849 et
2240 2794 2489 2849 eminens
2518 2808 2903 2863 supremarum
2952 2808 3312 2862 personarum
3345 2794 3425 2846 di-

1839 2884 2040 2938 vinitas
2074 2884 2306 2951 plurima
2335 2882 2528 2947 habet,
2561 2898 2683 2949 qua:
2727 2898 2904 2952 neque
2935 2885 3209 2937 intellectu
3247 2899 3425 2952 neque

1840 2987 2093 3027 sermone
2137 2970 2523 3040 comprehendi
2578 2981 2827 3041 queunt;
2879 2987 2988 3026 non
3052 2973 3228 3027 solum
3276 2973 3424 3042 quod

1842 3065 2037 3117 attinet
2085 3064 2152 3117 ad
2200 3072 2415 3117 natura:
2458 3062 2579 3131 ejus
2622 3063 3178 3133 contemplationem,
3234 3079 3422 3120 verum

1838 3155 2003 3209 ctiam
2055 3162 2277 3224 propter
2329 3154 2930 3224 ineomprehensibilem
2980 3158 3426 3227 reconditamque

165 3250 264 3299 aut
284 3246 461 3316 πολλῷ
474 3247 538 3317 δὴ
562 3246 761 3315 μᾶλλον
791 3244 1207 3311 αίτιολογεῐσθαι
1223 3247 1474 3315 γηγενῶν
1500 3246 1741 3309 διανοίας

1843 3246 2239 3315 proprietatum
2288 3245 2679 3300 obscuritatem
2714 3264 2728 3301 :
2766 3247 2939 3301 multo
2989 3263 3116 3301 vero
3170 3248 3427 3317 impossi-

160 3338 558 3408 ἀνακεχιὶῳηιιε
587 3354 599 3366 ·
630 3338 769 3407 πλὴν
796 3338 943 3391 ἐστιν
973 3338 1368 3407 φιλανθρώπως
1400 3337 1497 3407 τῆς
1528 3337 1739 3390 ἐκεῖθεν

1846 3336 2013 3391 bilius
2060 3346 2186 3402 est,
2231 3344 2291 3390 ut
2332 3336 2649 3391 earumdem
2695 3351 2891 3391 causas
2941 3352 3093 3391 mens
3149 3340 3426 3393 terrestris

163 3432 361 3501 αἴγλης
383 3434 511 3501 ἡμῖν
527 3430 624 3491 τάς
648 3432 874 3491 ἀκτῖνας
896 3430 1401 3499 έναστραπτοὺσης,
1440 3429 1517 3490 ὡς
1552 3429 1645 3482 διὰ
1668 3446 1749 3481 τι-

162 3538 259 3585 νος
287 3522 571 3591 έσόπτρου,
607 3520 708 3590 τῆς
732 3520 1059 3591 εἰλικρινοῦς
1082 3520 1240 3590 ἡμῶν
1262 3523 1499 3589 έφέσεως
1530 3521 1623 3574 καὶ
1651 3520 1747 3589 τῆς

162 3615 224 3664 ὲν
253 3616 322 3681 τῇ
373 3612 553 3665 πίστει
594 3613 873 3679 διαυγείας
903 3613 1001 3682 τὴν
1047 3614 1341 3681 έπίγνωσιν
1374 3611 1742 3682 φωτιζόμεθα.

163 3704 242 3755 Τὸ
266 3704 375 3773 γὰρ
398 3705 673 3767 παντελῶς
692 3704 1026 3775 ἀθεώρητον,
1058 3706 1152 3757 καὶ
1170 3705 1487 3773 ἀνέραστον,
1511 3704 1604 3756 καὶ
1622 3703 1746 3756 οὐδέ

164 3795 443 3865 σπινθῆρα
468 3795 794 3849 καταόαλεῖν
824 3796 1011 3861 πόθου,
1039 3797 1133 3850 καὶ
1154 3797 1234 3859 είς
1265 3795 1442 3866 φλόγα
1471 3796 1562 3849 τὸν
1584 3794 1746 3849 πόθον

160 3886 393 3955 ἀνάψαι,
423 3887 518 3939 καὶ
552 3888 684 3957 πρὸς
707 3887 867 3939 ἑαυτὸ
895 3886 1295 3953 έφελχύσασθαι
1326 3886 1583 3955 οὐδεμίαν
1602 3902 1747 3955 παρ⁴

160 3978 291 4045 έχον
334 3976 767 4047 ἐπιτηδειότητα.
811 3976 1043 4030 Σπάνιον
1071 3977 1129 4029 δὲ
1154 3976 1257 4045 τῆς
1286 3974 1495 4030 ἀνωθεν
1525 3975 1745 4029 κατιούο

160 4085 272 4138 σης
301 4069 609 4133 ἐπιπνοίας,
634 4070 727 4121 καὶ
754 4068 852 4139 τὴν
885 4067 1225 4139 ὑψηλοτέραν
1256 4067 1490 4137 μάθησιν
1511 4083 1748 4138 παρεχο-

161 4160 343 4229 μένης
378 4159 440 4211 τδ
492 4160 703 4229 χρῆμα,
740 4160 834 4212 καὶ
870 4159 1127 4227 δεόμενον
1169 4157 1585 4227 κεκαθαρμένης
1627 4158 1745 4211 δια-

157 4250 341 4314 νοίας,
358 4248 565 4318 καὶτῆς
587 4251 692 4301 τῶν
711 4249 921 4303 πολλῶν
948 4250 1372 4318 ἀνακεχωρηιιδς
1400 4248 1742 4318 ὑπολήψεως.

156 4336 317 4390 Ὅσα
345 4337 401 4389 δι
416 4335 653 4405 καθορᾷν
674 4338 805 4405 ἡμῖν
829 4336 939 4389 τῶν
953 4336 1164 4390 ἀνωθεν
1194 4336 1490 4406 προϊόντων
1506 4336 1566 4387 τὸ
1585 4335 1745 4388 ἀσθε-

156 4427 255 4490 νὲς
281 4428 379 4496 τῆς
400 4426 613 4496 φύσεως
641 4429 743 4480 οὐκ
768 4427 1065 4494 ἐνδίδωσιν,
1088 4428 1154 4480 tat
1179 4427 1290 4479 τῶν
1324 4426 1443 4479 καθ’
1470 4427 1620 4496 ἡμᾶς
1649 4424 1748 4479 καὶ

157 4519 417 4589 συνήθων
453 4518 750 4585 ἀνάγεσθαι
786 4517 924 4589 πρὸς
972 4518 1072 4588 τὴν
1120 4518 1261 4589 ὑπὲρ
1318 4517 1525 4571 έννοιαν
1574 4516 1748 4586 αὐτῆς

1845 3428 2121 3494 explicare
2158 3436 2343 3495 queat.
2378 3425 2763 3484 Verumtamen
2798 3427 3105 3498 splendoris
3146 3429 3295 3483 illius
3338 3445 3426 3483 ra-

1846 3519 1954 3575 diis
1991 3520 2060 3574 ad
2100 3533 2201 3574 nos
2229 3520 2522 3573 clementer
2562 3520 2685 3573 inde
2729 3520 3113 3584 manantibus,
3166 3530 3423 3589 tanquam

1845 3609 2069 3678 specqu
2089 3646 2106 3673 ,
2161 3623 2296 3678 pura
2328 3618 2515 3663 nostra
2547 3608 2846 3676 cupiditate
2894 3609 3156 3678 fideique.
3185 3609 3426 3663 illustra-

1847 3697 2029 3761 tione,
2080 3696 2328 3750 notitiam
2383 3696 2777 3751 nanciscimur.
2820 3696 2952 3751 Nam
2984 3698 3128 3767 quod
3171 3708 3255 3753 est
3285 3714 3426 3767 qua-

1845 3802 2147 3857 quaversus
2202 3787 2785 3856 incomprehensibile,
2833 3788 2884 3842 id
2919 3804 2985 3843 ne
3040 3790 3273 3843 amabile
3299 3791 3425 3858 qui-

1843 3878 1967 3933 dem
2018 3887 2135 3943 est,
2179 3893 2355 3947 neque
2403 3893 2529 3947 erga
2580 3879 2629 3932 id
2664 3879 2867 3936 amoris
2914 3880 3209 3934 scintillam
3257 3881 3422 3934 ullam

1843 3971 2135 4041 concipere
2169 3985 2465 4040 possumus
2496 3986 2513 4026 :
2543 3970 2743 4039 quippe
2766 3975 2913 4039 quod
2953 3986 3129 4039 neque
3156 3971 3425 4041 igniculos

1844 4063 2161 4132 cupiditatis
2205 4062 2444 4126 emittit,
2502 4077 2678 4130 neque
2727 4062 2832 4116 sibi
2882 4062 3125 4131 cujusvis
3175 4062 3422 4117 animum

1844 4155 2174 4212 conciliandi
2222 4156 2331 4209 vim
2382 4156 2563 4210 habet.
2605 4154 2700 4210 Est
2739 4164 2920 4209 tamen
2966 4156 3083 4210 hac
3130 4171 3219 4211 res
3269 4156 3426 4211 valde

1845 4246 2028 4319 indiga
2065 4261 2300 4315 superne
2340 4246 2523 4301 ﬂantis
2553 4245 2954 4315 inspirationis,
2989 4261 3109 4316 quae
3142 4247 3425 4301 sublimio-

1847 4355 1963 4394 rem
2012 4338 2319 4394 doctrinam
2374 4340 2581 4397 tradat:
2627 4339 2974 4408 postulatque
3028 4352 3218 4407 puram
3272 4353 3424 4392 men-

1847 4440 1981 4496 tem,
2016 4438 2179 4499 atque
2215 4446 2247 4485 a
2278 4430 2421 4500 vulgi
2453 4430 2810 4499 intelligentia
2832 4430 3114 4485 abhorret.
3150 4428 3269 4483 .Iam
3294 4445 3427 4483 vero

1846 4533 1968 4588 qua:
1992 4518 2236 4573 caelestia
2267 4517 2424 4572 nobis
2460 4518 2709 4572 contueri
2756 4527 2963 4571 naturai
2995 4519 3280 4571 infirmitas
3312 4534 3419 4571 non

156 4610 432 4678 θεωρίαν,
494 4611 651 4681 χάριν
707 4612 839 4679 ἡμῖν
916 4612 1220 4680 παρασχεῖν
1270 4611 1312 4679 ἡ
1366 4609 1743 4679 φιλάνθρωπος

1849 4610 2121 4676 concedit,
2148 4624 2213 4664 ea
2249 4617 2308 4664 ut
2346 4625 2441 4678 per
2469 4608 2767 4663 familiares
2800 4609 2959 4663 nobis
2990 4624 3073 4663 res
3104 4610 3173 4663 ad
3206 4609 3422 4663 abstru-

155 4699 449 4769 ἀγαθότης
484 4698 811 4769 κατηξίωσε,
836 4699 903 4753 δι’
932 4700 1115 4753 αὐτῶν
1144 4701 1293 4769 ἡμᾶς
1330 4697 1746 4769 χειραγωγοῦσα

155 4794 263 4845 καὶ
294 4792 571 4859 ἀνάγουσα
616 4793 695 4853 εἰς
744 4792 843 4862 τὴν
891 4792 1022 4861 περὶ
1056 4792 1269 4862 Πατρδς
1335 4792 1428 4845 καὶ
1469 4791 1599 4844 Υίοῦ
1650 4792 1746 4844 καὶ

155 4881 486 4950 Πνεῦματος
506 4881 782 4953 θεοπρεπῆ
803 4882 1106 4951 φαντασίαν
1123 4897 1138 4912 °
1176 4882 1271 4935 καὶ
1301 4883 1394 4936 τὸν
1424 4884 1582 4954 ήμῶν
1601 4883 1744 4935 θεῖον

152 4976 347 5047 ερωτα
378 4975 445 5028 δι’
470 4974 760 5042 ἀναλογίας
783 4972 1187 5043 ψυχαγωγοῦσα
1218 4974 1313 5027 καὶ
1352 4974 1743 5045 ἀναπληροῦσα

150 5068 303 5137 πρὸς
330 5066 530 5135 γνῶσιν
559 5066 663 5119 ὑπὸ
691 5065 790 5131 τῆς
820 5063 1115 5127 παντελοῦς
1152 5064 1427 5132 ἀγνωσίας
1475 5082 1744 5135 στενοχω-

154 5156 431 5227 ρούμενον
456 5173 469 5186 ’
497 5157 584 5209 διά
617 5157 789 5210 ταῦτα
817 5155 1109 5227 τοιγαροῦν
1146 5156 1242 5209 καὶ
1276 5155 1501 5225 Πνεῦμα
1534 5157 1632 5225 μὲν
1650 5156 1743 5209 τοῦ

150 5248 379 5319 Πατρδς
403 5250 498 5301 καὶ
531 5248 625 5300 τοῦ
657 5247 786 5299 Υἰοῦ
804 5248 865 5299 τὸ
894 5247 1157 5314 πανάγιον
1186 5248 1413 5317 Πνεῦμα
1436 5246 1612 5313 λέγειν
1642 5247 1745 5300 οὐκ

150 5338 585 5409 ἐπιδιστάζομεν
611 5356 625 5369 ·
667 5337 854 5407 ἐπειδὴ
910 5340 1015 5390 κάν
1049 5340 1162 5401 τοῖς
1216 5339 1339 5391 καθ’
1387 5340 1535 5408 ἡμᾶς
1566 5340 1658 5391 τόν
1684 5354 1742 5389 τε

152 5430 390 5498 Πατέρα
421 5431 512 5481 καὶ
542 5430 632 5483 τὸν
664 5430 789 5481 Υίὸν
815 5468 829 5494 ,
868 5428 1097 5497 Πνεῦμά
1122 5445 1183 5481 τε
1214 5427 1362 5498 ἔχειν
1390 5428 1605 5499 ὁρῶμεν
1646 5432 1741 5481 καὶ

1846 4704 2049 4757 siorem
2102 4702 2617 4771 contemplationem
2673 4702 2812 4771 rapti
2862 4701 3229 4769 intelligamus
3279 4716 3420 4769 quo-

1847 4792 2171 4857 dammodo,
2213 4793 2453 4847 clemens
2486 4790 2577 4844 Dci
2611 4791 2824 4845 bonitas
2861 4792 3128 4859 largitur;
3160 4800 3324 4859 atque
3355 4792 3420 4843 ad

1845 4883 2023 4939 Patris
2066 4894 2122 4939 et
2165 4882 2287 4937 Filii
2342 4894 2395 4937 et
2442 4881 2675 4952 Spiritus
2713 4884 2885 4937 sancti
2918 4898 3024 4935 non
3058 4882 3418 4950 incongruam

1846 4975 2190 5043 phantasiam
2221 4974 2508 5038 subvehit;
2539 4986 2787 5027 nostrum
2820 4972 3057 5040 denique
3085 4988 3211 5041 erga
3255 4971 3420 5025 Deum

1844 5079 2085 5118 amorem
2117 5064 2368 5134 analogia
2402 5066 2637 5133 quadam
2668 5064 2814 5119 fovet
2846 5082 2910 5119 ac
2931 5068 3113 5131 satiat,
3144 5068 3235 5135 qni
3268 5077 3425 5121 carto-

1842 5155 1999 5223 roqui
2041 5156 2269 5209 inscitia
2289 5155 2559 5224 angustiis
2583 5157 2824 5223 undique
2844 5167 3175 5210 coarctatur.
3209 5156 3417 5211 Idcirco

1840 5245 2007 5312 igitur
2036 5260 2107 5299 ne
2139 5245 2315 5300 Patris
2362 5248 2580 5315 quidem
2609 5255 2665 5299 et
2698 5245 2820 5300 Filii
2863 5258 3111 5301 sanctum
3150 5246 3415 5317 Spiritum

1838 5339 2023 5392 dicere
2067 5339 2408 5393 dubitamus.
2459 5338 2707 5407 Namque
2762 5340 2817 5391 iu
2884 5340 3138 5394 humanis
3203 5355 3421 5409 quoque

1838 5430 2002 5484 rebus
2037 5438 2149 5483 tum
2192 5430 2340 5484 Patri
2375 5441 2489 5483 tum
2528 5429 2664 5484 Filio
2698 5430 2960 5499 Spiritum
3002 5431 3183 5485 inesse
3213 5440 3265 5484 et
3294 5448 3418 5486 cer-

1684 5607 1914 5664 NOTAE.

234 5696 565 5769 (75)}?hotii
590 5702 827 5769 amplum
858 5715 997 5769 opus
1021 5710 1211 5755 contra
1248 5701 1579 5756 Manichacus
1622 5702 1740 5755 edi-

153 5781 282 5840 tum
310 5766 1384 5840 aliontfanconio“'olliuqnelegimus.
1430 5772 1545 5825 Vid.
1582 5773 1739 5838 hujus

154 5836 378 5890 l'atrol.
414 5846 453 5891 t.
484 5838 566 5891 CII
586 5880 599 5905 ,
630 5842 731 5894 col.
766 5839 799 5893 9
824 5853 938 5907 seq.
977 5836 1049 5892 De
1080 5836 1349 5894 Marciane
1380 5836 1739 5910 Hieronymus

1845 5717 1913 5786 ep
1955 5702 2223 5786 1252.23:
2266 5703 2395 5786 licet:
2417 5702 2643 5783 dicimus
2677 5717 2781 5786 non
2821 5714 3122 5786 srparnittes
3162 5700 3415 5786 [egentet

1846 5770 2213 5841 Evangelium,
2249 5785 2306 5826 ut
2344 5773 2577 5825 Marcion
2604 5773 2991 5841 calumniatur,
3024 5775 3113 5824 sed
3146 5785 3305 5822 unum
3332 5777 3417 5817 αι-

1845 5858 1943 5910 qur
1966 5840 2206 5895 eumdem
2239 5843 2577 5911 suscipientes
2604 5840 2791 5901 Deum,
2830 5851 2928 5891 etc.
