4162 6442
725 402 834 466 915

1879 405 2144 466 PHOTII
2182 405 2686 466 PATRIARCHAS
2715 407 2824 468 CP.

3891 409 4002 473 916

726 513 908 565 nimus
944 518 1000 564 et
1043 509 1290 566 conﬁteri
1330 510 1616 566 solemus:
1661 511 1807 580 quod
1847 522 2028 566 autem
2071 513 2296 580 Spiritui

2407 515 2785 584 συνομολογεῖν
2831 516 3170 586 ἐπιστάμεθα
3202 533 3217 549 ο
3253 518 3313 571 τδ
3344 519 3525 588 μέντοι
3565 520 3835 590 Πνεῦμα,
3872 522 4006 572 Υίὸν

725 603 899 658 Filius
927 604 1003 660 sit
1037 603 1118 657 vel
1149 603 1332 667 Pater,
1365 604 1416 658 id
1444 619 1622 672 neque
1649 604 1831 660 dicere
1856 606 2092 673 patimur
2123 620 2298 673 neque

724 707 907 752 meme
951 696 1302 766 percipimus.
1333 695 1439 749 Sed
1471 708 1650 750 tamen
1701 711 1907 760 rerum,
1957 712 2080 765 quae
2130 705 2298 750 certe

722 789 864 856 apud
893 803 994 841 nos
1037 799 1187 847 sunt.
1225 789 1475 859 analogia
1522 789 1589 841 ad
1620 787 1921 857 tbeologicc
1963 787 2296 856 loquendum

722 881 792 935 de
824 879 1189 935 inetl'abilibns
1221 891 1386 950 atque
1416 881 1786 936 eminentibus
1812 881 2014 934 divinis
2045 880 2296 949 personis

723 971 892 1036 ducti,
927 988 1034 1026 non
1060 972 1336 1027 immerito
1368 972 1632 1041 Spiritum
1667 971 1844 1028 Patris
1873 972 2084 1041 Fliiqne
2112 972 2296 1027 dicere

723 1061 1027 1128 discimus;
1057 1061 1272 1116 Patrem
1312 1078 1438 1117 vero
1461 1063 1547 1116 vel
1592 1062 1786 1116 Filium
1835 1062 2108 1132 Spiritus,
2155 1060 2300 1115 baud

719 1150 834 1221 jam
866 1166 1166 1222 agnoscere
1187 1155 1550 1208 sustinemus.

793 1263 1120 1332 oumsno
1171 1266 1305 1323 cxc
1355 1267 1544 1340 [CoisL
1584 1265 1816 1331 ccxux,
1849 1266 2010 1320 Taur.
2049 1264 2233 1336 ccx1.

724 1379 958 1435 Cumont
1015 1399 1132 1435 runt
1184 1382 1346 1436 Pater
1384 1393 1434 1436 ct
1475 1381 1652 1437 Filius
1706 1392 1756 1436 et
1799 1393 2010 1435 sumtus
2069 1381 2305 1447 Spiritus

793 1450 1269 1506 comubstuulialrs
1294 1469 1551 1521 paresque
1596 1455 1662 1516 vi,
1696 1453 1966 1505 uoluntate
1987 1462 2034 1505 el
2072 1451 2306 1521 polentia

794 1521 936 1642 cibat,
984 1532 1157 1648 10:16"
1199 1524 1252 1574 iu
1296 1519 1625 1577 uuiueraudo
1665 1525 1893 1591 primum
1941 1523 2116 1575 locum
2145 1519 2309 1573 Pater

796 1607 826 1644 ο
865 1602 1030 1645 (meat

2395 605 2428 674 ἢ
2457 607 2688 676 ,Πατέρα
2719 607 2885 675 ἔχειν,
2917 608 3043 660 οὗτε
3091 610 3272 676 λέγειν
3301 612 3625 680 ἀνεχόμεθα.
3658 613 3790 665 οὔτε
3847 613 4000 677 λετ-ις-

2396 697 2558 762 σμοῖς
2588 696 3036 766 παραδεχόμεθα·
3066 699 3132 751 ὲκ
3153 699 3217 768 δὴ
3245 701 3346 769 τῆς
3371 702 3480 752 τῶν
3515 703 3639 754 καθ’
3667 704 3830 770 ἡμᾶς
3861 703 3999 770 ὁμο-

2393 786 2741 856 λογουμένων
2765 790 3082 858 ἀναλογίας,
3111 793 3191 854 είς
3216 793 3316 860 τὴν
3333 794 3472 863 ὑπὲρ
3501 795 3648 864 ἡμᾶς
3680 794 4002 863 ίερολογίαν

2397 877 2507 930 τῶν
2529 879 2876 949 ὕπερουσίων
2897 899 2958 934 τε
2981 884 3078 935 καὶ
3107 883 3390 954 ὑπερθέων
3415 885 3724 954 θεαρχικῶν
3755 885 4004 937 ὑποστά-

2400 983 2539 1021 σεων
2559 970 2910 1040 ἀναγόμενοι⁹
2927 973 3155 1037 είκότως
3173 975 3395 1044 Πνεῦμα
3416 977 3513 1044 μὲν
3525 976 3743 1044 Πατρὸς
3752 974 3856 1028 καὶ
3870 974 4000 1027 rio-3

2408 1057 2587 1127 λέγειν
2637 1061 3036 1132 διδασκόμεθα·
3092 1066 3311 1134 Πατέρα
3355 1066 3413 1119 δὲ
3465 1069 3788 1137 Πνεῦματος
3826 1068 3862 1136 ἢ
3913 1070 4002 1119 τὸν

2404 1151 2530 1205 Υἱὸν
2550 1192 2566 1216 ,
2604 1153 2789 1206 οὐκέτι
2825 1155 3017 1224 μαθεῖν
3047 1158 3408 1226 ὑφιστάμεθα.
3822 1169 3831 1178 ’

2951 1269 3286 1322 sparum
3323 1269 3441 1335 Ρις.

2409 1378 2468 1433 Τί
2498 1379 2726 1443 δήποτε
2760 1381 2991 1449 Πατρός
3022 1383 3120 1436 καί
3144 1385 3280 1438 Υίου
3311 1386 3410 1436 καὶ
3438 1382 3611 1450 ἁγίου
3640 1384 4000 1449 "refutatu:

2476 1453 2818 1521 ὀμοουσίων
2848 1468 2912 1505 τε
2955 1452 3050 1504 καί
3095 1451 3406 1521 duorm-(Br
3438 1453 3590 1505 κατὰ
3628 1470 3697 1518 τε
3731 1452 4000 1519 δύναμιν

2475 1520 2574 1571 καί
2604 1520 2856 1586 ,ϐουλὴν
2884 1523 2982 1574 καί
3023 1520 3342 1590 κτφιότητα
3383 1524 3746 1590 πεφυκότων
3767 1564 3779 1579 ,
3812 1523 3889 1574 ἐν
3921 1521 3995 1588 τῇ

2477 1591 2918 1658 συναριθμήσει
2957 1590 3200 1659 πρώτην·
3229 1593 3405 1657 τάξιν
3443 1597 3476 1647 ὁ
3507 1592 3715 1661 Πατὴρ
3754 1592 3994 1661 ἐπέχει,

1960 1739 2103 1789 Edita
2123 1751 2153 1786 a
2171 1732 2297 1785 llaio
2321 1731 2380 1796 (I.
2405 1746 2450 1782 c.
2479 1735 2740 1796 185,195).

797 1859 850 1910 Ι.
889 1855 1043 1909 Alius
1069 1852 1298 1908 fortasse
1325 1853 1516 1908 nescio
1549 1853 1675 1922 quis
1713 1850 2070 1906 abstrusioris
2099 1845 2306 1901 tbeolo—

2483 1851 2555 1899 α’.
2598 1847 2792 1913 Ἀλλος
2837 1849 2940 1920 μιν
2981 1845 3075 1904 οῦν
3107 1851 3175 1905 ἄν
3215 1869 3300 1916 τις
3338 1854 3470 1918 ίσως
3501 1853 3998 1926 θεολογικωτέραις

724 1945 826 2014 δῖε
852 1944 1184 2012 cogitatibus
1205 1944 1390 2007 nixus,
1417 1942 1626 2012 quique
1646 1941 1908 1997 virtutum
1937 1940 2302 2010 perlectarum

727 2035 938 2090 meritis
999 2035 1068 2089 ad
1133 2033 1487 2101 excipiendos
1551 2033 1790 2088 ctelestis
1847 2031 2066 2085 luminis
2121 2028 2306 2083 radios

727 2128 992 2197 aptiorem
1042 2141 1102 2181 se
1149 2126 1469 2188 reddiderit,
1511 2124 1580 2190 is,
1637 2125 1887 2194 inquam,
1949 2121 2147 2177 mentis
2193 2135 2306 2175 suae

727 2220 1133 2288 perceptionem
1171 2219 1498 2273 sublimiore
1536 2217 1748 2272 tbeoria
1783 2215 2102 2271 subvectam
2130 2211 2307 2282 expli-

728 2309 910 2374 cabit,
943 2325 1241 2380 rerumque
1272 2310 1641 2364 inetl‘abilium
1672 2323 1868 2363 causas
1886 2307 2129 2371 evolvet;
2161 2304 2307 2374 quod

727 2402 951 2470 quidem
985 2402 1022 2455 ii
1052 2417 1397 2471 nequaquam
1427 2402 1648 2472 aggredi
1685 2409 1945 2470 possunt,
1991 2397 2088 2468 qui
2129 2411 2186 2450 se
2210 2409 2309 2448 ne-

728 2494 1001 2563 gotiorum
1035 2495 1272 2548 colluvie
1302 2495 1546 2548 nonduin
1582 2493 1996 2562 cxpediverunt.
2040 2489 2153 2558 Ego
2182 2499 2309 2539 vero

729 2583 824 2650 qui
853 2583 985 2637 nibil
1011 2583 1291 2638 excelsum
1320 2584 1375 2636 in
1405 2600 1490 2637 me
1519 2583 1658 2645 scio,
1688 2596 1860 2650 neque
1890 2578 2069 2633 adbuc
2110 2576 2178 2630 ab
2207 2573 2312 2627 bac

729 2675 1011 2728 communi
1055 2676 1476 2730 conversatione
1524 2684 1759 2729 mentem
1803 2673 2067 2734 abstraxi,
2102 2669 2150 2724 si
2180 2665 2310 2760 quid

730 2771 911 2814 tamen
933 2763 1391 2830 eScriptnrarum
1415 2762 1767 2817 meditatione
1793 2771 1850 2815 et
1869 2761 2070 2826 studio,
2100 2758 2310 2814 caelesti

729 2855 949 2908 favente
994 2869 1120 2922 ope,
1151 2853 1447 2919 condidici,
1482 2870 1591 2907 non
1625 2853 1892 2924 gravabor
1917 2851 2060 2922 apud
2090 2866 2186 2906 eos
2216 2851 2312 2919 qui

729 2945 863 2999 mibi
897 2944 1177 3000 communi
1213 2945 1475 3014 religione
1500 2945 1729 3014 zeloque
1755 2944 2000 3012 ejusdem
2031 2942 2312 3011 conjuncti

729 3043 1119 3106 ennumquam
1152 3035 1454 3106 symbolam
1513 3034 1566 3088 in
1623 3048 1969 3088 communem
2021 3031 2312 3085 utilitatem

730 3127 1002 3182 conferre.
1052 3126 1194 3181 Sunt
1246 3127 1414 3195 igitur
1464 3125 1786 3195 bomogenei
1828 3123 2010 3188 Pater,
2043 3122 2214 3176 Filius
2254 3132 2310 3176 et

732 3217 989 3287 Spiritus,
1019 3234 1196 3287 neque
1223 3217 1517 3271 voluntatis
1543 3227 1637 3271 aut
1663 3216 1875 3270 virtutis
1900 3223 1994 3269 aut
2023 3214 2307 3285 potestatis

729 3308 1087 3363 dill'erentiam
1121 3309 1284 3361 ullam
1323 3307 1377 3360 in
1412 3307 1546 3376 ipsis
1578 3307 1762 3361 videre
1795 3317 1912 3370 est;
1945 3320 2121 3373 neque
2148 3305 2305 3359 deni-

731 3413 839 3468 que
862 3399 1196 3470 reliquorum
1229 3397 1547 3451 sublimium
1573 3405 1631 3451 et
1653 3397 1975 3451 eximiorum
2000 3395 2306 3458 nominum,

731 3490 933 3559 quibus
989 3487 1201 3564 excelsa
1245 3498 1301 3541 et
1328 3488 1575 3542 omnium
1611 3487 1829 3541 domina
1862 3489 2044 3542 divuta
2074 3487 2310 3557 dignitas

733 3582 1007 3635 titulatur.
1061 3578 1166 3633 Sed
1206 3589 1386 3633 tamen
1435 3579 1596 3634 Pater
1627 3580 1709 3634 vis
1757 3579 1994 3634 causalis
2028 3588 2115 3634 est
2148 3594 2217 3634 ex
2251 3593 2312 3633 se

730 3671 1124 3725 dimanantium
1143 3709 1160 3733 ,
1207 3668 1371 3723 unius
1397 3668 1616 3737 quidem
1652 3683 1748 3737 per
1776 3668 2200 3736 generationem,
2229 3669 2310 3722 al-

733 3763 903 3816 terius
932 3776 1026 3830 per
1056 3761 1493 3828 processionem;
1523 3760 1616 3828 qui
1644 3773 1777 3814 sane
1803 3760 1870 3813 ad
1895 3775 2019 3814 eum
2049 3769 2308 3828 tanquam

733 3854 799 3909 ad
825 3854 1037 3907 initium
1068 3853 1417 3922 congenitum
1447 3851 1811 3920 potentiaeque
1832 3852 2040 3907 socium
2070 3849 2312 3906 referun-

732 3955 841 4001 tur.
870 3945 1031 4014 Atqui
1061 3943 1175 3998 baec
1203 3944 1316 4012 ipsa
1345 3943 1538 3997 relatio
1568 3943 1806 4012 perbelle
1834 3944 2072 4000 ostendit
2102 3958 2311 4012 praepo-

734 4041 975 4094 nendum
1014 4053 1136 4093 esse
1174 4038 1596 4107 procedentibus
1643 4037 1712 4090 ab
1755 4037 1875 4106 ipso
1902 4035 2115 4091 Patrem
2147 4053 2163 4091 :
2198 4051 2305 4088 non

730 4137 917 4184 tamen
975 4127 1163 4180 eadem
1211 4125 1554 4180 demonstrat
1603 4126 2024 4193 praeponendum
2081 4123 2307 4194 Spiritui

733 4221 952 4275 Filium.
988 4219 1130 4287 Ergo
1163 4219 1304 4273 ratio
1356 4219 1541 4273 notior
1581 4217 1850 4272 videbitur
1881 4220 2152 4273 sermonis
2187 4218 2308 4287 ejus

734 4317 826 4386 qui
858 4315 1218 4370 sanctissima:
1247 4312 1532 4367 Trinitatis
1561 4313 1994 4367 numerationem
2023 4330 2090 4368 eo
2115 4314 2307 4367 ordine

732 4407 939 4470 fecerit,
969 4422 1131 4477 quem
1173 4406 1510 4476 singularum
1551 4419 1910 4473 personarum
1939 4403 2133 4458 notitia
2158 4404 2306 4459 desi-

2405 1932 2768 2006 ἑποχούμενος
2815 1940 3071 2007 έννοίαις,
3102 1944 3198 1996 καὶ
3241 1944 3343 2014 τῆς
3391 1945 3601 1999 ἀνωθεν
3647 1945 3848 2016 αἴγλης
3891 1950 4002 2011 τὰς

2404 2029 2632 2093 ἀκτῖνας
2656 2031 3016 2104 ὑποδέχεσθαι
3042 2035 3133 2090 διὰ
3149 2039 3248 2107 τῆς
3266 2036 3379 2091 τῶν
3400 2039 3615 2109 ἀρετῶν
3637 2039 3997 2110 τελειότητος

2406 2123 2843 2196 ἐπιτηδειότερον
2861 2126 3053 2181 ἑαυτὴν
3072 2129 3523 2200 παρασκευάσας,
3544 2132 3623 2192 είς
3644 2130 3999 2201 ὑψηλοτέραν

2407 2217 2785 2287 ἀνηνεγμένην
2806 2217 3045 2288 θεωρίαν
3068 2221 3169 2290 τὴν
3192 2218 3359 2274 αὐτοῦ
3385 2221 3688 2290 κατάληψιν
3713 2221 3994 2292 έπιδείξη·

2409 2309 2506 2362 καὶ
2538 2308 2694 2376 λόγον
2723 2309 2834 2363 τῶν
2871 2311 3240 2382 ἠπορημένων
3266 2311 3557 2377 ἀποδώσει,
3585 2311 3670 2380 ἐφ’
3703 2312 3764 2364 ὃν
3792 2313 3864 2365 οὐ
3893 2314 3991 2382 ῥᾴ-

2406 2400 2519 2453 διον
2566 2400 2881 2455 ἀναϐαίνειν
2911 2401 3061 2464 ὅσοις
3099 2398 3198 2473 τῆς
3239 2401 3348 2455 τῶν
3391 2403 3598 2472 γηΐνων
3632 2403 3997 2472 ἀναστροφῆς

2410 2488 2792 2558 ἀπαλλαγῆναι
2817 2490 2895 2561 μή
2919 2489 3163 2558 γέγονεν.
3202 2490 3356 2559 Ἐμοὶ
3379 2490 3436 2544 δὲ
3459 2489 3626 2559 μηδὲν
3649 2490 3760 2543 τῶν
3778 2491 3997 2561 ὑψηλο-

2408 2583 2585 2653 τέρων
2608 2582 2830 2654 ἐμαυτῷ
2857 2583 3143 2645 συνειδότι,
3163 2583 3376 2652 καὶτῆς
3398 2585 3539 2636 κατά
3565 2583 3664 2653 τὴν
3686 2585 3997 2655 παροικίαν

2410 2675 2635 2744 ἀγωγῆς
2681 2673 2836 2730 οὔπω
2878 2677 2991 2739 τοῖς
3037 2675 3316 2744 λογισμοῖς
3361 2676 3788 2745 μεταναστάντι,
3832 2675 3875 2728 ἃ
3925 2676 3996 2745 δὴ

2412 2767 2675 2836 πάρεστιν
2702 2765 2766 2820 εκ
2799 2784 2859 2820 τε
2885 2766 2989 2836 τῆς
3024 2765 3133 2819 τῶν
3164 2765 3375 2832 Λογίων
3407 2767 3635 2836 μελέτης
3665 2766 3763 2819 καὶ
3790 2765 3900 2835 τῆς
3935 2769 3998 2818 έν

2411 2859 2595 2921 αὐτοῖς
2623 2859 2954 2926 γυμνασίας,
2984 2856 3085 2923 τῆς
3108 2857 3316 2911 ἀνωθεν
3341 2859 3474 2926 ἡμῖν
3499 2857 3998 2927 συνεφαπτομένης

2413 2950 2810 3021 περιγεγονότα
2847 2951 3143 3020 προνοίας,
3186 2953 3300 3012 τοῖς
3330 2949 3446 3002 ὅσοι
3479 2949 3663 3018 κοινὴν
3696 2950 3800 3019 τὴν
3826 2949 3998 3001 εὐσέ-

2414 3037 2587 3099 ϐειαν,
2622 3037 2718 3091 καὶ
2744 3039 2838 3090 τὸν
2865 3039 2955 3091 ἔπ’
2985 3039 3123 3107 αὐτῇ
3159 3037 3320 3106 ζῆλον
3349 3038 3732 3106 κεκτημένοις,
3766 3039 3994 3092 laom-

2418 3144 2532 3182 σιον
2561 3131 2642 3192 είς
2673 3128 2862 3199 κοινὴν
2897 3128 3168 3197 ὠφέλειαν
3199 3124 3479 3200 προθεῖναι
3516 3130 3579 3182 τὸ
3610 3128 3900 3199 πρόθυμον
3932 3131 3994 3184 οὗ

2407 3219 2857 3290 περιοφθήσεται.
2915 3220 3162 3288 Ὀμοφυῆ
3213 3221 3314 3290 μὲν
3359 3215 3456 3274 οὖν
3492 3222 3610 3273 ἑστι
3661 3221 3858 3290 Πατὴρ
3901 3222 3996 3274 καὶ

2410 3311 2536 3374 ru;
2567 3312 2662 3364 καὶ
2692 3310 2951 3381 Πνεῦμα,
2981 3313 3076 3365 καὶ
3104 3311 3168 3364 τὸ
3205 3312 3307 3381 τῆς
3341 3311 3535 3382 βουλῆς
3565 3313 3662 3366 καὶ
3697 3312 3996 3381 δυνάμεως

2408 3404 2505 3458 καὶ
2544 3403 2823 3474 βασιλείας
2868 3405 3064 3473 ὲνορᾷν
3102 3403 3253 3456 ἐστιν
3293 3405 3477 3466 αὐτοῖς
3521 3403 3955 3472 ἀπαράλλακτον
3978 3424 3992 3436 ·

2409 3497 2505 3549 καὶ
2531 3495 2597 3564 δὴ
2631 3498 2726 3548 καὶ
2761 3495 2874 3549 τῶν
2909 3494 3088 3549 ἀλλων
3112 3495 3437 3566 θεοπρεπῶν
3464 3511 3525 3546 τε
3555 3497 3646 3546 κιὶ
3687 3496 3993 3565 ὑπερφυῶν

2407 3589 2711 3658 ὀνομάτων,
2734 3587 2803 3640 δι’
2829 3580 2906 3641 ὧν
2930 3589 2965 3658 ἡ
2987 3587 3322 3658 ὕπεράρχιος
3342 3587 3439 3640 καὶ
3461 3586 3728 3656 ὑπέρθεος
3756 3587 3993 3658 θεαρχία

2408 3678 2875 3745 κατονομάζεταιο
2909 3675 3025 3728 ἀλλ’
3055 3671 3149 3729 οὖν
3175 3677 3204 3728 ό
3237 3675 3424 3746 Πατὴρ
3458 3675 3631 3736 αἴτιος
3654 3675 3768 3728 τῶν
3797 3677 3858 3742 ἐξ
3893 3678 3990 3729 αὒ-

2408 3769 2504 3822 τοῦ
2536 3767 2893 3837 πεφυκότων,
2920 3767 3015 3820 τοῦ
3057 3768 3157 3836 μὲν
3194 3770 3334 3820 κατὰ
3363 3768 3465 3836 τὴν
3504 3769 3776 3836 γέννησιν,
3807 3767 3906 3820 τοῦ
3935 3769 3991 3821 δὲ

2409 3858 2552 3912 κατὰ
2577 3858 2676 3928 τὴν
2705 3859 3032 3927 έκπόρευσιν
3051 3899 3067 3922 ,
3103 3859 3184 3920 είς
3211 3858 3376 3912 αὑτὸν
3415 3858 3493 3921 ὡς
3524 3860 3603 3920 εἰς
3633 3859 3817 3929 ἀρχὴν
3847 3876 3990 3928 συμ-

2409 3947 2579 4017 φυοῦς
2607 3963 2670 4000 τε
2710 3949 2807 4000 καὶ
2841 3946 3114 4016 συνάρχου
3149 3947 3482 4018 προαγωγῆς
3527 3948 3986 4016 ἀναφερομένων.

2421 4038 2562 4091 Ἀλλ’
2609 4037 2748 4107 αῦτη
2795 4037 2897 4107 μὲν
2937 4038 2972 4107 ἡ
3021 4037 3280 4100 ἀπόδοσις
3316 4037 3407 4089 τὸν
3454 4035 3674 4104 Πατέρα
3707 4037 3988 4090 δείκνυσιν

2408 4129 2646 4196 εὐλόγως
2683 4127 2792 4180 τῶν
2836 4127 2897 4194 ἐξ
2929 4128 3099 4182 αὑτοῦ
3146 4126 3546 4197 προτετάχθαι,
3577 4127 3769 4180 οὐκέτι
3799 4129 3860 4181 δὲ
3897 4131 3988 4182 καὶ

2407 4219 2542 4273 διότι
2583 4218 2679 4272 τοῦ
2725 4218 3043 4289 Πνεύματος
3070 4221 3099 4271 ὁ
3139 4217 3290 4279 Υίός.
3340 4202 3640 4290 Κοιωτέρα
3667 4219 3725 4272 δὲ
3773 4219 3985 4290 μεθόδῳ

2407 4308 2792 4381 προεληλυθὼς
2818 4309 2849 4362 ό
2874 4309 3045 4376 Λόγος
3069 4308 3368 4378 ἀναφανείη
3397 4311 3425 4362 ὁ
3453 4309 3550 4378 τὴν
3580 4311 3984 4381 συναρίθμησιν

2405 4403 2506 4472 τῆς
2552 4402 2852 4474 ὑπεραγιου
2902 4401 3133 4470 Τριάδος
3189 4402 3269 4463 είς
3320 4401 3421 4471 τὴν
3477 4400 3578 4469 τῆς
3631 4401 3985 4470 έπιγνὼσεως

731 4504 877 4568 gnat.
903 4497 1086 4552 Primo
1116 4499 1262 4552 enim
1291 4497 1577 4551 hominum
1607 4495 1816 4551 notioni
1857 4497 2099 4551 occurrit
2124 4494 2303 4560 Pater,

2413 4497 2644 4549 ἑκάστου
2675 4491 3137 4564 καταρρυθμίζων
3159 4493 3336 4557 τάξιν.
3383 4492 3570 4579 Πατὴρ
3609 4492 3710 4562 μὲν
3738 4493 3855 4564 γὰρ
3897 4495 3985 4546 ἀν-

731 4590 927 4645 deinde
959 4588 1152 4653 Filius,
1201 4599 1256 4642 et
1302 4603 1398 4658 per
1439 4586 1642 4640 Filium
1676 4585 1913 4656 Spiritus
1961 4595 2209 4641 sanctus.
2246 4585 2310 4638 Et

730 4683 949 4750 quidem
996 4696 1026 4735 a
1059 4680 1259 4735 divinis
1293 4688 1484 4732 mutuo
1531 4678 1780 4747 personis
1807 4677 2040 4732 revelata
2069 4675 2174 4730 fuit
2212 4675 2312 4730 bo-

731 4773 972 4827 minibns
1004 4771 1341 4841 singularum
1380 4771 1611 4834 notitia;
1655 4767 1815 4822 l‘atre
1863 4768 2081 4822 caelitus
2111 4765 2308 4820 Filium

731 4864 1084 4927 ostendente;
1136 4862 1344 4932 Spiritu
1387 4871 1571 4915 autent
1612 4860 1864 4914 eumdem
1893 4876 1988 4928 per
2014 4862 2308 4914 adventum

729 4972 890 5012 suum
932 4965 1305 5022 contestante;
1356 4952 1493 5007 Filio
1539 4967 1734 5007 rursus
1779 4950 1992 5007 Patrem
2048 4952 2311 5005 honoriﬁ-

727 5055 919 5109 cnnte,
953 5054 1115 5114 atque
1173 5044 1524 5098 illustriorem
1579 5042 1752 5097 sacris
1789 5042 1905 5096 suis
1957 5042 2309 5097 sermonibus

726 5137 1027 5198 eﬂicieute,
1090 5133 1464 5203 Spiritumque
1527 5131 1596 5186 ad
1663 5133 1965 5201 discipulos
2020 5134 2306 5200 mittente;

730 5227 935 5296 Spiritu
981 5226 1220 5297 denique
1272 5226 1392 5296 ipso
1426 5224 1549 5279 Filii
1588 5225 1968 5279 auctoritatem
2001 5225 2307 5296 proprieta-

727 5328 947 5387 temque
985 5318 1236 5374 lirmante
1266 5336 1280 5372 :
1320 5333 1482 5373 nemo
1505 5317 1653 5372 enim
1685 5327 1864 5387 potest
1901 5317 2085 5374 dicere
2120 5317 2305 5374 Domi-

728 5425 859 5465 nutu
888 5408 1101 5474 Iesum,
1127 5411 1229 5466 nisi
1270 5409 1326 5464 in
1361 5408 1564 5481 Spiritu
1595 5418 1802 5466 saneto.

2407 4585 2648 4657 θρώποις
2676 4583 2797 4637 κατ’
2825 4584 3002 4654 ἀρχὰς
3032 4582 3112 4644 είς
3139 4582 3341 4650 γνῶσιν
3377 4573 3544 4651 ἧκενο
3591 4580 3789 4634 ιπειτα
3829 4582 3982 4644 Υἱός.

2404 4680 2501 4733 καὶ
2529 4678 2617 4730 διὰ
2637 4675 2731 4729 τοῦ
2757 4675 2888 4728 Υίοῦ
2915 4675 2976 4727 τὸ
2999 4672 3223 4743 Πνεῦμα
3247 4673 3308 4724 τὸ
3335 4672 3510 4740 ἀγιον.
3541 4672 3606 4724 Εἰ
3628 4672 3741 4742 γὰρ
3766 4673 3870 4726 καὶ
3896 4676 3983 4726 ὑπ’

2406 4770 2654 4839 ἀλλήλων
2679 4767 2789 4820 τῶν
2819 4764 3128 4834 θεαρχικῶν
3153 4763 3504 4817 ὑποστάσεων
3531 4766 3643 4825 τοῖς
3666 4764 3980 4835 ἀνθρώποις

2407 4864 2443 4934 ἡ
2476 4861 2681 4930 γνῶσις
2711 4857 2946 4912 ἑκάστου
2997 4855 3353 4924 ἀπεκαλύφθη
3379 4896 3395 4919 ,
3427 4854 3639 4924 Πατρος
3683 4856 3790 4924 μὲν
3825 4856 3982 4924 οὐρα.

2407 4953 2565 5006 νόθεν
2597 4951 2692 5002 τὸν
2723 4947 2853 5002 Υίδν
2876 4948 3305 5009 έπιδεικνύντος·
3332 4943 3428 4998 τοῦ
3456 4944 3803 5014 Πνεῦματος·
3827 4946 3887 5000 δὲ
3918 4949 3978 5016 τῇ

2405 5043 2749 5112 έπιφοιτήσει
2797 5037 3359 5110 συμμαρτυροῦντοςο
3392 5035 3524 5089 Υἰοῦ
3573 5035 3630 5089 δὲ
3678 5037 3850 5090 πάλιν
3896 5039 3982 5091 τὸν

2406 5135 2628 5204 Πατέρα
2652 5131 2968 5199 δοξάζοντός
2990 5147 3050 5182 τε
3071 5129 3166 5183 καὶ
3186 5129 3650 5199 περιφανέστερον
3671 5127 3978 5196 θεολογοῦν-

2403 5243 2520 5290 τος,
2549 5226 2642 5279 καὶ
2677 5225 2786 5296 μὴν
2807 5223 2903 5278 καὶ
2927 5224 2989 5276 τὸ
3019 5221 3246 5291 Πνεῦμα
3272 5222 3385 5283 τοῖς
3411 5220 3682 5291 μαθηταῖς
3711 5222 3977 5276 ἀποστέλ-

2403 5315 2588 5378 λοντος
2607 5331 2622 5345 ο
2650 5314 2786 5366 ἀλλὰ
2812 5313 2923 5383 γὰρ
2950 5311 3044 5364 καὶ
3088 5308 3186 5362 τοῦ
3215 5307 3533 5376 Πνεῦματος
3573 5310 3666 5364 τὸν
3717 5311 3851 5364 Υιδν
3881 5329 3974 5363 κν-

2414 5406 2804 5478 ριολογοῦντος.
2858 5402 3051 5465 Οὐδεὶς
3099 5402 3208 5471 γὰρ
3259 5400 3482 5454 δύναται
3535 5402 3716 5456 είπεῖν
3773 5401 3974 5474 Κύριον

2420 5499 2651 5570 Ἰησοῦν,
2689 5500 2736 5552 εί
2764 5507 2791 5548 '1
2821 5496 2896 5569 μὴ
2926 5499 2984 5551 ἐν
3014 5495 3156 5566 ἀγίῳ
3186 5495 3476 5566 Πνεῦματι.

2012 5673 2244 5731 γΑιιιΑε
2284 5672 2574 5730 ιΕοΤιοΝ
2581 5673 2684 5728 ES.

805 5828 876 5898 (τι)
909 5827 1175 5884 l'articnla
1199 5826 1248 5880 εί
1277 5826 1619 5883 desideratur
1644 5825 1697 5881 in
1725 5826 1932 5883 codice.
