4162 6442
122 387 221 451 917

1066 387 1167 446 AD
1202 383 1791 447 AMPHILOCHIUM
1839 385 2184 459 QUESTIO
2219 387 2380 449 CXC.

3234 385 3341 453 918

190 499 255 569 β’.
287 499 348 551 Ei
370 492 463 553 οὖν
492 498 585 551 καὶ
614 499 682 552 δι’
723 497 966 568 ἀλλήλων
1002 497 1037 567 ἢ
1083 497 1203 562 ἑνὸς
1230 498 1407 553 αὐτῶν
1440 499 1671 553 ἑκάστου

1841 498 1895 553 2.
1930 498 2072 569 Ergo
2131 508 2246 555 tum
2280 498 2519 555 vicissim
2575 508 2686 555 tum
2717 499 2880 554 ctiam
2910 514 3110 554 eruna
3144 515 3338 568 perso-

125 589 365 660 πρόιισιν
393 589 720 659 ἐκφαντορία
748 589 849 652 καὶ,
890 587 1214 658 κατάληψις.
1244 589 1320 652 ὡς
1346 588 1413 643 ἂν
1460 589 1554 643 καὶ⁵
1585 589 1673 643 διά

121 679 321 733 τούτων
351 680 431 741 είς
454 680 523 759 ,τὸ
553 679 649 745 τῆς
679 679 957 748 συμφυΐας
985 678 1402 748 ἀπαράλλακτον
1429 679 1518 732 τὸν
1549 678 1673 733 νοῦν

119 773 338 839 ἀνάγειν
354 770 535 825 εύοδού
542 788 700 841 μενον
722 770 954 841 ἔχωμεν·
972 770 1067 823 καὶ
1085 770 1276 840 ὅτιπερ
1294 765 1376 832 οἷς
1419 763 1674 840 καθαρῶς

118 878 176 915 τε
207 862 298 915 καὶ
324 862 631 932 εἰλικρινῶς
662 861 791 930 μίαν
823 861 933 915 τῶν
978 843 1385 931 μακαρίωνκαὶ
1415 861 1676 930 δημιουρ-

120 952 229 1019 γῶν
252 953 599 1007 ύποστάσεων
621 953 815 1006 εἰδέναι
845 953 1183 1023 κεχάρισται,
1209 951 1417 1016 τούτοις
1446 953 1539 1006 καὶ
1568 952 1675 1006 τῶν

120 1042 319 1095 λοιπῶν
355 1044 388 1113 ἡ
436 1042 637 1110 γνῶσις
679 1042 1119 1107 συνδιασώζεται.
1160 1043 1220 1095 ’0
1252 1043 1358 1113 γάρ
1398 1042 1552 1106 εἰδὼς
1585 1043 1677 1097 τὸν

122 1132 339 1200 Πατέρα
368 1128 603 1187 οἶδε’καὶ
634 1132 726 1186 τὸν
761 1134 907 1187 Υίόν·
936 1133 1033 1186 καὶ
1058 1134 1088 1186 ὁ
1130 1133 1221 1187 τὸν
1260 1133 1387 1187 Υίδν
1421 1134 1676 1201 ιπιγνοὺς

120 1223 262 1275 κατὰ
285 1222 385 1293 τὴν
408 1223 484 1287 ὡς
511 1224 569 1277 εν
592 1225 903 1308 ἀνθρώποις
926 1225 1029 1295 τῆς
1058 1224 1311 1293 γνώσεως
1336 1224 1674 1297 τελειότητα,

121 1314 246 1369 οὐδὲ
275 1314 371 1383 τῆς
402 1314 592 1393 ὁμοίας
623 1315 969 1383 ὶπιγνώσεως
1002 1318 1097 1370 τοῦ
1128 1319 1339 1388 [ἰατρὸς
1369 1318 1678 1389 ἀπεστέρη-

119 1422 233 1458 ται.
264 1404 538 1466 Ὠσαύτως
578 1406 635 1460 δὲ
663 1406 757 1459 καὶ
785 1406 879 1458 τοῦ
911 1407 1250 1477 Πνεύματος,
1280 1408 1309 1460 δ
1332 1407 1402 1460 τὰ
1421 1407 1558 1475 βάθη
1584 1407 1679 1460 τοῦ

121 1494 258 1547 Θεοῦ
295 1494 544 1566 διερευνᾷ
587 1496 682 1550 καὶ
713 1496 1091 1557 ἀποκαλύπτει
1129 1500 1239 1560 τοῖς
1264 1495 1570 1568 ἀνθρώποις
1610 1497 1681 1550 τά

123 1586 331 1657 κρύφια
356 1602 415 1639 τε
446 1586 555 1641 τῶν
582 1586 921 1662 μαθημάτων
956 1587 1051 1641 καὶ
1074 1587 1409 1656 τελειότερα.
1437 1592 1464 1641 ὸ
1489 1588 1679 1641 τούτου

1776 605 1968 644 narum
2006 592 2200 645 barum
2260 601 2443 645 manat
2483 591 2773 661 cujuslibet
2809 592 3127 646 earumdem
3161 592 3339 645 mani-

1775 682 1988 737 festatio
2038 692 2200 751 atque
2252 683 2703 750 comprehensio;
2755 682 2826 737 ita
2875 691 2936 736 ut
2972 697 3069 751 per
3144 683 3243 736 has
3272 682 3338 735 ad

1773 773 2110 842 congenitam
2164 772 2668 843 indiﬂ’erentemque
2700 783 2945 828 naturam
3004 780 3185 826 mente
3212 788 3338 840 per-

1776 863 1980 932 tingere
2011 863 2236 919 feliciter
2262 865 2553 933 possimus.
2589 864 2707 919 Jam
2741 865 2941 932 quibus
2968 877 3104 932 pure
3177 871 3341 929 atque

1776 958 2057 1026 perspicue
2083 970 2245 1011 unam
2270 973 2337 1011 ex
2367 958 2453 1012 his
2484 958 2656 1017 beatis
2704 957 3171 1024 creatricibusque
3222 969 3344 1023 per-

1777 1046 1927 1101 sonis
1975 1061 2303 1116 c0gnoscere
2360 1048 2547 1101 datum
2606 1057 2708 1112 est,
2763 1047 2954 1101 iisdem
3009 1046 3341 1115 reliquarum

1776 1151 1993 1205 quoque
2049 1138 2284 1205 cognitio
2336 1147 2552 1206 peracta
2601 1145 2707 1193 est.
2747 1138 2882 1192 Nam
2929 1138 3021 1206 qui
3057 1137 3206 1191 novit
3241 1134 3343 1189 Pa-

1778 1236 1937 1290 trem,
1992 1228 2132 1283 idem
2194 1225 2345 1283 novit
2382 1238 2433 1283 et
2494 1228 2731 1282 Filium:
2777 1238 2831 1283 et
2876 1230 2967 1297 qni
2999 1226 3198 1281 Filium
3242 1242 3342 1295 pro

1779 1318 2029 1387 possibili
2087 1318 2409 1373 mortalibus
2437 1319 2765 1387 cognitionis
2792 1320 2960 1387 gradu
2994 1319 3164 1383 novit,
3201 1318 3248 1371 is
3280 1331 3349 1370 ne

1781 1408 1898 1477 pari
1928 1409 2146 1478 quidem
2207 1410 2382 1465 Patris
2432 1412 2622 1465 notitia
2671 1419 2839 1465 caret.
2896 1410 3156 1463 Similiter
3182 1408 3347 1462 etiam

1782 1499 2038 1567 Spiritus,
2102 1500 2196 1568 qui
2240 1499 2507 1570 profunda
2542 1501 2630 1555 Dei
2667 1501 3007 1555 scrutatur“
3053 1509 3215 1568 atque
3247 1499 3347 1552 lio-

1783 1590 2022 1644 miuibus
2077 1590 2395 1644 sublimiora
2452 1591 2819 1645 doctrinarum
2854 1606 3054 1645 arcana
3086 1590 3288 1644 revelat
3327 1606 3342 1645 :

122 1678 221 1745 τὴν
256 1677 489 1747 μάθησιν
523 1676 789 1748 εἰλικρινῆ
818 1676 1018 1743 λαϐὼν,
1049 1678 1172 1731 οὐδὲ
1202 1678 1301 1745 τῆς
1330 1677 1685 1748 Θεολογούσης

1791 1680 1969 1750 hujus,
2001 1680 2247 1749 inquam,
2282 1680 2327 1734 si
2364 1680 2488 1749 quis
2539 1681 2827 1750 perspicua
2887 1680 3080 1734 notitia
3105 1679 3351 1733 imbutus

121 1766 211 1819 τὸν
256 1766 472 1837 Πατέρα
517 1768 830 1836 θεοσοτρίας.
866 1768 927 1822 οὐ
972 1768 1079 1839 μὴν
1114 1768 1235 1822 οὐδὲ
1279 1768 1378 1838 τῆς
1422 1769 1511 1821 τὸν
1559 1768 1685 1822 Υίδν

1791 1768 1971 1835 fuerit,
2022 1770 2163 1823 idem
2193 1784 2262 1824 ne
2292 1768 2474 1825 Patris
2498 1771 2736 1839 quidem
2776 1770 3133 1838 theologicam
3161 1768 3352 1836 cogni-

126 1831 707 1928 συμμυσταγωγούσης
749 1831 1125 1927 ⁴Ιῑλλοτρίιιινιξαι.
1179 1831 1453 1911 Ἀλλ”οῦν
1500 1858 1548 1910 εί
1593 1857 1688 1911 καὶ

1791 1831 1991 1912 tionem
2055 1856 2348 1922 desiderat,
2404 1831 2579 1926 neque
2617 1858 2764 1913 illius
2812 1873 2933 1927 qua:
2967 1831 3090 1910 Filii
3151 1831 3353 1925 pariter

123 1948 269 2001 οὕτω
313 1948 485 2000 ταῦτα
536 1950 840 2019 ὲναρμονίῳ
878 1952 1141 2019 συναφείᾳ
1194 1949 1543 2004 διαπλέκεται
1592 1948 1688 2003 καὶ

1791 1947 2061 2001 notionem
2098 1946 2356 2017 impertit.
2415 1947 2521 2001 Sed
2568 1948 2712 2002 enim
2754 1963 3067 2017 quanquam
3120 1947 3221 2001 hac
3256 1948 3356 2000 do-

126 2038 485 2102 ἀναπλοῦται,
516 2039 615 2092 οὐκ
643 2039 834 2104 ἄδηλον
860 2038 936 2102 ὡς
968 2041 1001 2108 ή
1036 2040 1134 2109 μὲν
1171 2039 1265 2092 τοῦ
1296 2038 1509 2109 Πατρδς
1537 2038 1690 2107 φωνὴ

1791 2040 1977 2093 ctrina
2011 2038 2327 2093 harmonica
2350 2037 2543 2108 capula
2597 2039 2740 2093 inter
2789 2054 2848 2093 se
2877 2040 3152 2094 cobmrent
3186 2048 3352 2104 atque

127 2128 305 2198 χρόνῳ
349 2128 611 2198 πρότερον
643 2127 953 2199 ἀνθρώποις
988 2128 1328 2200 ιπεγνώσθη,
1362 2129 1456 2182 καὶ
1490 2128 1689 2198 μᾶλλον

1791 2131 2019 2186 invicem
2073 2131 2411 2195 illuminant,
2444 2145 2552 2184 non
2599 2139 2777 2185 tamen
2811 2128 3149 2198 ignoramus,
3179 2125 3355 2178 Patris

127 2220 273 2288 ἤπερ
316 2220 348 2288 ἡ
394 2220 486 2271 τὸν
536 2219 665 2272 Υίδν
701 2219 934 2292 δηλοῦσα
985 2220 1221 2291 συνήθης
1261 2220 1452 2281 ἀκοαῖς
1498 2218 1690 2287 ἐγεγό-

127 2326 208 2361 νει
235 2309 369 2377 (76)°
398 2311 458 2363 τὸ
482 2310 540 2363 δέ
566 2326 627 2377 γε
661 2310 814 2380 ῥῆμα
840 2309 932 2363 τοῦ
966 2309 1283 2379 Πνεύματος
1301 2350 1317 2376 ,
1343 2311 1392 2363 εί
1425 2310 1521 2363 καὶ
1551 2310 1689 2380 μᾶλ-

127 2400 219 2452 λον
261 2400 294 2471 ῆ
342 2404 442 2470 την
486 2400 578 2467 ¹ιςοῦ
629 2401 757 2455 Υίοῦ
808 2401 999 2471 κλῆσιν
1037 2404 1070 2472 ἡ
1121 2401 1364 2464 Μωσέως
1411 2401 1690 2455 ἐδίδασκεν

132 2490 366 2561 ἱστορία,
414 2491 550 2561 πλὴν
593 2492 693 2544 οὐκ
734 2486 803 2561 ἦν
844 2489 988 2544 οὕτω
1022 2490 1246 2544 δυνατὸν
1291 2490 1480 2561 ὥσπερ
1521 2490 1555 2560 η
1597 2486 1691 2542 τοῦ

130 2580 269 2635 Υἱοῦ
317 2581 655 2653 προσηγορία
703 2580 797 2634 τοῦ
828 2579 1234 2634 αὐθυπόστατον
1281 2580 1694 2648 συνεισαγαγεϊν

131 2672 219 2724 ἐπ’
250 2670 419 2739 ἄμφω
442 2670 539 2739 τὴν
573 2671 765 2740 ῥοπήν·
800 2670 902 2739 τῆς
934 2670 1115 2740 φωνῆς
1144 2669 1431 2742 ἀδιάφορον
1466 2669 1695 2741 ἐχούσης

131 2760 226 2815 δπί
261 2776 320 2813 τε
357 2760 467 2813 τῶν
498 2759 918 2813 αύθυποστάτων
968 2758 1229 2831 φέρεσθαι
1252 2799 1269 2822 ,
1299 2760 1395 2813 καὶ
1445 2761 1538 2813 ἐπὶ
1587 2761 1695 2813 τῶν

135 2852 338 2923 μέρους
392 2851 512 2904 τινὰ
562 2850 720 2918 λόγον
767 2852 867 2921 τῆς
922 2851 1273 2914 ὑποστάσεως
1322 2850 1699 2921 ἀναπληρούν-

130 2960 242 2995 των
268 2942 398 3011 (77)⁶
425 2941 518 2994 καὶ
539 2939 790 2994 τοσοῦτον
822 2941 989 2993 ἐνέδει
1025 2942 1125 3007 τὴν
1155 2940 1430 3011 θεοπρεπῆ
1464 2941 1699 3010 μάθησιν

132 3032 230 3085 τοῦ
265 3030 577 3100 Πνεύματος
606 3031 639 3100 ἡ
668 3030 859 3098 κλῆσις
898 3030 1183 3099 παρέχειν,
1217 3031 1293 3093 ὡς
1322 3031 1418 3084 καὶ
1455 3030 1565 3084 τῶν
1596 3032 1697 3084 ἀν-

1792 2223 2112 2278 vocabuium
2165 2221 2349 2292 priore
2395 2228 2637 2291 tempore
2672 2219 2984 2274 hominibus
3028 2218 3352 2279 innotuisse,

1792 2308 2239 2379 frequentiusque
2284 2323 2445 2364 aures
2500 2306 2981 2371 circumsonuisse,
3022 2320 3186 2376 quam
3234 2303 3355 2358 Filii

1794 2417 2011 2457 nomen.
2045 2400 2163 2455 Jam
2198 2412 2253 2456 et
2284 2399 2522 2469 Spiritus
2552 2398 2873 2477 vocabulum
2901 2397 3004 2452 etsi
3046 2396 3356 2451 evidentius

1794 2506 1956 2561 quam
2015 2490 2136 2545 Filii
2166 2488 2402 2544 Hosaica
2437 2488 2663 2543 historia
2703 2488 2908 2547 docuit.
2944 2487 2994 2539 id
3027 2494 3209 2539 tamen
3245 2498 3353 2537 non

1794 2587 1963 2641 tantis
1993 2586 2200 2640 viribus
2222 2585 2477 2655 pollebat,
2515 2583 2732 2652 quantis
2768 2581 2891 2636 Filii
2934 2578 3245 2649 appellatio,
3290 2576 3359 2631 ad

1798 2674 2129 2732 suadendam
2192 2675 2478 2743 utriusque
2530 2672 2862 2727 individuam
2920 2669 3355 2726 subsistentiam.

1796 2764 2055 2820 Vocabuli
2086 2765 2229 2819 enim
2274 2762 2509 2832 Spiritus
2536 2752 2861 2833 ambiguitas
2904 2770 3019 2815 tum
3053 2760 3119 2814 ad
3150 2773 3213 2813 ea
3239 2771 3361 2826 qua:

1799 2872 1893 2927 per
1942 2872 2001 2912 se
2056 2857 2362 2912 subsistunt
2419 2855 2672 2919 trahitur,
2722 2862 2833 2907 tum
2881 2851 2950 2906 ad
3001 2866 3065 2905 ea
3092 2866 3215 2919 quae
3246 2852 3361 2902 vice

1799 2948 2201 3018 quodammodo
2254 2947 2572 3002 substantia:
2645 2944 2960 3013 funguntur.
2992 2942 3168 3010 Atque
3224 2940 3362 2993 adeo

1801 3042 1976 3108 impar
2017 3047 2152 3097 erat
2173 3037 2459 3107 appellatio
2498 3036 2611 3089 haec
2642 3034 2958 3090 exhibendae
2980 3031 3158 3101 dignae
3186 3028 3363 3098 Spiri-

134 3120 373 3191 ϐρώπιιιν
404 3120 560 3190 μερὶς
598 3119 659 3173 οὐ
702 3119 929 3206 βραχεῖα
968 3121 1081 3181 τοῖς
1114 3121 1425 3183 Μωσαῖκοῐς
1466 3122 1698 3188 ὲγκαταυ

1803 3136 1889 3183 tus
1932 3128 2156 3193 notitias,
2203 3136 2263 3182 ut
2310 3141 2437 3197 pars
2472 3125 2748 3179 hominum
2804 3140 2911 3177 non
2945 3124 3141 3191 exigua
3171 3135 3358 3175 eorum

134 3206 425 3275 γηράσαπα
458 3205 662 3275 νόμοις,
683 3197 932 3276 οὐδαμῶς
956 3204 1114 3275 ισχεν
1136 3207 1467 3276 ἀνασχέσθαι
1488 3207 1587 3278 τὴν
1606 3208 1697 3261 τοῦ

136 3295 405 3363 παναγίου
450 3296 763 3366 Ηνεύματος
814 3295 1107 3350 ὑπόστασιν
1139 3297 1421 3366 ὁμολογεῖν
1442 3313 1457 3327 ο
1509 3297 1699 3367 ῶσπερ

135 3386 265 3439 οὐδὲ
292 3385 388 3457 τὴν
416 3385 524 3439 τῶν
554 3386 800 3454 ἀγγέλων
830 3384 1010 3454 φύσιν.
1038 3385 1194 3439 Οὕτω
1238 3386 1345 3439 τῶν
1386 3386 1698 3440 Μωσαῖκῶν

135 3477 484 3547 γραμμάτων
526 3476 587 3530 τὸ
616 3479 742 3549 περὶ
774 3475 872 3548 τὴν
908 3476 1208 3545 ὀνομασίαν
1248 3474 1343 3529 τοῦ
1384 3475 1700 3546 Πνεύματος

134 3569 464 3640 πρόχειρον,
511 3566 779 3638 ἄχρηστον
822 3569 916 3621 καὶ
945 3568 1129 3629 αὐτοῖς
1174 3584 1239 3637 γε
1278 3569 1392 3630 τοῖς
1430 3566 1702 3631 Ἰουδαίοις

136 3659 402 3729 κατέστη·
451 3658 526 3722 ὡς
574 3659 694 3711 κατ’
735 3658 867 3712 αὑτό
895 3674 959 3727 γε
1002 3658 1159 3711 τοῦτο
1202 3658 1277 3729 μὴ
1330 3659 1489 3728 μόνον
1538 3657 1701 3713 αὑτοῦ

137 3747 541 3819 προτάττεσθαι
582 3749 672 3801 τὸν
702 3749 848 3811 Τίον,
883 3748 1019 3803 ἀλλὰ
1058 3749 1153 3803 καὶ
1200 3750 1301 3802 ὅσα
1347 3752 1428 3811 είς
1468 3748 1565 3819 τὴν
1609 3746 1702 3803 τοῦ

142 3839 277 3895 Υίοῦ
307 3840 498 3909 κλῆσιν
534 3840 860 3909 συνάγεσθαί
889 3857 950 3893 τε
995 3840 1090 3893 καὶ
1117 3839 1415 3909 ἀνάγεσθαι
1445 3838 1703 3903 δύναται,

139 3932 399 4002 ἀφορμὴν
427 3930 793 4005 ὑπερεχούσης
810 3931 1035 3995 τάξεως,
1053 3932 1104 3983 εί
1129 3931 1228 3985 καῖ
1251 3932 1326 4001 μὴ
1353 3930 1587 3999 φύσεως,
1612 3931 1704 3983 εύ-

140 4025 379 4097 ρίσκειν.
411 4023 556 4076 Διότι
591 4022 700 4075 τῶν
738 4021 1005 4075 Ἰουδαίων
1035 4020 1213 4074 οὐδενὶ
1258 4020 1393 4091 πρὸς
1427 4021 1706 4095 ἀμφισϐή-

138 4131 307 4187 τησιν
341 4115 628 4185 περιέστη,
667 4114 695 4166 ὁ
720 4112 898 4182 λόγος,
926 4112 1089 4181 λέγω,
1120 4112 1211 4165 καὶ
1250 4114 1285 4182 η
1328 4111 1507 4176 δεξιὰ,
1548 4112 1645 4166 καὶ
1672 4113 1707 4183 η

139 4206 406 4274 δύναμις,
437 4205 530 4257 καὶ
561 4205 631 4258 τά
668 4204 861 4273 ὃμοια·
888 4201 1062 4266 οὐδεὶς
1100 4200 1209 4274 γὰρ
1250 4199 1453 4253 τούτων
1486 4200 1708 4271 ἔξαρνος

1800 3216 1893 3286 qui
1926 3215 2170 3270 Mosaicae
2228 3214 2326 3285 legi
2388 3214 2752 3275 adhaerebant,
2806 3226 3151 3282 nequaquam
3203 3210 3366 3263 vellet

1802 3305 2049 3377 Spiritus'
2087 3304 2259 3361 sancti
2295 3318 2583 3374 personam
2614 3301 2898 3367 conliteri;
2951 3298 3111 3354 sicuti
3165 3313 3233 3352 ne
3263 3314 3365 3351 an-

1804 3396 2044 3466 gelorum
2075 3397 2291 3465 quidem
2326 3403 2595 3449 naturam.
2625 3391 2712 3447 lta-
2732 3391 2995 3461 quidquid
3023 3390 3077 3444 in
3108 3388 3361 3443 Mosaicis

1804 3486 2001 3541 litteris
2023 3485 2089 3540 ad
2124 3500 2322 3541 nomen
2353 3485 2581 3554 spiritus
2622 3482 2943 3552 pertinebat.
2984 3479 3186 3534 ludatis
3234 3477 3368 3547 ipsis

1804 3577 1861 3633 in
1891 3592 2107 3633 cassqu
2171 3585 2308 3631 erat.
2346 3575 2525 3641 Quare
2550 3574 2620 3628 ob
2648 3572 2703 3627 id
2733 3586 2840 3626 non
2866 3572 3046 3627 solum
3083 3568 3223 3624 Filio
3253 3584 3363 3623 non

1802 3676 1887 3724 est
1918 3665 2312 3736 praponendus
2331 3664 2589 3734 Spiritus,
2620 3677 2806 3717 verum
2829 3663 2997 3716 etiam
3028 3673 3369 3730 quazcnnque

1805 3761 1860 3815 in
1906 3758 2028 3814 Filii
2073 3756 2491 3829 appellationem
2548 3754 2767 3824 congeri
2828 3761 3081 3822 possunt.
3135 3764 3368 3820 quaeque

1804 3851 1993 3907 eodem
2046 3850 2337 3913 deducunt,
2370 3846 2568 3917 prioris
2599 3843 2806 3898 ordinis
2854 3844 2965 3912 jus,
2991 3844 3036 3897 si
3062 3843 3244 3896 minus
3272 3856 3370 3895 na—

1807 3948 1962 4003 turae,
2024 3938 2437 3995 nanciscuntur.
2506 3934 2869 4002 Quamobrem
2929 3931 3119 3987 Judao
3166 3930 3371 3985 nemini

1808 4040 2154 4088 controversa
2184 4028 2405 4083 fuerunt
2434 4028 2568 4091 hac,
2602 4029 2825 4081 verbum
2883 4039 3098 4091 nempe,
3124 4023 3368 4084 dextera,

1809 4121 2004 4185 virtus,
2030 4128 2084 4175 et
2102 4118 2322 4174 similia.
2361 4116 2528 4171 Nemo
2571 4119 2768 4186 quippe
2821 4116 2916 4183 qui
2951 4114 3066 4168 haec
3096 4112 3374 4181 negaverit

1809 4217 2122 4279 compertus
2181 4216 2283 4273 est,
2339 4214 2435 4262 aut
2487 4207 2580 4275 qui
2613 4204 3130 4273 Patri‘impudenter
3151 4213 3372 4255 accom-

138 4296 340 4367 ὡροη,
391 4294 497 4347 οὐδ’
547 4294 876 4365 ἐφαρμόζειν
929 4292 1405 4363 ἀπηναισχύντησε
1453 4290 1698 4360 λέγεσθαι

1810 4300 2147 4367 modave'rit;
2180 4298 2430 4368 quamvis
2462 4296 2584 4352 Filii
2609 4310 2864 4366 persona,
2894 4308 3018 4362 qua
3047 4293 3243 4346 horum
3275 4303 3374 4343 no-

140 4384 324 4440 ταῦτα
349 4384 440 4437 τοῦ
464 4384 691 4454 Πατρός⁸
717 4386 766 4437 εἰ
785 4383 878 4437 καὶ
895 4384 1030 4455 ὅπερ
1051 4382 1261 4447 τούτοις
1281 4384 1399 4436 εστὶ
1422 4382 1698 4453 πρόϐλημα

1813 4387 2023 4442 minum
2057 4401 2255 4454 scopus
2300 4392 2355 4440 et
2383 4384 2740 4439 summarium
2767 4390 2871 4447 est,
2906 4395 3015 4435 non
3044 4395 3199 4449 aque
3228 4378 3372 4447 apud

144 4475 248 4528 καὶ
308 4474 780 4541 συγκεφαλαίωσις
829 4470 892 4525 τὸ
951 4470 1240 4541 πρόσωπον
1282 4470 1378 4523 τοῦ
1429 4470 1558 4523 Υίοῦ
1611 4470 1698 4539 οὐχ

1809 4494 2001 4535 omnes
2032 4480 2087 4534 in
2111 4478 2361 4533 confesso
2392 4476 2577 4531 fuerit.
2610 4475 2816 4530 Idcirco
2861 4474 3044 4542 itaque
3072 4474 3375 4528 secundum

142 4564 412 4633 ὁμοίωσις
460 4565 896 4634 συνομολογείται
937 4566 1102 4617 πᾶσιο
1134 4562 1308 4631 ταύτῃ
1348 4562 1456 4633 ἄρα
1489 4563 1698 4625 εἰκότως

1810 4572 1867 4628 in
1916 4571 2252 4627 numerando
2299 4570 2549 4625 ordinem
2584 4567 2756 4623 Filius
2780 4566 3014 4632 obtinet,
3050 4579 3161 4619 non
3200 4563 3377 4633 Spiri-

143 4656 250 4726 τὴν
276 4654 528 4722 δευτέραν
558 4654 699 4707 κατὰ
725 4654 823 4725 τὴν
864 4655 1162 4724 ἀρίθμησιν
1190 4654 1219 4706 ό
1248 4653 1374 4715 Υἱὸς
1396 4692 1413 4718 ,
1451 4652 1567 4705 ἀλλ⁹
1594 4652 1718 4723 οὐχὶ
1812 4671 1924 4717 ως,

145 4745 212 4799 τὸ
240 4743 470 4813 Πνεῦμα
491 4782 507 4809 ,
541 4745 726 4813 ἐπέχει
754 4743 928 4810 τάξιν.

221 4841 302 4905 γ’.
338 4835 414 4889 Ού
456 4835 561 4906 μὴν
598 4836 735 4890 me
778 4835 871 4890 καὶ
904 4835 1036 4889 διότι
1073 4832 1212 4905 μετά
1250 4832 1349 4906 τῆν
1392 4834 1551 4905 χάριν
1600 4834 1698 4903 ﬁta

1882 4836 1937 4889 3.
1979 4835 2075 4891 Est
2100 4836 2264 4891 etiam
2295 4834 2400 4890 alia
2430 4835 2505 4889 rei
2534 4849 2729 4899 causa,
2775 4833 2905 4902 quia
2950 4830 3201 4885 videlicet
3256 4838 3379 4899 post

147 4931 247 4982 τὸν
302 4927 431 4981 Υίδν
476 4926 789 4999 εοεολόγησε
848 4928 1147 4997 διαρρήδην
1194 4928 1228 4998 ἡ
1273 4926 1367 4979 τοῦ
1406 4924 1698 4995 Πνεύματοε

1822 4940 1941 4981 eam
1972 4930 2200 4995 gratiam
2245 4940 2366 4995 qua:
2407 4923 2526 4978 Filii
2558 4939 2772 4979 sacram
2804 4924 3053 4979 notitiam
3086 4922 3242 4976 nobis
3274 4921 3381 4975 ini-

148 5016 456 5088 εἱλικρινὴς
484 5015 715 5086 μάθησις
744 5014 983 5087 προῆλθε
1000 5030 1015 5045 ·
1040 5014 1135 5069 καὶ
1158 5014 1267 5085 γὰρ
1287 5016 1449 5086 ἡνίκα
1475 5015 1698 5085 πυρίνωι

1816 5016 2053 5087 pertivit,
2112 5029 2227 5072 tum
2256 5018 2473 5073 demum
2524 5016 2761 5088 Spiritus
2801 5016 3088 5086 perspicua
3135 5012 3382 5067 doctrina

225 5131 278 5163 “
309 5128 484 5188 lCor.
525 5146 585 5195 ιι,
618 5130 705 5185 l0.

1690 5220 1921 5278 NOTE.

234 5343 349 5414 (⁸16)
374 5339 573 5394 Confer
590 5338 764 5414 sancti
787 5338 1061 5414 Hippolyti
1092 5339 1295 5414 dictum
1324 5339 1379 5393 in
1403 5338 1626 5393 scholiis
1646 5341 1725 5414 _a_tl
1825 5344 1878 5393 in
1902 5339 2135 5414 epistolis
2173 5340 2243 5392 ad
2264 5338 2689 5414 Demetrianum,
2718 5337 2949 5414 Spiritus
2978 5338 3150 5414 sancti
3172 5340 3384 5414 omnino

160 5408 446 5470 Dahielem
492 5426 545 5478 p.
578 5410 667 5463 Η.
715 5408 1063 5479 ltem'recole
1094 5409 1345 5464 Pbotium
1391 5416 1586 5479 quam.
1634 5411 1724 5464 45.
1823 5419 1975 5479 negat
2008 5410 2401 5471 substantiam;
2442 5422 2490 5461 et
2521 5424 2699 5479 errore
2727 5408 2959 5460 Judnico
2988 5410 3119 5479 dicit
3149 5424 3268 5460 eum
3305 5412 3385 5463 vel

161 5485 274 5541 Sed
309 5475 764 5549 tamen'divinum
794 5475 1523 5549 Yerbum_propbetis_perte
1554 5476 1725 5535 fuisse
1822 5475 1905 5532 «ια’
1933 5478 2150 5533 Patrem
2201 5479 2387 5549 referri
2440 5481 2515 5549 vet
2571 5475 2613 5528 F
2618 5479 2790 5549 ilium,
2824 5488 2877 5549 et
2916 5478 3383 5549 sanctiﬁcationens

161 5553 468 5621 cognitum,
498 5548 715 5618 copiose
743 5548 995 5603 adllrmat
1022 5547 1293 5604 Eusebius
1329 5547 1474 5602 Hist.
1506 5549 1635 5605 sccl.
1670 5550 1722 5605 ι.
1821 5550 2094 5621 utriusque
2140 5547 2375 5614 persona:
2431 5548 2526 5621 sub
2577 5548 2694 5621 ejus
2738 5548 2945 5621 nomine
3005 5547 3379 5621 demonstrari.

1822 5614 2084 5672 Eumdem
2144 5632 2384 5672 errorem
2434 5616 2716 5670 Lactantio
2763 5616 2951 5684 objicit
3016 5614 3379 5684 Hieronymus

1820 5688 1994 5826 egisti;
2049 5686 2105 5810 ibi:
2163 5686 2558 5744 commentario
2620 5686 2781 5755 epist.
2842 5684 2909 5740 ad
2976 5684 3096 5740 Gal.
3154 5685 3248 5738 lib.
3316 5700 3376 5739 ιι.

1820 5772 1846 5812 c
1925 5795 1939 5813 .
2000 5795 2017 5821 ,
2090 5795 2105 5810 .

1819 5772 1939 5821 cap.
1962 5772 2017 5821 4,
2051 5772 2105 5810 ο.

159 5619 527 5759 2’(ξέιλῖῖἶιὶιιιι
563 5700 790 5759 magnus
834 5685 1310 5759 Laclantiiierror,
1361 5695 1495 5745 teste
1528 5690 1723 5745 lliero-

166 5755 344 5828 nyiuo'
368 5759 525 5823 epist.
562 5756 627 5808 7:
660 5755 970 5810 Lactantius
998 5757 1052 5810 in
1083 5755 1233 5809 libris
1253 5759 1388 5823 suis,
1414 5771 1461 5813 et
1494 5760 1724 5815 maxime
