4162 6442
768 375 874 444 919

1914 381 2176 442 ΡΗΟΤΙΙ
2207 381 2711 442 ΡΑΤΒΙΑΒΟΙΙᾸΞ
2748 383 2858 444 CP.

3919 389 4031 451 990

765 489 940 558 palam
980 487 1232 544 innotuit.
1271 487 1480 545 Etenim
1531 506 1656 547 cum
1687 493 1862 565 igneis
1887 495 2086 566 linguis
2114 497 2334 553 ctelitus

2438 497 2696 565 γλωσσῶν
2725 497 3016 567 οὐρανόθεν
3051 499 3317 572 ἐπιδημίᾳ
3363 501 3782 568 πολυγλώσσους
3828 509 4030 570 φωνὰς

765 579 951 634 missis
1007 579 1321 650 multiplicis
1355 584 1638 653 apostolos
1680 585 1951 639 sermonis
1977 601 2207 642 munere
2231 589 2330 643 do-

765 675 914 726 navit
946 672 1203 741 Spiritus,
1235 685 1400 743 atque
1427 675 1570 744 apud
1600 691 1793 732 omnes
1819 688 2008 748 gentes
2041 691 2328 751 extempo-

767 765 908 817 rales
925 775 1169 819 oratores
1202 764 1329 820 l’ecit
1359 768 1453 835 qui
1497 783 1671 838 nuper
1699 770 1961 824 illitterati
1989 781 2169 838 erant,
2202 783 2332 828 tunc

768 852 1050 922 potissimo
1098 857 1295 911 accidit
1346 857 1589 912 humano
1649 862 1856 930 generi,
1913 870 1974 916 ut
2027 863 2328 920 divinitatis

767 945 1008 1011 rjusdem
1038 943 1272 1016 Spiritus
1292 950 1692 1005 accuratiorem
1723 953 1970 1007 notitiam
2000 954 2334 1022 adipiscere-

770 1043 878 1088 tur.
937 1034 1078 1106 Ergo
1132 1039 1261 1107 quia
1302 1040 1625 1095 vocabulum
1670 1040 1846 1096 Patris
1882 1043 2194 1098 hominibus
2223 1043 2334 1112 pri-

769 1141 919 1179 mum
958 1129 1226 1194 innotuit;
1255 1139 1309 1185 et
1358 1135 1484 1200 quia
1515 1135 1689 1202 gratia
1737 1134 1932 1190 deinde
1973 1151 2183 1191 sacram
2211 1134 2329 1191 Filii

769 1216 1018 1270 notitiam
1042 1217 1273 1283 detulit;
1323 1232 1377 1276 et
1407 1224 1536 1293 quia
1566 1236 1840 1294 postremo
1881 1228 2054 1282 sancti
2095 1229 2331 1297 Spiritus

767 1304 953 1360 divina
1005 1307 1236 1377 dignitas
1292 1327 1392 1380 per
1439 1314 1812 1372 admirabilem
1869 1333 1995 1388 erga
2051 1321 2330 1388 apostoios

767 1408 988 1462 Operam
1039 1408 1210 1453 semet
1267 1403 1566 1471 revelavit;
1607 1406 1730 1475 jure
1775 1411 2076 1478 meritoque
2107 1411 2330 1467 nomina

769 1484 884 1539 haec
902 1489 1152 1542 eumdem
1209 1492 1456 1547 ordinem
1491 1497 1544 1549 in
1579 1500 1915 1553 numerando
1964 1511 2203 1556 servant.
2239 1503 2331 1560 Sic

768 1582 948 1627 autem
986 1577 1233 1631 notitiam
1275 1581 1416 1636 banc
1449 1584 1695 1651 pateﬁeri
1720 1588 2033 1644 consultum
2090 1592 2213 1658 l'uit,
2267 1609 2332 1648 ne

770 1661 934 1718 homo
967 1665 1165 1722 idolico
1191 1673 1364 1726 errori
1412 1673 1651 1740 deditus,
1686 1679 1866 1733 audita
1920 1683 2099 1735 subito
2136 1693 2193 1738 et
2221 1701 2335 1738 ma-

769 1752 967 1809 nifeste
1019 1772 1372 1826 personarum
1432 1764 1716 1835 Trinitate,
1749 1771 1947 1840 aegrius
1976 1787 2040 1827 ac
2059 1773 2330 1831 diﬂicilius

2433 588 2785 659 ἐδημιούργει
2808 590 2922 651 τοῖς
2967 589 3287 654 ἀποστόλοις
3321 591 3382 644 τὺ
3413 591 3652 661 Πνεῦμα,
3687 595 3786 646 καὶ
3813 596 4029 653 παντὸς

2431 679 2617 754 ἔθνους
2636 680 2868 754 ῥήτορας
2877 679 3254 748 αὐτοσχεδίους
3267 682 3633 745 κατεσκεύαζε
3647 683 3779 745 τοὺς
3793 683 4026 750 ἀγραμ-

2434 747 2658 842 μάτους..
2683 747 2804 824 τότε
2827 771 2912 840 δὴ,
2934 747 3057 824 τότε
3070 747 3279 840 μᾶλλον
3294 773 3515 840 γέγονεν
3538 773 3857 843 ἀνθ

2435 862 2537 930 τῆς
2566 861 2734 915 αὑτοῦ
2766 861 3016 931 θεότητος
3047 865 3128 925 εἰς
3187 863 3583 932 ἀκριϐεστέραν
3611 865 3902 934 ἁνείδησιν
3930 866 4020 916 ἀν·

2433 951 2746 1020 ενεχθῆναι.
2766 949 2977 1004 Οὐκοῦν
3003 950 3080 1014 ὡς
3110 952 3208 1022 μὲν
3232 954 3331 1024 τῆς
3351 954 3444 1006 τοῦ
3466 955 3680 1023 Πατρός
3708 953 3910 1023 φωνῆς
3935 955 4023 1006 ἀν-

2434 1041 2674 1111 θρώποις
2712 1043 3204 1113 προεγνωσμένης,
3238 1045 3329 1096 τὸν
3365 1043 3424 1096 δὲ
3473 1046 3600 1097 Υἱὸν
3648 1045 3754 1112 τῆς
3794 1046 4026 1114 χάριτος

2436 1133 2860 1204 θεολογησάσης.
2890 1134 2991 1202 τῆς
3023 1135 3080 1188 δε
3105 1135 3202 1187 τοῦ
3237 1135 3503 1202 παναγίου
3535 1136 3869 1204 Πνεύματος
3903 1136 4019 1187 θεό-

2433 1241 2594 1294 τητος
2626 1226 2685 1276 τὸ
2712 1225 2929 1294 ἀξίωμα
2960 1225 3101 1294 μετὰ
3131 1225 3306 1279 ταῦτα
3340 1225 3431 1278 διὰ
3462 1227 3558 1294 τῆς
3595 1227 3652 1276 ἑν
3697 1228 3818 1288 τοῖς
3889 1228 4020 1277 ἁπο-

2435 1315 2642 1376 στόλοις
2675 1314 3016 1385 θεοπρεποῦς
3047 1316 3327 1386 ἐνεργείας
3363 1316 3862 1385 ἀνακαλυφθείσης
3886 1357 3902 1377 ,
3952 1319 4022 1366 εξ-

2433 1405 2606 1467 κότως
2632 1406 2734 1457 κάν
2753 1406 2820 1474 τῇ
2849 1403 3246 1473 συναριθμήσει
3269 1403 3366 1474 τὴν
3388 1404 3560 1474 αὐτὴν
3583 1402 4022 1465 συνδιασώζουσι

2433 1496 2608 1562 τάξιν.
2665 1495 2729 1548 Ἢ
2770 1496 2829 1548 δὲ
2872 1494 3076 1563 γνῶσις
3122 1494 3266 1548 οὓτω
3305 1495 3590 1566 προελθεῖν
3633 1493 4021 1564 διφκονομήθη

2433 1590 2510 1652 ὼς
2537 1587 2604 1640 ἃν
2638 1587 2713 1658 μὴ
2741 1587 2936 1657 ἀθρόον
2972 1589 3002 1640 6
3030 1589 3097 1656 τῇ
3123 1586 3234 1638 τῶν
3263 1585 3496 1639 εἰδώλων
3528 1585 3707 1656 πλάνῃ
3743 1601 4023 1655 προσανισο

2435 1677 2684 1746 κείμενος
2706 1677 3012 1745 ἄνθρωπος,
3043 1675 3250 1746 Τριάδα
3278 1675 3465 1742 σαφῶς
3501 1673 3821 1742 προσώπων
3856 1672 4022 1725 ἀκού-

2436 1785 2536 1831 σας
2560 1808 2576 1833 ,
2621 1767 3050 1828 δυσανέλκυστος
3082 1767 3179 1818 καὶ
3208 1766 3594 1834 δυσανάγωγος
3624 1763 3723 1817 τοῦ
3753 1764 3904 1817 κατὰ
3928 1763 4022 1830 τὴν

769 1843 838 1896 ab
868 1844 1133 1902 idolorum
1193 1854 1580 1920 superstitione
1619 1859 2051 1917 abstraheretur.
2091 1863 2226 1918 Nam
2257 1867 2326 1930 si,

2440 1857 2853 1926 εἰδωλολατρίαν
2888 1856 3254 1925 ὀλισθήματος
3278 1856 3530 1926 γένηται.
3562 1856 3625 1908 Εἰ
3655 1854 3768 1924 γὰρ
3798 1855 3900 1906 καὶ
3925 1853 4024 1920 τῆς

770 1931 1033 1992 'l'rinitate
1063 1938 1188 1994 licet
1216 1942 1597 2015 pedetemptim
1624 1960 1679 2004 et
1724 1965 1819 2019 per
1854 1953 2139 2021 aettigmata
2172 1966 2334 2025 atque

770 2032 1095 2084 transennas
1144 2030 1301 2086 initio
1357 2037 1652 2102 insinuata,
1691 2043 1779 2096 vix
1806 2051 1987 2098 tamen
2024 2045 2273 2102 homines
2303 2063 2336 2102 α

768 2117 1134 2187 polytlieismo
1185 2127 1576 2195 discedebant;
1629 2135 1674 2187 si
1733 2147 1936 2205 aperte,
2004 2141 2250 2210 inquam,
2285 2153 2340 2199 et

768 2207 952 2262 subito
980 2210 1218 2269 Trinitas
1248 2221 1495 2276 nuntiata
1539 2225 1751 2291 luisset,
1788 2245 1968 2284 nonne
2002 2207 2216 2289 illorum
2245 2251 2339 2289 su-

769 2299 1017 2364 perstitio
1067 2305 1441 2375 magisterium
1507 2327 1669 2369 omne
1719 2328 1881 2386 atque
1925 2322 1991 2374 ad
2052 2325 2217 2378 unius
2245 2323 2337 2379 Dei

768 2387 977 2442 cultum
1007 2391 1441 2454 adhortationem
1477 2405 1774 2472 respnisset
1804 2408 2068 2480 ﬂoccique
2095 2413 2334 2479 fecisset,

769 2488 826 2530 et
856 2494 954 2533 sua
979 2484 1206 2538 exitiosa
1235 2502 1386 2542 sacra
1415 2495 1722 2559 praedicata!
1755 2499 1920 2552 saluti
1957 2505 2338 2559 antetulissct?

773 2565 939 2623 llecte
1000 2572 1164 2641 igitur
1229 2574 1408 2633 Patris
1453 2585 1690 2650 primum
1722 2589 1912 2642 notitia
1960 2593 2171 2661 vulgata
2211 2596 2333 2660 fuit,

771 2661 967 2715 deinde
995 2667 1263 2734 gradatim
1326 2670 1448 2726 Filii
1477 2690 1541 2729 ac
1572 2677 1826 2745 Spiritus.
1867 2683 2040 2751 Atque
2073 2688 2200 2742 hinc
2242 2705 2340 2758 pro

773 2763 840 2801 eo
898 2754 1103 2806 notitia:
1168 2759 1380 2823 ordine,
1425 2777 1534 2829 quo
1583 2779 1795 2818 sacram
1844 2778 2005 2838 atque
2043 2754 2337 2841 pretiosam

775 2841 1052 2911 religionis
1073 2852 1415 2918 suscepimus
1469 2855 1885 2923 institutionem,
1918 2863 1971 2914 in
2010 2871 2342 2921 recensendo

771 2947 990 3003 quoque
1013 2939 1260 2994 eamdem
1310 2958 1595 3000 servamus
1632 2963 1994 3020 congruenter
2026 2962 2342 3028 pncrogati.

773 3035 915 3074 νιιιη.

845 3213 899 3265 4.
939 3212 1244 3282 Ceteroqui
1286 3215 1498 3272 Patrem
1561 3233 1808 3278 nostrum
1840 3231 2110 3294 appellare
2149 3236 2338 3308 Deum,

773 3317 949 3369 ηεσμιε
981 3303 1292 3357 indecorum
1324 3318 1405 3362 est
1445 3325 1623 3379 neque
1649 3315 1833 3366 auzlitn
1865 3320 2149 3376 undestum
2179 3343 2193 3390 ;
2232 3303 2341 3385 imo

775 3389 827 3441 id
854 3391 1016 3461 vulgo
1046 3395 1381 3462 lidenterqtte
1432 3397 1685 3454 facimus.
1719 3402 1916 3458 Filium
1939 3425 2066 3462 vero
2095 3389 2340 3471 nostrum

773 3480 954 3533 dicere
983 3481 1062 3534 vel
1093 3483 1269 3550 ipsum
1329 3483 1524 3539 Filium
1571 3493 1652 3543 vel
1680 3503 1926 3548 sanetum
1957 3498 2241 3568 Spiritum,
2276 3524 2344 3562 ne

776 3586 930 3626 mens
958 3573 1174 3638 quidem
1207 3577 1313 3642 pati
1343 3588 1520 3644 potest
1551 3599 1564 3634 :
1591 3583 1700 3635 imo
1729 3585 2037 3644 absurditas
2066 3591 2343 3661 impietate

772 3660 974 3713 comite
1008 3661 1147 3714 hanc
1184 3667 1600 3732 appellationem
1661 3673 2107 3743 subsequeretur.
2146 3660 2342 3741 iPatris

773 3760 904 3814 ergo
933 3763 1130 3804 nomen
1158 3753 1274 3806 sive
1298 3756 1614 3822 quotidiana
1647 3767 2040 3821 consuetudine
2085 3771 2199 3825 sive
2234 3789 2336 3828 na-

773 3839 936 3892 turali
973 3840 1231 3897 instinctu
1263 3860 1416 3900 utens
1452 3847 1689 3905 humana
1710 3852 1862 3908 haud
1891 3859 2118 3916 moleste
2146 3863 2342 3918 admit-

777 3930 860 3980 tit.
893 3928 1011 3985 Jam
1044 3935 1207 4003 hujus
1236 3940 1474 3996 nominis
1509 3946 1707 4012 pravia
1763 3949 1915 4004 notio
1963 3951 2142 4007 eﬂ'ccit
2172 3964 2228 4009 nt
2254 3972 2344 4010 sa-

775 4036 994 4076 crat-um
1025 4040 1246 4096 quoque
1287 4029 1692 4101 Sevipturarm
1748 4038 1992 4095 doctrina
2021 4059 2161 4098 nexu
2201 4061 2342 4115 quo-

774 4112 899 4165 dam
930 4129 996 4168 ex
1047 4116 1213 4185 hujus
1247 4122 1496 4176 vocabuli
1559 4137 1824 4184 consueto
1861 4147 1963 4186 usu
1994 4112 2338 4204 proveniens,

780 4203 922 4257 baud
968 4220 1111 4277 egre
1146 4210 1304 4266 nobis
1365 4213 1656 4282 inspiraret
1692 4220 1966 4289 provisam
1997 4225 2109 4294 jam
2145 4203 2336 4296 super;

779 4297 1106 4352 naturalium
1161 4315 1349 4356 rerum
1406 4305 1771 4375 disciplinam.
1823 4311 2034 4369 Rursus
2060 4316 2104 4370 si
2138 4320 2334 4386 mavis,

777 4391 1035 4454 quoniam
1089 4404 1263 4461 neque
1312 4397 1579 4451 naturalis
1629 4401 1791 4468 ratio,
1860 4420 2035 4473 neque
2079 4407 2333 4477 loquendi

2437 1947 2667 2016 Τριαδος
2689 1947 2832 1999 κατὰ
2852 1945 3077 2016 πρόοδον
3095 1945 3241 1999 οὓτω
3264 1945 3359 1998 καὶ
3377 1945 3446 1999 δι’
3469 1945 3817 2015 αἰνιγμάτων
3842 1961 3906 1996 τε
3931 1946 4024 1996 καὶ

2437 2039 2958 2108 παραπετασμάτων
3011 2037 3136 2090 κατ’
3200 2037 3376 2106 ἀρχὰς
3431 2035 3981 2106 μυσταγωγουμένης
4005 2075 4022 2099 ,

2440 2130 2593 2198 μόλις
2622 2129 2853 2198 μετέστη
2884 2129 2983 2196 τῆς
3009 2126 3299 2190 πλυθεῖας
3321 2128 3383 2179 τὸ
3402 2127 3762 2197 ἀνθρώπινον,
3796 2127 3924 2188 πῶς
3953 2127 4026 2180 ἂν

2438 2219 2698 2289 ἐμφανῶς
2729 2236 2787 2271 τε
2822 2221 2916 2271 καὶ
2944 2218 3138 2288 ἀθρόον
3166 2217 3700 2286 καταγγελλομένης,
3727 2219 3759 2286 ἡ
3785 2217 4026 2268 ὲκείνων

2437 2306 2832 2376 δεισιδαιμονία
2861 2308 3042 2359 πᾶσαν
3072 2305 3422 2358 διδασκαλίαν
3452 2307 3547 2357 καὶ
3578 2304 3910 2374 παραίνεσιν
3938 2305 4027 2367 εἰς

2441 2399 2738 2468 μοναρχίαν
2770 2397 3186 2468 χειραγωγοῦσα
3235 2397 3335 2467 οὐχ
3392 2397 3639 2468 ὑπερεῖδε
3670 2415 3730 2450 τε
3774 2399 3874 2449 καὶ
3904 2399 4027 2449 απ-

2438 2491 2638 2551 ώσατο,
2664 2491 2756 2542 καὶ
2777 2489 2874 2559 τὴν
2903 2491 3230 2559 συνέχουσαν
3256 2489 3530 2543 ἀπώλειαν
3559 2489 3657 2556 τῆς
3678 2487 4027 2558 κηρυττομέ-

2440 2597 2538 2648 νης
2571 2579 2845 2649 σωτηρίας
2876 2580 2938 2631 οὐ
2990 2578 3288 2646 προέθετο;
3339 2579 3550 2631 Οὐκοῦν
3585 2578 3804 2638 εἰκότως
3840 2579 3878 2645 ἡ
3927 2575 4027 2627 τοῦ

2441 2670 2653 2739 Πατρός
2682 2669 3043 2739 ἀπεκαλύφθη
3082 2670 3296 2739 πρῶτον
3327 2669 3550 2736 γνῶσις,
3585 2668 3678 2720 καὶ
3709 2667 3856 2720 κατὰ
3888 2684 4029 2737 προ-

2439 2762 2616 2832 κοπὴν
2647 2761 2794 2832 ἠτοῦ
2826 2761 2954 2813 Υἰοῦ
2981 2761 3074 2812 καὶ
3103 2760 3197 2812 τοῦ
3230 2760 3564 2828 Πνεύματοςο
3597 2759 3805 2811 ἐκεῖθέν
3833 2775 3897 2810 τε
3927 2759 4030 2826 τῆς

2440 2855 2500 2905 έν
2541 2854 2607 2921 τῇ
2637 2853 2836 2919 γνώσει
2874 2850 3084 2917 τάξεως
3124 2850 3186 2903 τὸ
3221 2851 3366 2921 ιερὸν
3396 2849 3555 2919 ἡμῶν
3583 2853 3677 2902 καὶ
3713 2849 4030 2917 θεοπρεπὲς

2439 2948 2540 3016 τῆς
2573 2947 2980 3017 μυσταγωγίας,
3011 2947 3148 2999 κάπὶ
3173 2947 3273 3016 τῆς
3305 2945 3753 3016 συναριθμήσεως
3785 2942 4028 2996 ἀκολού-

2441 3040 2552 3102 θως
2589 3040 2650 3092 τὸ
2683 3040 2818 3092 αὐτὸ
2848 3037 3309 3107 συνεφειλκύσατο
3335 3036 3648 3106 προνόμιον.

2515 3219 2580 3272 δ’,
2616 3219 2827 3280 Ἄλλως
2851 3235 2912 3270 τε
2936 3217 2993 3270 δὲ
3016 3217 3236 3288 Πατέρα
3257 3215 3415 3287 ἡμῶν
3443 3215 3728 3286 ὀνομάζειν
3752 3218 3844 3271 τὸν
3868 3222 4022 3275 Θεὸν.

2443 3311 2569 3364 οὔτε
2613 3311 2898 3377 δύσφημον
2943 3307 3070 3360 οὔτε
3107 3308 3354 3378 λυπηρὸν
3376 3310 3549 3377 ἀκοῇ.
3580 3308 3695 3360 ἀλλ’
3730 3311 3834 3362 ἀνὰ
3871 3315 4030 3382 χείρὰ

2443 3419 2502 3454 τε
2547 3402 2644 3453 καὶ
2687 3403 2787 3468 τὴν
2842 3400 3156 3471 παρρησίαν
3203 3401 3304 3452 οὐκ
3335 3400 3756 3469 αἰσχυνόμενον·
3800 3401 3938 3454 run
3975 3404 4028 3455 δὲ

2444 3492 2601 3560 ὴμῶν
2633 3491 2953 3559 ἀποφαίνειν
2980 3490 3073 3542 τδν
3105 3489 3232 3543 Υἰδν
3262 3489 3297 3561 ἢ
3341 3490 3403 3542 τὸ
3448 3492 3714 3557 πανάγιαιν
3761 3493 4026 3561 Πνεῦμα,

2441 3583 2567 3637 οὔτε
2619 3583 2829 3653 διανοίᾳ
2861 3582 3108 3647 ἀνεκτὸν,
3154 3582 3294 3636 ἀλλὰ
3329 3598 3394 3649 γε
3437 3582 3575 3652 μετὰ
3623 3584 3719 3652 τῆς
3768 3583 4029 3645 ἀσεϐείας

2442 3673 2538 3728 καί
2568 3673 2629 3724 τὸ
2660 3673 2950 3724 ἀλλόκοτον
2983 3674 3017 3742 ἠ
3064 3671 3217 3741 φωνὴ
3253 3672 3670 3738 συνεφέλκεται.
3716 3672 3940 3724 Οὐκοῦν
3968 3673 4028 3723 τὸ

2440 3771 2609 3838 ὄνομα
2636 3768 2731 3821 τοῦ
2763 3767 2975 3834 Πττρδς
3003 3765 3070 3833 τῇ
3111 3779 3171 3815 τε
3203 3761 3422 3832 συνήθει
3451 3762 3649 3831 χρήσει
3678 3762 3776 3812 καί
3805 3760 3888 3828 τῷ
3925 3762 4024 3828 ὲμο

2440 3861 2595 3929 φύτῳ
2618 3859 2716 3927 τῆς
2746 3855 3024 3924 ἐπιϐολῆς,
3058 3855 3088 3906 6
3120 3851 3460 3921 ἀνθρώπινος
3497 3850 3622 3914 νοῦς
3647 3851 3750 3901 οὐκ
3780 3851 4026 3918 ἐργῶδες

2440 3951 2553 4019 ἔχει
2582 3943 3003 4017 παραδέχεσθαι.
3046 3943 3110 3994 Ἦ
3141 3941 3200 3994 δδ
3224 3941 3424 4008 γνῶσις
3457 3939 3622 3992 αὐτοῦ
3661 3940 4019 4008 προκαταλα-

2440 4040 2632 4101 εοῦσα,
2663 4040 2759 4091 καὶ
2777 4035 2888 4088 τῶν
2916 4033 3080 4105 ἱερῶν
3101 4033 3317 4100 Δογίων
3337 4032 3438 4100 τὴν
3463 4031 3819 4083 διδασκαλξαν
3839 4029 4020 4100 εἰρμῷ

2442 4131 2754 4200 παρέστησε
2785 4128 3084 4197 προϊοῦσαν
3111 4126 3177 4178 ὲκ
3203 4123 3302 4193 τῆς
3351 4123 3490 4194 πρὸς
3526 4122 3627 4191 τὴν
3670 4121 3863 4192 φωνὴν
3897 4139 4022 4174 συν-

2439 4221 2650 4294 ηθείας,
2677 4221 2739 4272 οὺ
2765 4216 3042 4288 δυσχερῶς
3072 4217 3203 4286 ἡμῖν
3235 4213 3435 4267 ἐνιέναι
3459 4213 3560 4284 τὴν
3584 4213 3693 4266 τῶν
3725 4213 4022 4284 ὑπερφυῶν

2439 4309 2891 4382 προνοησαμένην
2923 4307 3180 4378 μάθησιν.
3206 4305 3269 4358 Εἰ
3300 4303 3480 4374 βούλει
3502 4303 3560 4356 δὲ
3582 4302 3678 4355 καὶ
3695 4301 3837 4355 δίοτι
3859 4304 4021 4356 πάλιν

2438 4400 2561 4454 οὕτε
2592 4400 2750 4468 λόγος
2777 4399 2806 4452 6
2828 4398 3088 4468 ἔμφυτος,
3113 4394 3236 4448 οὔτε
3264 4395 3372 4464 μὴν
3395 4395 3428 4463 ἡ
3452 4394 3542 4447 διὰ
3570 4390 3669 4445 τοῦ
3694 4393 3859 4456 ἔθους
3889 4393 4018 4463 χρῆ-

779 4481 1115 4534 consoetudo
1159 4498 1383 4551 prorsus
1433 4488 1544 4541 vult
1593 4488 1808 4546 Patrem
1839 4509 1868 4547 a
1901 4493 2035 4550 Filio
2065 4498 2337 4567 Spirituve

2443 4510 2545 4554 σις,
2576 4493 2636 4544 οὗ
2671 4491 2770 4560 μὲν
2794 4485 2888 4541 οὖν
2911 4488 3011 4541 οὐκ
3038 4487 3213 4539 ἐθέλει
3234 4485 3324 4538 τὸν
3345 4485 3565 4554 Πατέρα
3597 4484 3894 4555 προελθεῖν
3927 4485 4017 4537 τοῦ

781 4573 1090 4636 procedere,
1115 4574 1208 4626 sed
1244 4579 1580 4633 contrarium
1613 4597 1828 4652 semper
1872 4589 2042 4648 novit,
2081 4599 2242 4658 atque
2271 4593 2342 4645 ita

780 4659 961 4713 fideles
986 4663 1202 4714 erudire
1225 4679 1331 4717 non
1357 4667 1598 4733 dubitat;
1629 4671 1755 4725 hinc
1786 4671 1863 4736 lit,
1893 4683 1951 4727 ut
1981 4692 2105 4729 cum
2128 4677 2340 4732 Patrem

781 4747 915 4802 Filio
948 4761 1004 4805 et
1058 4752 1280 4820 Spiritui
1339 4757 1391 4809 in
1451 4764 1785 4816 recensendo
1837 4780 2150 4834 praeponere
2182 4771 2340 4837 solet,

778 4855 990 4894 sacram
1043 4844 1349 4900 doctrinam
1407 4866 1754 4921 nequaquam
1803 4857 1986 4910 violet.
2055 4860 2343 4931 Propterea

779 4929 947 4984 Filius
981 4934 1199 4987 dextera
1240 4953 1459 5006 quoque
1517 4943 1714 4998 dicitur
1740 4955 1795 4999 et
1823 4945 2045 5001 verbum
2080 4960 2135 5002 et
2164 4929 2343 5006 virtus

774 5034 828 5075 et
854 5026 1120 5092 sapientia
1148 5026 1318 5082 Patris
1344 5043 1396 5084 et
1425 5033 1622 5088 similia
1653 5052 1669 5088 :
1715 5035 1875 5093 Pater
1905 5050 2085 5094 autem
2129 5045 2340 5098 etiamsi

777 5129 1022 5170 naturam
1055 5121 1202 5172 nullo
1229 5124 1387 5175 modo
1413 5124 1482 5178 ab
1507 5141 1573 5179 eo
1596 5127 1927 5183 dill'ereutem
1948 5133 2127 5198 liabet,
2161 5144 2340 5190 tamen

777 5223 948 5275 neque
979 5212 1304 5278 Cogitatione
1335 5228 1510 5282 neque
1538 5231 1789 5272 sermone
1825 5221 1890 5273 ad
1921 5219 2040 5274 Filii
2076 5225 2338 5278 rati0netn

775 5299 913 5351 trahi
965 5311 1162 5367 potest.
1217 5298 1334 5355 lam
1364 5305 1490 5372 quia
1517 5307 1582 5360 ad
1617 5306 1812 5363 Filium
1838 5309 1996 5363 Pater
2029 5327 2134 5365 non
2173 5315 2342 5366 trabi-

775 5406 884 5457 tur,
913 5397 1075 5449 veluti
1108 5399 1172 5450 ad
1207 5400 1531 5468 principium
1562 5415 1656 5458 aut
1685 5421 1905 5460 causam
1935 5408 2016 5460 vel
2055 5411 2120 5461 ad
2150 5425 2344 5477 quam-

777 5485 898 5538 libet
936 5490 1096 5555 hujus
1129 5489 1408 5543 relativam
1467 5495 1873 5561 pr0prietatem,
1911 5497 2037 5551 hinc
2062 5514 2162 5553 nos
2193 5500 2341 5554 vide-

777 5577 900 5630 licet
935 5578 1237 5647 theologice
1267 5579 1500 5635 dicimus
1527 5579 1744 5638 Patrem
1781 5599 1876 5652 per
1903 5582 2100 5639 Filium
2123 5588 2336 5655 operari

777 5669 860 5724 vel
891 5669 1051 5723 etiam
1083 5686 1178 5740 per
1209 5671 1470 5741 Spiritum
1488 5675 1752 5744 quidquid
1782 5675 1941 5731 beata
1973 5686 2162 5730 natura
2185 5679 2297 5746 agit
2324 5695 2340 5732 ε

784 5775 960 5828 neque
984 5761 1322 5816 contrarium
1381 5764 1560 5819 dicere
1606 5766 1879 5835 patimur:
1935 5781 2109 5834 neque
2143 5764 2338 5820 Filium

2447 4580 2573 4634 Υἱοῦ
2605 4581 2719 4632 ἀλλ’
2751 4580 2875 4632 οὐδὲ
2913 4577 3007 4631 τοῦ
3052 4575 3390 4645 Πνεύματος.
3430 4576 3545 4630 ’Δεὶ
3581 4575 3639 4628 δὲ
3683 4576 3747 4629 τδ
3782 4575 4019 4646 ἔμπαλιν

2442 4669 2582 4732 οἶδε,
2613 4671 2706 4722 καὶ
2744 4671 2869 4731 τοὺς
2914 4667 3266 4736 πειθομένους
3304 4666 3576 4721 διδάσκειν
3619 4668 3720 4735 οὐχ
3750 4668 4016 4720 ὑποστέλ-

2443 4761 2612 4812 λεται·
2649 4759 2708 4822 ἐξ
2733 4752 2794 4811 οὗ
2820 4759 2886 4828 δὴ
2917 4759 3009 4811 καὶ
3037 4760 3071 4824 ἡ
3103 4757 3496 4828 συναρίθμησις
3521 4757 3613 4810 τὸν
3639 4758 3898 4837 Πατέρα,
3926 4757 4015 4808 τοῦ

2444 4852 2574 4905 Υίοῦ
2614 4853 2710 4902 καὶ
2743 4850 2839 4903 τοῦ
2874 4849 3189 4917 Πνεύματος
3231 4850 3554 4920 προτάττειν
3594 4847 4011 4919 παραλαόοῦσα,

2442 4944 2540 5014 τὴν
2585 4943 2822 5014 μάθησιν
2853 4941 2954 4993 οὐκ
3001 4939 3274 5011 ὲνύσρισε.
3322 4940 3420 4992 Διὰ
3473 4939 3633 4992 τοῦτο
3665 4939 3726 4991 δὲ
3768 4939 3884 5010 ἄρα
3931 4939 4014 4991 καὶ

2441 5031 2590 5096 δεξιᾶ
2624 5033 2721 5100 μὲν
2751 5031 2966 5095 λέγεται
3005 5030 3100 5082 καὶ
3130 5029 3287 5097 λόγος
3324 5031 3420 5081 καὶ
3454 5028 3686 5097 δύναμις
3719 5032 3821 5082 καὶ
3861 5029 4013 5098 σοφία

2440 5125 2535 5177 τοῦ
2568 5123 2776 5194 Πατρός
2801 5122 2830 5173 6
2857 5122 3007 5186 Υίὺς,
3040 5120 3136 5175 καὶ
3167 5122 3238 5173 τὰ
3267 5121 3650 5191 παραπλήσια·
3682 5123 3714 5173 6
3738 5119 3802 5174 δι
3831 5121 4011 5187 Πατὴρ

2442 5217 2616 5269 καίτοι
2663 5214 2826 5283 μηδὲν
2864 5213 3000 5280 πρὸς
3045 5213 3207 5268 αὑτὸν
3251 5212 3349 5281 τὴν
3391 5211 3552 5277 φύσιν
3587 5211 3773 5281 φέρων
3800 5212 4007 5282 παραλ-

2442 5307 2761 5366 λάττουσαν,
2792 5300 2904 5354 οὕτ’
2929 5301 2996 5354 ἂν
3026 5300 3347 5371 θεωρεῖσθαι
3374 5299 3494 5354 οὔτε
3524 5299 3782 5368 λέγεσθαι
3811 5302 3894 5362 εἰς
3924 5298 4006 5349 λό-

2441 5413 2536 5462 γον
2563 5395 2706 5446 ξλθοι
2731 5393 2827 5445 τοῦ
2857 5391 3006 5444 Υίοῦο
3037 5393 3117 5453 εἰς
3145 5393 3253 5462 γὰρ
3277 5391 3368 5444 τδν
3391 5391 3516 5443 Υἰὸν
3541 5391 3642 5443 οὐκ
3673 5391 4006 5460 ἀναγόμενος

2442 5488 2516 5550 ὡς
2541 5490 2619 5549 εἰς
2648 5485 2824 5555 ἀρχὴν
2852 5485 2945 5538 καὶ
2986 5486 3184 5546 αἰτίαν,
3214 5484 3324 5536 οὐδ’
3350 5485 3450 5536 ὅσα
3490 5485 3572 5546 εἰς
3608 5484 3772 5536 αὑτὸν
3808 5486 4007 5543 ἐκεῖνος

2442 5579 2842 5647 ἀναφερόμενος
2866 5575 3240 5641 ἐξοικειοῦται,
3264 5575 3414 5627 ἐνθεν
3434 5577 3542 5645 ἄρα
3561 5575 3656 5627 καί
3678 5575 3767 5627 τὸν
3794 5575 4006 5642 Πατέρα

2446 5669 2818 5737 θεολογῡῦντες
2848 5667 2938 5721 διὰ
2967 5666 3063 5720 τοῦ
3107 5668 3236 5719 Υἰοῦ
3280 5666 3540 5736 πράττειν
3579 5665 3612 5735 ἢ
3657 5666 3751 5717 καὶ
3789 5665 3877 5718 διὰ
3913 5663 4005 5715 τοῦ

2445 5762 2756 5832 Πνεύματος
2790 5763 2890 5815 ὅσα
2919 5761 3160 5830 πέφυκεν
3187 5761 3219 5829 ἡ
3257 5759 3500 5829 μακαρία
3533 5759 3692 5825 φύσις
3725 5757 3819 5809 καὶ
3845 5757 4005 5822 ὺπέρ-
