4162 6442
126 474 223 539 925

1065 472 1167 533 AD
1200 470 1796 536 AMPHILOCHIUM
1830 470 2178 545 QUESTIO
2223 468 2422 533 CXCI.

3252 471 3363 536 926
3390 427 3396 433 ’

124 588 215 657 τῆς
270 583 566 657 θεραπείας
623 585 786 657 χρεία
831 584 1150 652 καθεστὼς,
1198 586 1407 656 ιτίροις
1451 585 1686 657 ἠδύνατο

1790 595 2027 656 egestate
2072 584 2433 647 versabatur,
2488 584 2537 640 is
2575 582 2700 640 aliis
2744 585 3127 655 purgationem
3161 603 3364 660 suppe-

120 679 470 749 διοικονομεῐν
514 676 616 750 τὴν
647 677 918 750 κάθαρσιν
941 719 959 745 ,
1003 677 1100 732 καὶ
1136 677 1373 751 χορηγὸς
1415 672 1553 732 εἶναι
1584 679 1683 747 τῆς

124 775 313 836 ίάσεως
338 788 355 838 ς

186 864 251 934 β’.
291 864 553 933 Δεύτερον
599 864 656 919 δὲ
690 864 828 920 Θεοῦ
871 864 966 920 καὶ
994 864 1135 919 θεῐον
1180 864 1343 937 εργον
1368 866 1465 921 καὶ
1498 866 1684 921 καινὸν

123 958 220 1011 ὑπὸ
256 957 348 1012 τὸν
376 957 549 1029 ἥλιον,
581 957 699 1020 πῶς
731 956 797 1011 ἀν
834 953 905 1030 ἦν
945 955 1219 1030 ἀνθρώπῳ
1250 957 1679 1039 διαπράξασθαις

121 1050 175 1101 Ei
204 1048 263 1102 δέ
290 1066 409 1103 τινα
430 1050 618 1103 θέσθαι
645 1050 955 1121 φιλοτιμίαν
986 1050 1142 1106 λάϐοι
1170 1052 1261 1107 καὶ
1283 1054 1419 1124 ὅπερ
1447 1053 1542 1123 οὐχ
1571 1046 1683 1107 οἷόν

117 1155 172 1191 τε
204 1138 505 1208 προελθεῖν,
527 1140 719 1195 θᾶττον
742 1142 809 1196 ἀν
827 1142 888 1195 τὸ
917 1141 1116 1213 πτῶμα
1138 1143 1234 1198 καὶ
1260 1144 1458 1216 ῥαδίως
1481 1144 1515 1215 ἢ
1545 1143 1683 1215 πρὸς

116 1226 271 1279 ἑαυτὸ
295 1228 720 1298 ίπανίστρεφεν,
750 1231 785 1303 ἢ
823 1232 959 1302 πρὸς
986 1232 1050 1287 τδ
1093 1234 1275 1303 χεῖρον
1300 1234 1591 1305 ηὐξάνετοο
1621 1234 1685 1288 τὸ

120 1319 234 1386 μὶν,
265 1318 327 1370 οὐ
370 1320 513 1389 μέγα
554 1321 724 1375 κακὸν
760 1323 1080 1393 ἡγουμένων
1117 1324 1225 1377 τῶν
1262 1325 1361 1396 τῆς
1393 1325 1683 1396 εύργεσίας

115 1407 564 1463 ἁπολελαυκότων
598 1411 903 1481 όμοιοπαθῆ
942 1411 1010 1466 δι’
1037 1413 1362 1483 ἀχαριστίας
1396 1414 1685 1485 ἄνθρωπον

116 1494 299 1562 ἀγειν’
328 1497 389 1550 τὸ
414 1499 494 1561 δὲ,
524 1497 622 1570 τὴν
649 1498 727 1569 τῷ
747 1499 868 1570 Θεῷ
891 1499 1208 1572 πρέπουσαν
1230 1503 1397 1573 τιμὴν
1424 1503 1685 1558 ἀνάπτειν

116 1586 457 1658 ὡρμημένων
495 1589 573 1659 τῷ
611 1590 897 1644 σεσωκότι.
950 1592 1014 1644 Ei
1063 1593 1173 1663 γάρ
1224 1593 1590 1647 Μωσιαοκαθ⁹
1622 1588 1685 1649 οὗ

116 1676 377 1741 πολλάκις
407 1678 727 1747 ιγόγγιξον,
762 1682 859 1734 καὶ
885 1682 985 1753 τὴν
1007 1682 1215 1738 ἀνωθεν
1246 1684 1317 1738 δι’
1347 1683 1511 1737 αὐτοῦ
1552 1701 1685 1738 κατ-

116 1766 308 1819 ιοῦσαν
361 1768 637 1839 σωτηρίαν
662 1768 773 1823 τῶν
809 1772 869 1824 εν
898 1769 1162 1842 Αίγύπτῳ
1188 1773 1376 1827 κακῶν
1405 1772 1687 1828 εποιοῦντο

113 1858 332 1929 χείρονα
352 1901 368 1924 ,
396 1859 545 1930 ὅμως
570 1860 703 1915 Θεὸν
731 1863 975 1917 ἀνειπεῖν
1010 1863 1148 1934 μετά
1168 1864 1397 1919 θάνατον
1422 1866 1684 1938 ἐμελέτη·

1785 670 1987 733 ditaret
2014 674 2347 745 medelzque
2377 682 2656 731 auctorem
2686 691 2746 732 se
2777 678 3019 748 gereret?

1860 855 1915 911 2.
1976 855 2182 913 Deinde
2228 856 2475 912 divinum
2528 854 2621 911 Dei
2676 871 2813 925 opus
2870 868 3034 930 atque
3087 861 3192 915 sub
3245 861 3359 915 sole

1788 965 1987 1004 novum
2050 965 2183 1004 num
2236 949 2601 1004 humanarum
2661 951 2862 1009 virium
2918 960 3039 1008 erat
3103 954 3364 1024 aggredi?

1787 1036 1943 1106 Quod
1970 1039 2147 1109 siquis
2183 1038 2431 1094 aemulari
2459 1042 2869 1110 quodammodo
2902 1057 3128 1114 remque
3154 1044 3361 1113 impos~

1788 1131 2001 1185 sibilum
2035 1139 2246 1185 tentare
2276 1130 2563 1195 voluisset,
2600 1131 2647 1186 is
2676 1133 2860 1202 potius
2886 1135 3089 1189 malum
3125 1136 3254 1191 illud
3280 1136 3362 1191 vel

1788 1222 1843 1277 in
1877 1230 2043 1293 caput
2070 1222 2353 1293 proprium
2395 1224 2776 1290 convertisset,
2810 1225 2894 1280 vel
2934 1235 3083 1281 certe
3120 1227 3364 1283 deterius

1780 1310 2031 1367 fecisset.
2068 1311 2284 1367 Etenim
2316 1311 2393 1367 illi
2442 1312 2541 1381 qui
2579 1312 2847 1368 beneflcio
2886 1314 3009 1384 ejus
3053 1322 3361 1377 uterentur,

1790 1406 1989 1473 partim
2034 1403 2181 1459 haud
2238 1418 2568 1474 magnopere
2612 1418 2673 1458 se
2720 1418 2947 1473 peccare
2992 1415 3267 1475 putarent,
3315 1408 3363 1462 si

1790 1492 2056 1549 adversus
2104 1493 2253 1563 paris
2307 1502 2517 1549 natura:
2560 1493 2837 1548 hominem
2893 1494 3092 1563 ingrati
3130 1497 3367 1551 exsiste-

1790 1592 1945 1648 rent;
1978 1585 2176 1653 partim
2211 1597 2342 1637 vero
2378 1598 2445 1637 eo
2477 1593 2821 1652 proruerent,
2855 1593 2917 1637 ut
2945 1586 3091 1653 quod
3130 1587 3237 1640 Deo
3266 1587 3367 1641 ob—

1790 1675 2040 1745 sequium
2072 1674 2291 1738 debent,
2328 1673 2380 1728 id
2410 1671 2688 1727 Servatori
2716 1688 2821 1728 suo
2850 1676 3194 1732 exhiberem.
3228 1676 3363 1731 Nam

1791 1768 1837 1823 si
1865 1765 2123 1821 lsraclitz
2161 1748 2615 1830 Ilosem,-'contra
2654 1781 2818 1835 quem
2860 1782 3004 1836 sape
3048 1768 3363 1822 tumultuati

1794 1858 2031 1921 fuerant,
2066 1858 2139 1912 ita
2172 1866 2232 1912 ut
2261 1855 2538 1912 ccelestem
2569 1871 2789 1928 quoque
2819 1868 3065 1914 curatam
3102 1859 3187 1915 his
3209 1860 3280 1915 ah
3300 1876 3366 1915 co

115 1967 233 2017 σαν,
270 1953 344 2014 ὡς
385 1955 635 2023 μυστικοὶ
668 1954 764 2007 καὶ
796 1955 932 2027 ίεροὶ
968 1955 1115 2025 λόγοι
1141 1956 1448 2013 διδάσκουσι
1480 1959 1591 2027 (δι’
1622 1960 1689 2032 ἢν

1793 1950 2020 2005 salutem
2052 1949 2237 2020 pejoro
2282 1948 2599 2005 conditione
2628 1964 2793 2019 quam
2824 1949 3178 2022 Egyptiacas
3217 1952 3365 2007 cala-

112 2044 295 2096 αίτίαν
325 2043 419 2097 καὶ
456 2047 487 2099 ό
531 2045 704 2115 τάφος
736 2046 1037 2118 ὀφθαλμοῖς
1077 2048 1352 2103 Ἰουδαίων
1396 2050 1561 2121 μέχρι
1594 2051 1690 2105 νῦν

113 2135 342 2200 ἀθέατός
371 2153 431 2190 τε
459 2137 552 2191 καὶ
573 2138 974 2208 ἀνεπίγνωστος
1001 2140 1238 2211 ἔμεινεν.
1299 2141 1690 2216 Ἀγχίστροςρος

112 2227 219 2297 γὰρ
256 2228 288 2280 ό
330 2227 521 2299 ἐχθρὸς
551 2230 962 2303 κακουργῆσαι,
998 2231 1093 2285 καὶ
1119 2232 1209 2287 διὰ
1245 2232 1354 2289 τῶν
1376 2234 1558 2289 ὅπλων
1578 2236 1689 2290 τῶν

111 2335 168 2370 τε
198 2320 395 2386 δεξιῶν
422 2320 648 2375 καὶτῶν
680 2322 984 2393 ἀριστερῶν
1015 2323 1355 2396 ἑξαπατῆσαι
1387 2327 1449 2380 τὸ
1477 2326 1690 2399 ἀνθρώ·-

111 2410 317 2481 πινον).
337 2410 455 2476 πῶς
477 2413 576 2466 οὐκ
593 2411 660 2467 ἀν
684 2413 781 2467 τὸν
811 2415 1060 2483 μείζονος
1078 2416 1466 2483 ἀπαλλάξαντα
1491 2436 1692 2491 τυραν-

113 2503 279 2565 νίδος,
298 2503 349 2556 εί
367 2503 577 2575 καὶτῆς
596 2504 768 2576 αὐτῆς
799 2506 1020 2576 φύσεως
1052 2508 1293 2579 ᾔδεισαν,
1330 2509 1393 2563 ού
1418 2509 1553 2565 Θεδν
1596 2512 1693 2566 ἀν-

112 2594 457 2664 ηγόρευσαν;
495 2594 581 2649 ἴνα
610 2595 705 2648 νῦν
722 2597 1071 2668 παραδράμω
1092 2597 1304 2653 Παῦλον
1336 2601 1455 2665 τοῖς
1496 2600 1691 2671 Έλλη-

110 2687 329 2748 νισταῖς
358 2684 794 2758 θεοποιούμενον.
814 2688 987 2743 Τοῦτο
1004 2688 1061 2742 δι
1077 2688 1238 2760 δῆλον
1265 2689 1344 2755 ὡς
1376 2692 1480 2749 οὐκ
1506 2688 1573 2763 ἦν
1596 2693 1689 2747 τοῦ

110 2775 409 2847 πτώματος
434 2775 679 2847 ιγερσις,
709 2777 845 2833 ἀλλὰ
865 2778 1225 2852 χαλεπωτέρα
1244 2783 1339 2837 καὶ
1366 2782 1693 2856 ἀδιόρθωτος

110 2868 423 2932 ἔκπτωσις·
460 2870 555 2921 καὶ
595 2869 704 2940 γάρ
746 2872 1045 2942 χρεωστείν
1086 2871 1199 2925 οὐδ’
1242 2871 1435 2941 ἀλογον
1464 2873 1531 2927 ἀν
1561 2876 1692 2939 ίσως

110 2956 316 3022 ἐδόκει,
345 2957 405 3011 δν
425 2958 627 3028 τρόπον
654 2960 724 3011 τὰ
739 2958 1200 3030 δημιουργήματα
1226 2959 1320 3012 τὸν
1345 2960 1691 3032 Δημιουργον

1789 2044 2006 2098 mitates
2036 2042 2334 2109 haberent;
2359 2042 2406 2097 si
2433 2042 2665 2107 Mosem,
2700 2043 2945 2112 inquam,
2984 2054 3105 2114 post
3126 2045 3364 2114 obitum,

1791 2131 1887 2188 Dei
1912 2134 2084 2189 instar
2109 2134 2361 2188 venerari
2407 2134 2790 2196 moliebantur,
2825 2145 2883 2190 ut
2913 2150 2945 2189 a
2987 2136 3234 2207 mysticis
3270 2152 3365 2192 sa-

1789 2224 2010 2295 crisque
2053 2224 2273 2280 Litteris
2315 2224 2628 2290 discimus;
2660 2226 2846 2295 (quam
2881 2227 2952 2280 ob
2994 2241 3220 2281 causam
3276 2242 3367 2282 se-

1790 2317 2040 2388 pulcrum
2073 2317 2196 2387 ejus
2214 2316 2527 2372 Iudaeorum
2550 2318 2728 2371 oculis
2763 2320 2828 2372 ad
2856 2318 2999 2372 banc
3023 2333 3197 2388 usque
3218 2319 3365 2373 diem

1790 2407 2066 2463 invisibile
2101 2407 2555 2477 incognitumque
2586 2407 2711 2461 fuit.
2752 2404 2888 2461 “ire
2922 2407 3068 2462 enim
3111 2420 3367 2463 versutus

1788 2508 1873 2556 est
1918 2499 1986 2555 ad
2038 2500 2349 2555 nocendum
2400 2498 2675 2567 diabolus,
2720 2500 3001 2570 armisque
3050 2500 3219 2555 utitur
3251 2509 3365 2554 tum

1787 2591 1996 2647 dextris
2026 2598 2144 2644 tum
2171 2590 2338 2645 etiam
2377 2592 2622 2647 sinistris
2650 2602 2710 2647 ut
2740 2593 3041 2647 humanum
3071 2609 3246 2662 genus
3274 2594 3367 2649 de-

1788 2683 1980 2754 cipiat)
2026 2697 2209 2739 nonne
2249 2683 2533 2739 hominem
2572 2685 2665 2755 qui
2716 2684 2978 2753 majorem
3024 2686 3366 2755 tyrannidem

1789 2776 2099 2837 avertisset,
2148 2774 2365 2830 etiamsi
2412 2773 2662 2845 ejusdem
2710 2785 2921 2831 natura
2962 2792 3087 2833 esse
3139 2781 3367 2843 scirent,

1790 2865 1884 2921 Dei
1918 2866 2040 2921 loco
2059 2865 2400 2922 coluissent?
2422 2867 2575 2920 Mitto
2602 2883 2750 2922 nunc
2779 2865 2933 2922 Pauli
2965 2869 3277 2938 exemplum
3297 2869 3368 2933 “,

1788 2959 1878 3014 cui
1926 2958 2143 3013 Ethnici
2205 2959 2548 3029 apotbeosim
2609 2959 3002 3017 decernebant.
3040 2961 3173 3016 Illud
3223 2971 3373 3016 certe

107 3049 198 3102 διὰ
217 3049 647 3121 σεδασμιότητός
678 3067 737 3103 τε
760 3052 853 3102 καὶ
871 3049 1147 3117 θειότητος
1161 3053 1419 3116 ποιεῖται,
1438 3050 1581 3105 οὕτω
1601 3050 1689 3120 δὴ,

1790 3051 2132 3120 exploratum
2156 3060 2263 3115 est,
2298 3051 2441 3104 haud
2480 3048 2720 3104 futuram
2752 3065 2783 3105 a
2812 3051 2965 3120 lapsu
3005 3054 3372 3109 resurrectio-

115 3141 267 3195 οὕτω
301 3142 397 3194 καὶ⁵
426 3141 518 3195 τὸν
551 3142 831 3197 σεσωκάτα
854 3142 982 3206 τοὺς
1014 3143 1412 3211 σεσωσμένους,
1446 3142 1689 3205 καὶτοὺς

1790 3155 1960 3201 nem,
2016 3142 2113 3196 sed
2176 3141 2484 3210 graviorem
2538 3141 3077 3213 desperatioremque
3128 3145 3371 3201 ruinam.

108 3233 502 3306 eonptﬂvwc
520 3234 613 3287 τὸν
641 3233 1052 3289 ἀναπλάσανταο
1071 3234 1249 3308 ταύτῃ
1272 3252 1356 3288 τοι
1385 3234 1493 3287 οὐδ’
1526 3234 1689 3303 ἀγγέ-

1796 3231 2050 3287 Prol'ecto
2094 3233 2394 3287 debitorem
2437 3247 2498 3287 se
2547 3232 2789 3302 profiteri
2827 3235 2969 3289 haud
3001 3231 3373 3293 fortasse'ab-

107 3328 220 3380 λων
254 3325 416 3395 φύσις
458 3328 561 3396 τὴν
588 3325 683 3380 τοῦ
711 3326 902 3393 γόνους
931 3325 1090 3396 ήμῶν
1121 3327 1395 3397 σωτηρίαν
1430 3326 1687 3395 ὑποδέχεο

1798 3326 2026 3380 surdum
2079 3326 2378 3389 videretur,
2427 3326 2501 3378 ita
2559 3333 2620 3379 ut
2670 3326 2818 3395 quod
2868 3342 2998 3396 erga
3057 3326 3370 3383 Creatorem

106 3436 225 3484 ται,
249 3418 365 3472 ἀλλ’
385 3420 415 3471 ό
445 3416 656 3481 πλάσας
685 3418 847 3482 αὐτὸς
880 3418 1075 3489 ὁρᾶται
1107 3417 1449 3487 Δημιουργὸς
1478 3418 1569 3471 καὶ
1590 3417 1689 3485 τῆς

1793 3425 2019 3487 propter
2065 3416 2327 3471 eximiam
2380 3415 2700 3484 dignitatem
2744 3415 3197 3487 divinitatemque
3252 3420 3373 3489 ejus

108 3509 496 3576 ἁναπλάσεῳς.

1796 3508 2001 3562 faciunt
2038 3517 2325 3573 creaturae,
2368 3506 2512 3561 idem
2556 3522 2783 3576 prorsus
2841 3523 2969 3577 erga
3026 3508 3371 3566 Servatorent

107 3602 345 3665 servati,
374 3616 498 3671 erga
525 3600 949 3655 instauratorem
981 3599 1275 3665 confracti,
1306 3598 1573 3655 facerent.
1606 3600 1784 3671 Atque
1819 3602 1935 3656 haec
1981 3615 2151 3656 causa
2196 3610 2282 3654 est
2346 3600 2703 3669 quamobrem
2767 3615 2838 3654 ne
2901 3604 3219 3671 angelorum
3247 3605 3373 3675 qui-

105 3695 239 3749 dem
300 3707 493 3749 natura
547 3695 776 3751 salutem
832 3696 1050 3765 generis
1108 3698 1284 3752 nostri
1335 3697 1695 3767 reparandae:
1733 3698 2073 3768 susceperit;
2108 3699 2204 3753 sed
2230 3695 2325 3766 qui
2353 3694 2580 3750 Creator
2610 3694 2737 3760 fuit,
2770 3695 2914 3750 idem
2983 3706 3200 3753 auctor.
3232 3716 3375 3770 quo-

104 3806 221 3860 que
259 3790 675 3846 instaurationis
704 3791 1060 3861 conspicitur.

181 3882 259 3953 γ’.
299 3885 507 3950 ’Δλλως
535 3903 596 3940 τε
627 3888 747 3942 οὐδὲ
783 3888 987 3944 δούλων
1015 3890 1163 3945 ἐστὶν
1193 3888 1315 3943 ούδδ
1352 3889 1689 3959 κτισμάτων,

1868 3887 1922 3942 5.
1964 3885 2178 3956 Alioqui
2218 3900 2394 3956 neque
2436 3901 2722 3940 servorum
2766 3894 3058 3954 estneque
3092 3896 3375 3939 creatura-

102 3974 307 4045 ὥσπερ
334 3975 454 4029 οὐδὲ
476 3974 622 4029 λύειν
643 3976 928 4046 βασιλικὰς
958 3977 1054 4032 καὶ
1082 3977 1409 4043 δεσποτικὰς
1438 3978 1685 4043 ἐντολὰς,

1799 3992 1920 4031 rum
1952 3974 2100 4047 regia
2130 3985 2184 4031 et
2224 3976 2501 4031 dominica
2550 3976 2804 4030 mandata
2849 3974 2931 4028 vel
2982 3976 3247 4044 abrogare
3288 3978 3372 4030 vel

100 4066 294 4130 οὕτως
317 4066 427 4119 οὐδ’
457 4067 612 4135 ἀγειν
644 4069 736 4121 ἐπὶ
759 4069 821 4122 τὸ
846 4070 1091 4140 ἀμεινον.
1142 4069 1252 4123 Καὶ
1276 4070 1385 4140 μὴν
1408 4069 1689 4141 ἄνθρωπος

1793 4070 1958 4123 etiam
2014 4067 2223 4137 majore
2288 4066 2620 4137 perfectione
2677 4066 2905 4120 donare.
2974 4064 3142 4133 Atqui
3207 4067 3373 4119 homo

100 4160 131 4210 ό
164 4156 412 4227 Χριστὸς
445 4156 686 4226 γεγονὼς
732 4159 871 4230 μετά
900 4160 1009 4213 τῶν
1041 4159 1217 4214 ἀλλων
1251 4160 1453 4223 καλῶν,
1490 4160 1689 4231 μᾶλλον

1793 4157 2050 4213 Christus
2079 4157 2327 4221 effectus,
2364 4159 2470 4213 hoc
2519 4158 2662 4212 inter
2701 4169 2898 4213 cetera
2936 4159 3220 4224 beneﬁcia,
3259 4160 3371 4212 imo

100 4247 163 4299 δὲ
207 4247 311 4299 καὶ
340 4246 448 4316 πρὸ
488 4246 699 4301 πολλῶν
736 4247 911 4302 ἄλλων
948 4248 1297 4320 εὐεργεσιῶν,
1335 4249 1463 4312 τοὺς
1502 4266 1689 4319 πατρι-

1794 4265 1906 4321 pre
1930 4250 2053 4305 aliis
2082 4248 2533 4321 multis,jnsigne
2564 4249 2713 4312 fecit,
2738 4250 2940 4317 patrias
2973 4264 3170 4317 nempe
3202 4253 3369 4320 teges,

102 4338 245 4401 ποὺς
277 4336 475 4405 νόμους
502 4336 599 4391 καὶ
623 4339 672 4389 oi
694 4337 994 4407 τηνικαῦτα
1019 4342 1133 4403 τοῖς
1168 4338 1532 4410 Ἰσραηλίταις
1559 4341 1689 4410 μᾶ).-

1791 4356 1915 4411 qua:
1946 4351 2253 4412 temporum
2298 4343 2516 4397 illorum
2547 4341 2812 4397 lsraelitis
2840 4344 3372 4401 accomtnodatiores

98 4431 200 4483 λον
228 4427 610 4501 ἧρμοζον.ὲπὶ
639 4430 699 4482 τὸ
721 4429 1051 4503 τελεώτερον
1074 4431 1527 4505 μεταρρυθμίζει.
1572 4434 1689 4506 Ἐρ-

1795 4444 1973 4499 erant,
2015 4433 2293 4488 meliorem
2325 4434 2393 4487 ad
2429 4433 2797 4489 conditionem
2832 4438 3126 4506 promovit.
3157 4437 3369 4493 Dictum

100 4521 257 4591 ρήθη
303 4518 434 4589 γὰρ,
488 4520 645 4587 φησὶ,
694 4522 807 4583 τοῖς
836 4518 1109 4591 ἀρχαίοις,
1163 4538 1182 4572 ι
1218 4522 1292 4574 Οὐ
1326 4521 1629 4588 φονεύσεις,
1663 4541 1683 4574 ι

1798 4526 1999 4597 quippe
2048 4525 2225 4581 fuerat
2285 4527 2547 4597 antiquis,
2613 4545 2631 4578 ι
2670 4527 2786 4582 Non
2836 4529 3057 4584 occides
3080 4532 3161 4597 ης
3194 4550 3213 4581 ι
3269 4547 3371 4601 ego

100 4611 225 4673 ἐγὼ
262 4609 323 4663 δὲ
367 4608 512 4678 λέγω
542 4612 670 4681 ὑμίν
690 4612 851 4666 τάδε’
890 4630 910 4663 ι
944 4613 1019 4665 υύ
1049 4612 1394 4683 μοιχεύσεις,
1434 4631 1454 4666 ι
1491 4613 1605 4684 εγὼ
1634 4614 1689 4668 δὲ

1796 4595 2090 4672 vero—dico
2118 4616 2274 4671 vobis
2325 4617 2428 4673 sic.
2489 4636 2507 4668 ι
2536 4617 2651 4671 Non
2701 4618 3061 4675 tnmchaberis
3084 4619 3170 4685 Ιης
3202 4638 3222 4671 ι
3269 4637 3370 4687 ego

95 4701 265 4755 τάδε’
309 4717 328 4751 ι
376 4700 684 4771 Ὀφθαλμὸν
730 4703 852 4756 ἀντὶ
883 4702 1199 4775 ὀφθαλμοῦ.
1242 4722 1263 4757 ε
1301 4705 1413 4774 εγὼ
1440 4704 1499 4757 δὲ
1530 4704 1688 4759 τάδε’

1795 4722 1929 4762 vero
1957 4708 2083 4763 sic:
2121 4726 2140 4758 ι
2172 4706 2405 4762 Oculum
2454 4723 2553 4778 pro
2591 4708 2860 4775 oculo“;
2900 4728 2920 4761 ι
2962 4726 3063 4778 ego
3098 4725 3226 4765 vero
3267 4713 3365 4765 sic.

97 4794 206 4846 καὶ
228 4792 307 4845 τά
330 4793 501 4863 μυρία
526 4794 710 4847 ἐκεῖνα
732 4792 769 4846 ἀ
796 4793 931 4866 πρὸς
955 4793 1055 4865 τὴν
1074 4795 1326 4849 ἀτέλειαν
1350 4795 1461 4849 τῶν
1486 4798 1694 4867 ἀκροα-

96 4884 222 4937 τῶν
268 4884 686 4956 ὲνενομοθιτητο
731 4885 898 4940 πάλαι
920 4924 935 4947 .
964 4886 1060 4940 επὶ
1100 4886 1162 4940 τὸ
1192 4888 1439 4958 κρεῖττον
1476 4886 1591 4941 εστι
1624 4891 1689 4957 τῇ

98 4977 424 5047 Δεσποτικῇ
468 4976 744 5045 ἐπικρίσει
786 4976 920 5047 όρᾷν
947 4977 1260 5047 ἀνηγμένω
1289 4976 1386 5030 καὶ
1414 4976 1575 5031 τοῦτο
1604 4979 1695 5032 διά

96 5083 163 5120 τε
190 5064 339 5121 ἄλλα
370 5064 560 5136 μυρία,
590 5068 684 5120 καὶ
708 5066 843 5121 διότι
867 5067 978 5121 τῶν
1005 5068 1251 5122 παλαιιῖιν
1277 5068 1457 5140 νόμων
1483 5071 1694 5139 ἀμετα-

98 5158 359 5226 κινήτων
387 5154 664 5218 παντελῶς
697 5157 986 5226 μενόντων,
1022 5158 1117 5211 καὶ
1148 5159 1183 5229 ή
1213 5157 1458 5212 πολιτεία
1490 5162 1523 5230 ὴ
1554 5159 1693 5231 αὐτὴ

95 5248 279 5314 λόγον
323 5242 467 5315 εἶχεν
503 5235 801 5314 ἀναγκαῖον
830 5251 942 5313 τοῖς
972 5249 1158 5320 νόμοις
1192 5250 1652 5316 συνδιασώζεσθαι
1676 5269 1691 5284 ·

96 5344 133 5411 ἠ
153 5342 219 5394 δὲ
240 5338 399 5393 οὐδὲν
413 5338 522 5391 τῶν
548 5339 842 5410 ὑπερφυῶν
861 5342 956 5394 καὶ
976 5339 1363 5413 ἀπερβστερον
1384 5342 1695 5413 ύπερίιαμ-

94 5434 210 5504 ψεν
264 5430 393 5484 οὕτε
436 5429 663 5501 δύναμιν
717 5430 966 5485 ἐπλούτει
1014 5432 1454 5502 παραδέξασθαι·
1505 5434 1691 5505 ῶσπερ

93 5524 233 5577 οὐδὲ
268 5521 533 5591 πρότερον
580 5522 791 5593 μυρίων
833 5521 1006 5593 αὐτὴν
1037 5522 1570 5595 παιδαγωγησάντων
1606 5541 1694 5578 νο-

96 5614 367 5688 μοθετῶν
392 5617 483 5667 καὶ⁵
517 5614 814 5686 προφητῶν
846 5616 940 5669 καὶ
966 5615 1177 5670 πολλῶν
1206 5616 1382 5670 ἀλλων
1413 5616 1575 5687 ἱερῶν
1608 5617 1691 5670 δι-

90 5704 436 5776 δαγμάτων,
474 5702 585 5758 οὔτ’
630 5706 696 5759 ἂν
746 5706 827 5769 είς
860 5704 1011 5769 τέλος
1061 5707 1352 5779 προέϐαινε
1404 5706 1467 5759 τὸ
1513 5707 1692 5780 ἐγχεί-

1797 4796 1865 4852 Et
1889 4798 1996 4852 alia
2019 4798 2275 4869 plurima,
2301 4814 2424 4869 qua
2451 4815 2576 4854 cum
2608 4800 2739 4854 olim
2776 4815 2874 4868 pro
2897 4802 3236 4856 audientium
3266 4802 3370 4855 im-

1797 4888 2128 4958 perfectione
2164 4890 2369 4959 perlata
2400 4888 2655 4955 fuissent,
2696 4891 2921 4946 meliora
2952 4892 3077 4946 dein
3119 4907 3149 4946 a
3180 4892 3370 4947 Domi-

1797 4979 1936 5034 nicis
1972 4979 2209 5035 decretis
2257 4979 2396 5034 facta
2445 4994 2570 5035 esse
2618 4980 2887 5035 videmus.
2926 4981 2978 5035 Id
3010 4993 3191 5036 autem
3239 4998 3367 5038 cum

1795 5070 1865 5124 ob
1889 5069 2026 5124 alias
2054 5071 2353 5139 permultas
2378 5085 2575 5126 causas
2608 5070 2913 5127 factitatum
2950 5083 3052 5136 est,
3086 5083 3198 5128 tum
3224 5090 3367 5146 pne-

1793 5161 1953 5231 cipue
1976 5162 2105 5229 quia
2144 5161 2189 5216 si
2220 5162 2416 5231 prisca
2452 5163 2600 5232 leges
2629 5162 2846 5218 intactae
2870 5178 3098 5233 prorsus
3128 5168 3366 5222 mansis-

1792 5261 1937 5318 sent,
1976 5268 2134 5308 sacra
2180 5268 2401 5323 quoque
2431 5254 2741 5324 respublica
2780 5256 3095 5309 necessario
3127 5272 3253 5311 cum
3284 5257 3366 5312 le-

1794 5342 1955 5411 gibus
2000 5343 2374 5397 conservanda
2432 5342 2663 5409 fuisset;
2709 5358 2832 5413 qua
2875 5346 3168 5415 caeteroqui
3216 5347 3365 5401 nulla

1791 5434 1842 5487 vi
1875 5433 2109 5502 pollebat
2134 5436 2201 5487 ad
2234 5433 2547 5504 recipienda
2569 5437 3009 5505 supernaturalia
3032 5452 3156 5507 qua:
3180 5449 3365 5506 postea

1788 5524 2109 5579 effulserunt
2140 5525 2301 5578 bona.
2344 5524 2513 5581 Sicuti
2543 5540 2612 5581 ne
2644 5533 2803 5581 antea
2838 5527 3083 5597 quidem,
3125 5528 3369 5598 permul-

1791 5617 1861 5671 tis
1906 5617 2031 5671 licet
2066 5617 2441 5672 erudientibus
2488 5633 2607 5672 eam
2657 5618 3131 5689 legumlatoribus,
3183 5629 3367 5673 orato-

1791 5708 1960 5767 ribus.
2022 5717 2183 5777 atque
2238 5710 2539 5778 prophetis,
2591 5710 2826 5782 aliisque
2880 5711 3132 5781 pluribus
3191 5710 3367 5766 sacris

172 5883 226 5916 “
260 5887 377 5937 Δεῖ.
412 5898 524 5946 xlv,
563 5882 646 5936 l0.
736 5884 780 5916 δ’
804 5883 995 5941 Matth.
1029 5902 1080 5951 v,
1114 5886 1207 5940 2f.
1282 5886 1329 5919 "
1351 5886 1483 5941 ibid.
1516 5886 1607 5941 27.
1683 5886 1689 5915 ‘

1790 5886 1889 5944 )id.
1922 5886 2012 5943 38.
2044 5888 2110 5920 ⁸⁸⁸
2143 5888 2161 5943 l
2200 5886 2345 5944 Petr.
2384 5905 2421 5945 t.
2455 5890 2538 5942 l2.
