4162 6442
809 376 914 443 927

1954 365 2217 427 PHOTII
2253 364 2755 427 PATRIARCHB
2790 366 2900 426 ΟΡ.

3971 359 4064 425 928

798 488 1104 552 doctrinis,
1166 485 1442 542 institutio
1492 491 1676 539 tamen
1739 482 1807 537 ad
1868 496 2029 536 suum
2089 498 2370 552 nunquam

2490 497 2667 552 ρημαο
2711 482 2848 534 ἀλλὰ
2887 480 3086 552 μάτην,
3126 482 3285 552 εἰπερ
3311 483 3372 536 ἐν
3415 481 3526 544 τοῖς
3559 480 3744 543 αὐτοῖς
3789 479 3823 531 ὸ
3853 477 4062 549 ἀνθρώ-

803 584 1014 655 apicem
1076 578 1244 633 venit.
1298 577 1667 644 Quamobrem
1729 576 1776 629 si
1836 573 2076 628 humana
2149 573 2260 628 vita
2325 573 2380 629 in

806 675 996 731 iisdem
1030 671 1229 726 ritibus
1261 669 1673 739 permansisset,
1702 665 2014 722 Servatoris
2043 665 2287 720 studium
2323 675 2382 719 et

804 761 1199 818 sollicitudines
1228 760 1282 813 in
1309 773 1527 813 cassum
1556 757 1728 812 fuisse
1754 763 2192 825 coarguerentur
2213 771 2230 819 ;
2255 755 2382 823 quia

803 853 1080 907 humanus
1111 857 1343 906 conatus
1378 849 1510 903 nihil
1555 848 1760 920 grande
1787 847 2058 904 coniicere
2080 853 2278 916 potest.
2314 845 2380 900 Et

803 945 1021 1016 quidem
1063 942 1248 998 servili
1282 950 1549 995 creatur-.e
1579 955 1756 1010 neque
1785 938 2044 1009 possibile
2081 946 2164 992 est
2205 951 2381 1007 neque

806 1037 1060 1106 impune,
1092 1034 1367 1089 Creatoris
1400 1047 1464 1086 ac
1506 1031 1720 1086 Domini
1773 1032 1918 1102 leges
1964 1031 2017 1084 in
2070 1029 2232 1084 aliam
2279 1029 2382 1082 l'or-

807 1140 950 1179 mam
982 1135 1291 1195 pervertere
1317 1139 1330 1174 :
1362 1121 1456 1175 sed
1480 1121 1530 1174 ei
1555 1121 1778 1176 demum
1807 1123 1934 1190 quia
1965 1135 2061 1174 sua
2088 1120 2375 1174 clementia

807 1225 1118 1271 commotus
1156 1225 1423 1271 creaturae
1470 1213 1701 1267 salutem
1753 1210 2149 1281 procurandam
2193 1225 2380 1267 susce-

807 1305 908 1374 pit,
947 1303 1351 1358 Dominicarnm
1386 1315 1609 1371 quoque
1653 1300 1833 1369 legum
1883 1298 2203 1354 reinrmatio
2247 1315 2382 1354 con-

807 1397 1000 1458 venit.
1055 1393 1392 1448 Dominicam
1441 1392 1652 1447 scilicet
1712 1399 2036 1460 potestatem
2086 1407 2117 1445 a
2171 1401 2386 1446 suamet

2478 590 2628 636 πινος
2658 572 2871 643 διέμενε
2901 572 3037 645 βίος,
3065 573 3100 643 ἡ
3126 573 3227 642 τῆς
3253 575 3522 644 σωτηρίας
3553 571 3834 641 προϊοῦσα
3861 572 4062 639 σπουδὴ

2474 665 2570 718 καὶ
2611 664 2955 734 ἐπιχείρησις
2999 665 3347 735 διηλέγχετο,
3400 667 3498 734 τῆς
3549 664 3649 734 μέν
3698 663 4059 732 ἀνθρωπὲνης

2475 756 2783 824 φιλοτιμίας
2805 756 2957 809 ούδέν
2981 754 3312 825 ἐξανυούσης
3337 755 3502 825 μέγα,
3533 757 3626 808 ᾰτε
3659 753 3806 824 μήτε
3840 753 4064 806 δυνατὸν

2475 849 2574 920 τὴν
2592 848 2790 920 δούλην
2841 849 3020 903 κτίσιν
3057 846 3193 919 μηδέ
3233 848 3436 917 τόλμης
3485 846 3808 907 ἀνεύθυνον,
3838 847 3941 897 τοῦ
3972 847 4064 912 Ar,-

2486 941 2750 1010 μιουργοῦ
2802 941 2896 994 καὶ⁵
2927 940 3199 993 Δεσπότου
3257 940 3454 1010 νόμους
3512 937 3898 1008 μετακοσμεῖν
3953 937 4064 986 ἐπι·

2477 1033 2710 1101 χειρεῖν·
2761 1031 2839 1103 τῷ
2887 1031 3072 1102 μέντοι
3129 1031 3230 1100 τὴν
3267 1069 3279 1089 .
3313 1030 3590 1100 σωτηρίαν
3631 1027 3728 1081 διὰ
3782 1025 4064 1092 σπλάγχνα

2477 1121 2663 1185 ἐλέους
2693 1123 3150 1194 κατεργαζομένῳ
3170 1121 3264 1176 τοῦ
3300 1121 3642 1190 πλάσματος,
3676 1119 3714 1188 ἦ
3741 1134 3812 1171 τε
3841 1117 3958 1169 τῶν
3981 1119 4063 1166 Δε-

2479 1215 2754 1268 σποτικῶν
2784 1215 2964 1285 νόμων
2987 1215 3396 1286 μετακόσμησις
3418 1213 3706 1282 πρέπουσα
3735 1209 3847 1278 τὴν
3875 1213 4064 1261 Δεσπο-

2478 1305 2635 1376 τικὴν
2659 1306 2908 1371 ἐξουσίαν
2931 1308 3073 1360 κατά
3101 1307 3263 1376 φύσιν
3293 1305 3488 1375 ἔχοντι,
3524 1305 3618 1356 καὶ
3646 1302 3752 1370 τῆς
3791 1301 4064 1358 πολιτείας

2488 1397 2646 1465 ῥᾳδία
2683 1415 2742 1452 τε
2765 1399 2862 1452 καὶ
2887 1399 3142 1472 ἁρμόδιος
3172 1400 3206 1470 η
3239 1399 3376 1468 πρὸς
3403 1398 3464 1450 sb
3489 1396 3702 1466 βέλτιον
3735 1393 4062 1452 ἀνανέωσις.

813 1499 1014 1546 natura
1047 1484 1268 1540 babenti
1298 1501 1313 1538 :
1345 1483 1630 1551 eidemque
1658 1479 1934 1551 perfacilis
1959 1487 2044 1535 est
2105 1488 2161 1534 et
2215 1493 2454 1550 congrua
2496 1485 2839 1553 publicorum
2880 1502 3166 1543 sacrorum
3217 1489 3285 1542 ad
3324 1487 3603 1542 meliorem
3639 1498 3864 1542 statum
3905 1495 4066 1538 trans.

810 1586 1124 1726 latibulis
1159 1669 1380 1736 insuper
1424 1629 1669 1734 tantique
1715 1663 1919 1718 amoris
1959 1663 2379 1726 demonstratio,

2557 1666 2620 1719 δ’.
2681 1666 2801 1718 Ἔτι
2858 1682 2922 1734 γε
2974 1665 3080 1735 μὴν
3125 1666 3225 1735 τῆς
3261 1665 3530 1736 τοσαύτης
3585 1665 3684 1720 καὶ
3735 1663 4066 1734 τηὶικαὴς

810 1763 1116 1832 cujusmodi
1142 1761 1196 1814 in
1229 1757 1602 1815 exinanitione
1639 1756 1758 1826 ejus
1786 1771 1945 1825 quem
1978 1755 2246 1810 exinaniri
2278 1770 2386 1810 non

2490 1760 2708 1828 ἀγάπης
2739 1759 2771 1827 ὴ
2802 1757 3048 1823 ἔνδειξις,
3073 1759 3139 1829 ἢν
3166 1756 3256 1812 διὰ
3275 1756 3336 1810 τὸ
3369 1757 3674 1827 κενωθῆναι
3700 1757 3772 1810 δι⁹
3814 1758 3971 1825 ἡμᾶς
3994 1759 4067 1806 τίν

811 1866 975 1924 posse
1011 1849 1271 1915 vidimus,
1300 1848 1392 1916 qui
1426 1847 1540 1902 fieri
1574 1855 1791 1916 poterat
1823 1853 1883 1900 ut
1914 1846 1968 1900 in
2001 1844 2252 1899 notitiam
2292 1860 2389 1899 no-

813 1953 987 1999 stram
1014 1941 1244 2006 veniret,
1285 1939 1369 1993 vel
1403 1947 1462 1992 ut
1491 1936 1847 2008 providentia
1880 1949 2010 2006 erga
2043 1950 2145 1990 nos
2174 1935 2391 2006 magni-

815 2033 1059 2087 tudinem
1088 2041 1568 2099 cognosceremus,
1619 2027 1665 2082 si
1697 2026 1842 2081 Deus
1880 2040 2099 2095 operam
2127 2025 2388 2090 dedisset,

815 2132 876 2178 ut
906 2124 975 2177 ah
1002 2122 1132 2188 alio,
1166 2128 1360 2190 praeter
1385 2132 1466 2182 se,
1523 2117 1769 2187 quolibet
1798 2131 2144 2172 communem
2176 2117 2391 2187 generis

816 2215 1049 2270 salutem
1103 2209 1560 2280 impetraremus?
1609 2207 1796 2278 Neque
1842 2222 1973 2261 sane
2018 2206 2100 2260 vel
2135 2207 2392 2276 angelica:

817 2305 920 2375 ipsi
955 2314 1164 2359 natura:
1193 2317 1515 2357 concessum
1549 2300 1673 2365 fuit,
1711 2310 1772 2356 ut
1811 2309 1920 2354 tam
1957 2301 2156 2369 grande
2187 2308 2242 2355 et
2271 2301 2392 2355 uni-

816 2396 1030 2450 versale
1059 2394 1378 2464 mysterium
1415 2393 1518 2446 sibi
1550 2392 1868 2448 vindicaret.
1905 2389 2040 2445 Nam
2080 2392 2182 2448 etsi
2216 2392 2392 2464 angeli

822 2490 960 2541 lines
986 2487 1229 2557 gentium
1261 2485 1465 2554 singuli
1513 2483 1758 2554 singulos
1786 2483 2175 2539 custodiendos
2215 2484 2391 2539 sortiti

822 2591 972 2642 sunt,
1023 2578 1250 2630 minime
1291 2587 1474 2629 tamen
1526 2575 1764 2629 universi
1810 2573 2023 2644 generis
2069 2574 2394 2643 gubernatio

819 2670 904 2722 vel
939 2668 1267 2721 instauratio
1307 2665 1621 2720 concredita
1670 2665 1861 2720 iisdem
1911 2673 2015 2718 est.
2055 2662 2223 2738 Ilulto
2265 2679 2395 2719 vero

826 2759 1008 2813 minus
1055 2757 1290 2826 simplici
1338 2756 1546 2808 homini
1595 2755 1648 2810 id
1695 2753 1874 2808 facere
1925 2754 2102 2816 licuit,
2144 2753 2395 2820 quamvis

821 2849 1119 2902 virtutibus
1144 2848 1286 2900 inter
1315 2856 1542 2899 exteros
1575 2843 1935 2912 praefulgenti.
1967 2841 2223 2895 Videmus
2248 2840 2394 2893 enim

823 2940 905 2993 vel
943 2955 1009 2994 ex
1038 2940 1121 2993 liis
1157 2938 1546 2991 celeberrimos
1572 2938 1665 2988 uni
1706 2949 1848 3003 saepe
1886 2933 2053 3003 genti,
2085 2941 2138 3011 et
2175 2931 2392 3000 quidem
2430 2948 2432 2952 τ

2489 1849 2756 1901 άκένωτον
2778 1846 3041 1916 ἐγνωμεν,
3067 1846 3232 1900 πόθεν
3257 1845 3324 1900 ἂν
3344 1849 3426 1909 είς
3443 1846 3647 1914 γνῶσιν
3673 1847 3839 1915 ἡμᾶς
3866 1848 4064 1914 ἀφῖκτο,

2489 1938 2522 2008 ἢ
2553 1938 2653 2007 τῆς
2680 1938 2823 2008 ,περὶ
2860 1938 3009 2008 ἡμᾶς
3037 1936 3203 1990 αὐτοῦ
3237 1938 3493 2007 προνοίας
3531 1935 3594 1989 τὺ
3623 1934 3881 2004 μέγεθος
3914 1937 4068 2002 sm

2493 2026 2736 2098 ρίζομεν,
2776 2029 2825 2080 εί
2857 2027 2926 2081 δι’
2965 2027 3154 2099 ἐτέρου
3182 2029 3326 2090 τινος
3364 2028 3599 2080 ἐδικαίου
3628 2026 3735 2096 τὴν
3763 2026 3966 2096 κοινὴν
3993 2025 4067 2077 se;

2490 2118 2679 2186 γένους
2705 2118 2982 2190 σωτηρίαν
3030 2121 3177 2190 ἡμᾶς
3210 2118 3500 2184 δέξασθαις
3529 2117 3607 2172 Ού
3643 2119 3848 2188 μέντοι
3888 2135 3955 2186 γε
3978 2116 4070 2170 οὐδ’

2491 2209 2786 2280 ἀηελικῆς
2815 2209 3031 2278 φύσεως
3065 2212 3310 2280 ἐνεργεῖν
3337 2211 3397 2262 rb
3427 2213 3570 2279 μέγα
3593 2209 3761 2263 τοῦτο
3795 2213 3903 2262 καὶ
3942 2227 4070 2276 παγ-

2493 2297 2720 2367 κόσμιον
2755 2301 3083 2369 μυστήριον*
3119 2299 3167 2352 οἳ
3198 2300 3337 2352 κατὰ
3382 2301 3450 2352 τά
3475 2300 3602 2368 ὅρια
3637 2299 3753 2352 τῶν
3774 2299 3964 2352 ἐθνῶν
3983 2300 4073 2354 ἀνά

2491 2390 2722 2453 ἕκαστος
2766 2391 2943 2444 αὐτῶν
2974 2392 3072 2461 τὴν
3118 2391 3441 2444 ἐπιστασίαν
3480 2390 3925 2460 ἐκληρώσαντο,
3969 2391 4073 2442 ἀλλ’

2492 2481 2737 2557 οὖχὶιτοῦ
2775 2481 2972 2544 παντὸς
3011 2481 3203 2550 γένους
3234 2480 3333 2552 τὴν
3379 2479 3709 2550 κυϐέρνησιν
3737 2482 3862 2549 (81)
3917 2482 3993 2549 μή
4029 2481 4073 2529 τε

2494 2590 2559 2643 γε
2587 2573 2684 2642 τὴν
2725 2573 3029 2626 ἀνάπλασιν
3062 2573 3481 2641 ἐπιστεύθησαν.
3527 2571 3604 2625 Ού
3646 2570 3755 2641 μὴν
3803 2572 3934 2625 ἀλλ’
3962 2571 4074 2624 οὐδὲ

2496 2665 2676 2736 πο).λῷ
2707 2665 2907 2735 μᾶλλον
2940 2663 3226 2736 ἀνθρώπου
3257 2663 3449 2732 ψιλοῦ,
3489 2666 3538 2717 εί
3571 2663 3665 2717 καὶ
3692 2665 3820 2726 ταῐς
3855 2665 4075 2732 ἀρεταῖς

2495 2757 2630 2827 πρὸς
2675 2757 2802 2820 τοὺς
2857 2757 3048 2820 ἄλλους
3092 2755 3248 2826 φέρει
3295 2755 3357 2807 τὸ
3392 2756 3666 2827 διάφορον.
3746 2754 3927 2825 Ὀρᾷν
3975 2757 4074 2822 γὰρ

2495 2847 2646 2902 ἐστιν
2695 2849 2876 2903 αὐτῶν
2928 2850 3054 2911 τοὺς
3110 2849 3572 2916 ἐπιφανεστάτους
3624 2846 3895 2908 πολλάκις
3962 2848 4078 2906 ἐνὸς

2493 2937 2678 2998 ἔθνους
2698 2939 2818 2992 ούδέ
2842 2939 3099 3009 μεγίστου
3121 2939 3652 3002 καταπιστευοέντας
3678 2938 4072 3005 παιδαγωγίαν

825 3048 932 3085 non
957 3031 1180 3084 maximi
1210 3031 1442 3090 numeri,
1470 3027 1718 3095 regendae
1739 3023 2198 3091 iiistituendaequc
2226 3021 2389 3075 fuisse

1041 3120 1051 3130 .
1254 3127 1263 3130 -
1726 3129 1729 3130 ν
2102 3111 2363 3130 ,ε,,,,..,

2497 3047 2568 3083 κα
2613 3032 2960 3100 κυϐέρνησιν,
3003 3031 3097 3083 καὶ
3141 3030 3263 3083 οὐδὲ
3305 3029 3508 3100 ταύτην
3547 3031 3862 3100 ἀμέμπτως
3909 3031 4074 3100 μέχρι

823 3120 1183 3192 praepositos;
1215 3127 1379 3186 atque
1412 3116 1514 3169 lioc
1543 3115 1664 3183 ipso
1691 3127 1916 3167 munere
1950 3127 2057 3166 non
2099 3112 2218 3164 sine
2245 3111 2395 3164 defe-

824 3224 918 3266 ctu
956 3211 1140 3279 aliquo
1187 3207 1358 3263 fuisse
1390 3205 1704 3260 defunctos.
1734 3204 1950 3265 ,Mosein
1998 3203 2124 3257 licet
2164 3202 2391 3272 cogites,

826 3304 910 3357 vel
945 3301 1110 3370 hujus
1147 3312 1524 3355 successorem
1563 3295 1812 3360 Josuam,
1851 3294 1934 3348 vel
1967 3293 2136 3347 alium
2158 3291 2395 3362 quemli-

828 3395 920 3449 het
947 3409 1014 3448 ex
1049 3394 1115 3448 iis
1143 3391 1237 3461 qui
1267 3390 1444 3460 gentis
1483 3389 1746 3443 ducatum
1791 3390 2220 3456 eapessiverunt.
2254 3382 2397 3436 Prae-

825 3499 909 3544 ter
940 3502 1104 3557 quam
1135 3486 1278 3554 quod
1335 3498 1420 3538 res
1453 3497 1670 3552 quoque
1709 3479 1970 3541 maxima,
2018 3483 2288 3546 quthuot
2327 3489 2394 3528 ex

827 3579 977 3634 omni
1015 3593 1133 3632 aevo
1166 3579 1316 3630 mine
1348 3574 1592 3634 fuerunt,
1621 3585 1856 3641 vereque
1886 3570 2007 3640 plus
2034 3583 2198 3637 quam
2232 3569 2396 3622 mira-

828 3671 973 3734 bilis,
1005 3670 1140 3725 satis
1174 3668 1296 3722 vilis
1329 3667 1615 3730 evasisset,
1664 3664 1908 3733 nihilque
1937 3661 2219 3715 habuisset
2246 3660 2390 3728 quod

827 3763 1022 3818 merito
1069 3760 1496 3830 suspiceremus.
1531 3756 1668 3812 Nam
1701 3758 1746 3812 si
1781 3762 2028 3810 creatura
2070 3766 2194 3806 cum
2238 3765 2391 3806 crea-

826 3853 964 3908 turis
996 3862 1266 3913 versetur,
1291 3850 1412 3904 etsi
1440 3849 1732 3919 quisquam
1763 3857 2033 3902 conservo
2059 3857 2158 3897 suo
2191 3841 2388 3909 faveat,

825 3943 960 3996 nihil
987 3943 1114 3997 inde
1143 3941 1414 3996 incﬂ‘abile
1443 3940 1712 4009 sequitur,
1741 3954 1842 3994 nec
1879 3936 2026 4007 quod
2055 3950 2155 3990 sua
2187 3935 2391 3988 incom-

823 4033 1178 4103 prehensibili
1203 4033 1412 4102 ditique
1431 4031 1720 4086 clementia
1743 4029 2157 4085 admirationem
2191 4027 2388 4096 pariat.

820 4125 933 4182 Cur
972 4128 1121 4181 enim
1163 4125 1388 4187 mirum,
1440 4123 1521 4178 vel
1565 4139 1665 4179 cur
1697 4119 2249 4191 incomprehensibile
2296 4118 2387 4178 sit,

2497 3119 3078 3184 τέλουςὲξανύσαντας.
3100 3120 3298 3174 Μωσέα
3323 3125 3432 3184 τοῖς
3449 3122 3746 3191 λογισμοῖς,
3781 3122 3836 3171 εξ
3870 3121 4074 3190 βούλει,

2499 3211 2628 3264 λάϐε
2670 3213 2763 3262 καὶ
2798 3211 2888 3264 τὸν
2923 3212 3040 3282 μετ’
3079 3215 3283 3265 ἐκεῖνον
3349 3213 3571 3282 Ἰησοῦν,
3621 3215 3715 3266 καὶ
3760 3215 3885 3267 ὅσοι
3930 3215 4074 3267 ἄλλοι

2497 3302 2595 3373 τὴν
2625 3303 2947 3357 ἐπιστασίαν
2989 3301 3084 3356 τοῦ
3125 3303 3312 3367 ἔθνους
3370 3304 3836 3374 ἐνεχειρίσθησαν.
3880 3306 3992 3358 Ναὶ
4019 3307 4074 3374 δὴ

2500 3394 2637 3462 πρὸς
2674 3393 2882 3456 τούτοις
2911 3395 3006 3447 καὶ
3045 3395 3107 3447 sb
3153 3397 3412 3464 μέγιστον
3447 3395 3554 3448 τῶν
3601 3396 3704 3448 ἀνα
3757 3398 3948 3450 πάντα
3991 3400 4074 3450 τὸν

2498 3484 2672 3536 αἰῶνα
2716 3484 3044 3553 θαυμαστῶν
3072 3487 3168 3539 καὶ
3205 3489 3282 3549 ὡς
3323 3485 3537 3556 άληθῶς
3588 3487 4072 3556 ύπερῡαύμαστον.

2497 3581 2577 3640 είς
2631 3577 2904 3631 εὐτέλειαν
2964 3577 3031 3632 ἂν
3081 3578 3178 3631 καὶ
3232 3577 3386 3631 οὐδὲν
3443 3578 3628 3648 Θαῦμα
3681 3581 4073 3649 παρεχομένην

2497 3669 2693 3739 πρᾶξιν
2723 3670 3001 3736 ἐξέπιπτε.
3046 3671 3292 3733 κτίσεως
3322 3670 3430 3740 γὰρ
3459 3671 3634 3723 κτίσει
3657 3673 3956 3741 συνιούσης
3987 3675 4073 3724 καὶ

2497 3760 3015 3832 προσλαμϐανούσης
3035 3761 3097 3814 τὸ
3115 3762 3424 3828 ὁμόδουλον,
3446 3763 3599 3815 οὖδέν
3621 3761 3746 3816 οὔτε
3767 3763 3885 3817 τῶν
3908 3766 4074 3834 άπορε

2497 3856 2676 3923 ρήτων
2718 3853 3044 3923 παρέπεται.
3081 3852 3206 3906 οὔτε
3235 3854 3423 3923 θαῦμα
3449 3854 3527 3924 τῷ
3570 3854 3955 3924 άκαταλήπτῳ
3985 3857 4072 3908 καὶ

2494 3943 2572 4013 τῷ
2601 3943 2812 4014 πλούτῳ
2843 3944 2940 4012 τῆς
2968 3943 3380 4013 φιλανθρωπίας
3405 3944 3506 4015 τὴν
3539 3944 3803 4013 ἔκπληξιν
3837 3949 4073 4015 παρεχὸ-

2499 4054 2683 4107 μενον.
2728 4036 2794 4089 Τί
2826 4036 2936 4105 γὰρ
2980 4036 3214 4102 ἄγγελον
3262 4036 3595 4105 θαυμαστὸν,
3625 4036 3678 4088 τί
3705 4036 3764 4088 δέ
3792 4037 3912 4089 τῶν
3943 4039 4068 4106 an,

2497 4147 2668 4192 πτων,
2687 4127 2978 4196 ἀνθρώπου
3002 4127 3164 4195 φύσιν
3187 4127 3748 4198 προσοικειιὶηασθαις
3774 4130 4072 4198 Κτίσματα

823 4221 892 4269 ab
919 4217 1113 4286 angelo
1147 4223 1397 4270 naturam
1427 4213 1666 4268 hominis
1695 4212 1939 4269 assumi?
1971 4209 2207 4279 Uterque
2240 4211 2387 4263 enim

2494 4221 2602 4290 γὰρ
2630 4221 2798 4290 άμφω
2824 4219 2918 4272 καὶ
2947 4219 3228 4288 ὁμόδουλοι
3253 4219 3346 4271 καὶ
3371 4221 3580 4289 τροπῆς
3612 4220 3945 4289 μετέχοντες
3965 4237 3979 4250 ο
4025 4223 4068 4271 εί

825 4320 1130 4360 conservus
1179 4310 1283 4367 est,
1343 4311 1570 4372 uterque
1621 4303 1940 4358 mutationis
1973 4315 2184 4369 capax:
2215 4314 2389 4368 quan-

2493 4312 2588 4362 καὶ
2626 4311 2655 4362 ὁ
2697 4307 2796 4377 μὲν
2837 4307 3059 4377 μᾶλλον,
3089 4309 3119 4361 ὁ
3147 4307 3203 4360 δέ
3235 4307 3527 4377 τετίμηται
3563 4307 3622 4360 sb
3655 4307 3991 4360 ἐπέλαττον·
4025 4310 4069 4360 εί

822 4411 984 4463 quam
1007 4398 1144 4450 alter
1183 4394 1415 4463 majore.
1461 4394 1600 4450 alter
1632 4395 1847 4448 minore
1894 4391 2129 4446 adicitur
2161 4391 2385 4445 honore.

2492 4400 2549 4454 δέ
2576 4399 2805 4469 τρεπτδν
2831 4397 3111 4466 ἑκάτερος,
3141 4397 3336 4466 ἄδηλόν
3358 4397 3410 4464 γ’
3433 4397 3537 4458 ἕως
3565 4397 3665 4464 τῆς
3693 4395 3954 4459 ἐνώσεως
3979 4415 4068 4464 γε·

827 4485 1018 4542 Utrum
1055 4502 1186 4542 vero
1224 4495 1457 4556 uterque
1490 4486 1861 4542 convertibilis
1907 4487 1998 4550 sit,
2029 4485 2218 4538 lateret
2257 4498 2389 4538 sane

2490 4489 2826 4559 γενημένης·
2858 4489 2905 4541 εί
2934 4487 3010 4558 μὴ
3040 4488 3176 4558 πρὸς
3205 4487 3301 4556 τὴν
3327 4487 3730 4556 ἐπικρατοῦσαν
3767 4489 3987 4557 τροπὴν
4014 4491 4066 4540 τὸ

823 4593 1000 4648 usque
1046 4577 1112 4632 ad
1152 4577 1593 4646 coniunctionem
1627 4585 1929 4645 patratam;
1985 4575 2092 4630 nisi
2127 4574 2388 4628 adversus

2490 4585 2780 4638 ἐπέλαττον
2801 4585 2972 4654 αὐτῆς
3003 4585 3270 4654 μετασχὸν
3304 4584 3458 4637 λάϐοι
3481 4585 3580 4654 τὴν
3604 4583 3802 4654 ῥοπὴν,
3838 4585 3875 4654 ἢ
3914 4585 4066 4652 εἴπερ

819 4670 1198 4740 prmvalentem
1245 4683 1372 4737 pars
1419 4667 1648 4722 inierior
1689 4669 1862 4722 eidem
1913 4666 2143 4720 obnoxia
2177 4665 2384 4717 lancem

2490 4678 2847 4748 ἐπικρατήσοι
2870 4676 2965 4730 τοῦ
2996 4677 3240 4740 πλείονος
3260 4677 3322 4730 τὸ
3352 4676 3668 4730 ἐπέλαττον.

822 4760 1143 4826 inclinaret;
1195 4758 1280 4812 vel
1329 4757 1434 4813 nisi
1475 4758 1730 4813 nobilinri
1760 4757 1898 4828 parti
1941 4757 2260 4826 praevaleret
2284 4753 2382 4808 de—

817 4861 1012 4904 ιθιἸοΓ.

885 4941 942 4995 5.
1003 4939 1108 4994 Sed
1159 4939 1303 4992 enim
1366 4953 1557 5008 parum
1619 4935 1793 4992 abfuit
1854 4935 1988 5006 quin
2039 4935 2389 4990 oliliviscerer

2563 4939 2628 4987 s'.
2679 4933 2840 4987 Ἀλλὰ
2876 4933 2986 5006 γάρ
3015 4931 3212 5003 μικροῦ
3245 4949 3313 5002 με
3343 4933 3678 5004 παρῆλθενὴ
3715 4934 3872 4987 αἰτία
3906 4935 3977 4987 δι’
4005 4937 4065 5002 ἦν

817 5049 1003 5088 causae
1033 5033 1349 5102 potissimm,
1378 5046 1478 5087 cur
1506 5030 1550 5085 si
1581 5030 1808 5100 angelus
1838 5038 1933 5082 aut
1962 5028 2191 5097 simplex
2225 5027 2389 5081 homo

2492 5027 2729 5098 μάλιστα
2769 5027 2925 5097 εῐπερ
2975 5026 3206 5094 ἄγγελος
3245 5027 3278 5098 ἢ
3335 5027 3492 5096 ψιλὸς
3524 5026 3820 5097 ἄνθρωπος
3845 5030 4061 5082 ἁνασώ·

819 5137 1148 5193 τσιηυρθιδατο
1195 5137 1294 5176 nos
1334 5139 1362 5177 a
1406 5123 1559 5191 lapsu
1599 5123 1822 5176 molitus
1850 5128 2014 5181 esset,
2048 5133 2389 5188 nequaquam

2492 5118 2684 5172 σασθαι
2713 5119 2862 5189 ἡμᾶς
2885 5116 2983 5170 τοῦ
3010 5116 3299 5187 πτώματος
3329 5117 3716 5188 προεϐέϐλητο,
3743 5121 3869 5189 οὐχὶ
3897 5137 4064 5188 σωτη.

818 5215 994 5267 salute
1032 5212 1136 5267 frui
1170 5227 1461 5282 possemus
1493 5231 1508 5266 :
1555 5214 1757 5282 quippe
1787 5211 1916 5278 quia
1949 5211 2311 5278 pulcherrima
2340 5217 2389 5262 et

2492 5211 2612 5280 ρίας
2658 5209 2861 5279 μᾶλλον
2902 5208 3281 5280 άτ.ηλαύομεν,
3327 5208 3464 5262 ἀλλά
3501 5209 3594 5262 τοῦ
3627 5211 3925 5265 καλλίστου
3975 5216 4064 5266 καὶ

818 5304 1214 5374 pretiosissima
1257 5311 1312 5358 et
1358 5302 1618 5358 ineﬂ‘ahili
1667 5303 1840 5373 gloria
1883 5302 2181 5355 humanum
2213 5312 2384 5371 genus

2490 5299 2818 5368 τιμιωτάτου
2849 5298 2942 5349 καὶ
2967 5297 3063 5367 τῆς
3090 5296 3643 5367 άνεκφράστουζδόξης
3662 5298 3726 5351 sb
3750 5301 3910 5367 γένος
3940 5319 4062 5354 κατ·

816 5398 1111 5452 esciderct.
1147 5397 1432 5462 Quomodo
1463 5396 1515 5450 id
1559 5396 1641 5450 vel
1670 5409 1833 5465 quam
1867 5395 1939 5449 ob
1962 5401 2221 5448 causam!
2250 5391 2380 5461 quia

2491 5391 2708 5443 έπιπτε.
2757 5389 2881 5452 Πῶς
2912 5389 2972 5442 δέ
3029 5389 3123 5442 καὶ
3148 5387 3236 5441 διὰ
3263 5388 3426 5442 ποίαν
3457 5389 3680 5456 αίτίαν;
3739 5391 3936 5463 ὅτιπερ
3965 5394 4060 5445 οὐκ

818 5488 1026 5545 scilicet
1065 5503 1133 5543 nc
1161 5489 1420 5545 accedere
1456 5487 1681 5560 quidem
1728 5488 1926 5543 nedum
1967 5485 2274 5556 pertingere
2312 5482 2382 5536 ad

2490 5477 2556 5551 ἦν
2586 5484 2717 5550 ἡμῖν
2735 5480 2960 5535 δυνατὸν
2987 5480 3108 5534 οὐδὲ
3131 5480 3297 5549 ἐγγὺς
3324 5483 3505 5550 τυχεῖν
3530 5479 3613 5545 οἷς
3637 5481 3736 5535 νῦν
3768 5481 3864 5537 τοῦ
3889 5485 4060 5551 Λόγου

2318 5635 2545 5698 NOTAE.

891 5763 1002 5833 (8|)
1027 5761 1268 5817 Notanda
1296 5768 1379 5812 est
1404 5759 1516 5811 hanc
1538 5755 1715 5813 Pliotii
1737 5755 1804 5811 de
1821 5755 2141 5811 custodibus
2164 5755 2370 5824 angelis
2409 5757 2552 5810 docti
2570 5756 2680 5806 ina.
