4162 6442
207 466 311 533 999

1111 452 1212 511 Αἰ)
1264 446 1848 510 AMPHILOCHIUM
1886 446 2229 519 QU/ESTIO
2265 446 2491 508 CXCII.

3325 444 3430 509 930

210 563 576 639 σαρκωθέντος
605 560 958 633 ίντρυφῶμεν
984 560 1079 613 καὶ
1113 557 1457 626 ἀπολαύομεν
1494 556 1603 609 τῶν
1634 556 1765 625 ὑπὲρ

1873 555 1961 609 illa
2008 555 2149 609 bona
2197 555 2409 619 liceret,
2446 553 2645 622 quibus
2687 567 2853 619 nunc,
2903 552 3078 609 Verbo
3121 552 3424 617 incantato.

207 663 427 714 ἔννοιαν.
480 654 590 708 Ποῦ
620 653 729 723 γάρ
757 653 790 723 ἡ
822 651 939 715 πῶς
970 650 1036 705 ἀν
1066 650 1144 721 τῷ
1178 651 1432 721 ἡμετέρῳ
1460 649 1608 717 γένει
1637 648 1762 700 ὲκε-

212 751 448 820 χάριστο,
497 745 847 815 ἀνθρωπίνης
873 743 1086 812 φύσεως
1116 743 1150 813 ἢ
1184 741 1482 811 ἀγγελικῆς
1508 740 1607 810 τὴν
1639 740 1766 810 περὶ⁵

210 843 348 914 ἡμᾶς
390 838 703 909 οἰκονομίαν
736 837 1144 907 ὑπερχομένης,
1195 837 1253 888 ἐν
1284 834 1434 904 δεξιᾷ
1482 832 1576 885 τοῦ
1629 831 1765 886 Θεοῦ

212 934 299 987 καὶ
337 931 547 1001 [ἰατρὸς
598 928 908 998 ίδρυνθῆναι
961 928 1057 983 καὶ
1095 926 1277 995 πάσης
1323 925 1622 995 ἀγγελικῆς
1673 923 1767 976 καὶ

209 1025 560 1095 ἀρχαγγέλων
614 1019 1278 1092 χοροστασίαςύπεράνω
1332 1004 1620 1084 γενέσθαι,
1672 1014 1767 1068 καὶ

211 1118 365 1184 τιμῆς
387 1116 477 1167 καὶ
500 1112 657 1181 δόξης
679 1108 986 1165 ἀπολαῦσαι
1005 1108 1271 1177 τοσαύτης
1294 1108 1390 1160 καὶ⁵
1414 1106 1764 1175 τηλικαύτης,

207 1208 279 1267 ὼς
314 1205 407 1258 καὶ
432 1204 607 1258 αὐτῶν
627 1202 736 1254 τῶν
759 1200 872 1254 ἀνω
897 1199 1174 1269 δυνάμεων
1206 1198 1301 1251 καὶ
1327 1198 1611 1265 ἐγγυτάτω
1631 1193 1765 1248 Θεοῦ

208 1297 534 1364 ἑστηκότων,
554 1290 958 1360 ἐπιθυμούντων
975 1290 1072 1355 μὶν
1098 1292 1175 1351 εἰς
1189 1289 1291 1357 τὴν
1315 1287 1588 1359 ἡμετέραν
1611 1287 1768 1351 δόξαν

206 1383 270 1458 ἦς
296 1387 384 1439 διὰ
419 1385 513 1438 τοῦ
542 1384 862 1453 φυράματος
890 1381 1232 1450 ἀπολαύομεν
1258 1378 1576 1450 παρακύψαι
1596 1419 1611 1444 ,
1646 1381 1765 1448 μεί-

211 1480 333 1542 ζονα
368 1477 425 1530 δὲ
456 1477 555 1544 τὴν
586 1474 870 1542 ἐπιτυχίαν
902 1474 1000 1542 τῆς
1030 1470 1325 1540 έπιθυμίας
1369 1470 1763 1536 εύρισκόντωνς

208 1568 416 1637 Ταύτης
448 1568 505 1619 δέ
544 1581 607 1633 γε
645 1564 744 1633 τῆς
793 1563 1068 1632 μακαρίας
1110 1564 1202 1616 καὶ
1248 1562 1623 1629 ἀνεκφράστου
1674 1560 1769 1613 καὶ

209 1662 346 1729 ὑπὲρ
395 1660 602 1712 ἔννοιαν
657 1656 861 1727 λήξεως
902 1655 997 1708 τοῦ
1050 1654 1391 1727 ἀνθρωπίνου
1444 1655 1633 1720 γένους
1668 1655 1768 1721 τὴν

209 1753 463 1822 στέρησιν
504 1749 888 1819 ὑπομένοντος,
925 1750 1019 1801 ἀτε
1063 1747 1127 1817 δὴ
1156 1746 1292 1815 μηδὲ
1326 1745 1417 1799 τοῦ
1447 1745 1766 1815 φυράματος

205 1847 237 1911 η
246 1844 361 1911 μῶν
388 1842 453 1895 δι’
478 1841 823 1911 ἀνθρωπίνης
844 1839 877 1908 ἢ
903 1838 1195 1907 ἀγγελικῆς
1217 1835 1463 1897 ἀνώσεως
1489 1834 1589 1904 τῆς
1609 1833 1765 1905 δόξης

1870 646 2209 701 abundamus
2240 659 2403 717 atque
2432 645 2759 715 perfruimur
2786 659 2953 715 supra
2999 660 3164 715 quam
3200 648 3425 717 cogitari

1867 746 2065 807 potest.
2095 737 2325 803 Quando
2365 737 2509 792 enim
2552 745 2646 791 aut
2680 736 2959 807 quomodo
3006 745 3194 792 nostro
3242 738 3426 809 generi

1866 844 2185 882 concessum
2216 826 2438 892 fuisset,
2477 831 2523 883 si
2552 827 2789 881 humana
2822 836 3014 880 natura
3054 836 3149 880 aut
3186 826 3429 896 angelica

1868 920 2290 989 redemptionem
2345 930 2587 975 nostram
2636 919 3033 987 procurandam
3081 920 3428 986 sumpsisset.

1867 1010 1920 1063 in
1958 1010 2048 1064 Dei
2077 1010 2361 1079 Patrisque
2390 1011 2613 1065 dextera
2641 1010 2918 1074 collocari,
2946 1024 3217 1079 superque
3238 1024 3431 1064 omnes

1866 1100 2182 1170 angelorum
2256 1111 2419 1170 atque
2493 1100 2945 1169 areliangelorum
3020 1099 3218 1154 choros
3278 1100 3429 1153 exal-

1869 1193 2097 1257 lari“‘,
2149 1193 2352 1262 talique
2381 1201 2437 1247 et
2474 1201 2621 1245 tanta
2672 1191 2841 1261 gloria
2882 1188 3014 1254 l‘rui,
3062 1200 3122 1244 ut
3159 1190 3289 1259 ipsae
3332 1205 3432 1243 su-

1870 1296 2050 1349 perna:
2080 1284 2307 1336 virtutes
2336 1296 2459 1351 qua:
2488 1278 2654 1335 Deum
2700 1283 2943 1351 proxime
2994 1281 3432 1344 circumsistunt,

1872 1370 2250 1425 desiderarent
2283 1371 2502 1440 quidem
2548 1371 2602 1425 in
2650 1380 2892 1427 nostram
2918 1371 3171 1440 gloriam,
3220 1386 3329 1439 qua
3376 1371 3431 1422 in

1872 1477 2036 1517 carne
2066 1464 2392 1525 frueretnur,
2436 1463 2781 1533 prospicere;
2812 1463 2907 1519 sed
2944 1478 3055 1517 rem
3089 1473 3269 1516 tamen
3305 1473 3435 1515 voto

1868 1570 1970 1609 suo
2018 1556 2352 1623 superiorem
2413 1568 2537 1609 esse
2600 1552 2900 1608 sentirent?
2963 1553 3076 1622 Age
3140 1566 3271 1607 vero
3331 1552 3437 1605 hac

1875 1647 2030 1701 beata
2059 1655 2113 1698 et
2140 1644 2398 1699 ineilabili
2431 1659 2591 1713 supra
2628 1659 2789 1713 quam
2818 1643 3045 1714 cogitari
3078 1652 3256 1714 potest
3287 1653 3437 1699 sorte

1870 1736 2169 1789 humanum
2219 1749 2392 1805 genus
2443 1734 2487 1787 si
2534 1732 2725 1789 fuisset
2773 1734 3092 1798 exclusum;
3140 1748 3335 1802 nempe
3385 1735 3433 1787 si

1874 1842 2004 1880 caro
2044 1836 2250 1892 nostra,
2289 1836 2509 1895 propter
2539 1824 2791 1879 humana
2826 1825 3194 1895 angeliraeque
3224 1834 3438 1878 natura;

208 1937 264 1986 ἐν
376 1933 468 1986 νῦν
504 1934 771 2001 ἐκλάμπει
820 1931 917 2001 τὴν
962 1930 1259 1982 ἀπόλαυσιν
1310 1926 1765 1995 προσειληφότος,

1872 1916 2342 1984 conjunctionem,
2372 1916 2599 1984 gloriam
2631 1916 2774 1970 illam
2806 1932 2913 1986 qua
2944 1930 3091 1969 nunc
3123 1915 3294 1985 fulget
3324 1931 3432 1968 non

210 2026 344 2096 μηδὲ
378 2026 512 2095 πρὸς
555 2024 654 2094 τὴν
679 2022 936 2093 τοιαύτην
969 2022 1129 2091 ἡμῶν
1153 2019 1573 2091 ἀναδραμόντων
1613 2019 1768 2087 ἰσχὺν

206 2119 297 2170 καὶ
329 2116 517 2186 ῥώμην
538 2116 629 2167 καὶ
651 2113 747 2181 τῆς
776 2112 938 2181 τιμῆς
967 2112 1028 2163 τὸ
1057 2109 1352 2180 ἐξαίρετον,
1380 2110 1501 2162 τίνα
1530 2109 1594 2162 ἀν
1621 2124 1767 2179 παρ-

205 2207 339 2276 ἧκεν
397 2209 425 2259 δ
470 2204 660 2274 εκθρδς
703 2202 824 2256 καθ’
876 2201 1029 2271 ἡμῶν
1086 2200 1321 2271 τόλμανς
1377 2200 1526 2263 τινας
1577 2199 1621 2253 δ’
1669 2200 1771 2253 οὐκ

207 2298 445 2353 ἀνεκίνει
506 2294 784 2367 μηχανάς,
834 2292 904 2345 δι’
941 2284 1016 2345 ὧν
1051 2289 1211 2343 πάλιν
1262 2289 1485 2352 ἐλπίδας
1548 2288 1771 2359 ἔτρεφεν

208 2388 511 2457 ὑποχείριον
540 2385 724 2437 λαδείν
762 2382 824 2435 τὸ
858 2382 1053 2451 γένος,
1096 2381 1187 2434 καὶ
1235 2380 1341 2432 ύπδ
1391 2379 1487 2451 τὴν
1535 2380 1771 2449 ἀρχαίαν

206 2475 371 2528 αὑτοῦ
418 2472 749 2528 καθελκύσαι
791 2470 1115 2541 τυραννίδα;
1168 2471 1310 2524 κατά
1363 2471 1524 2523 τίνων
1571 2472 1666 2523 καὶ
1709 2468 1771 2523 τὸ

206 2565 407 2636 κράτος
440 2562 727 2616 ἀναλαδεῖν
757 2562 856 2614 οὐκ
886 2560 1139 2632 ἐπήρθης
1179 2562 1275 2614 καὶ
1302 2562 1361 2612 τὸ
1387 2560 1653 2629 φρύαγμα
1676 2560 1771 2611 τοῦ

208 2651 477 2721 προτέρου
508 2650 692 2720 μεῖζον
735 2652 835 2701 οὐκ
875 2650 1261 2713 ὲναπεδείκνυ;
1297 2649 1390 2702 καὶ
1419 2648 1509 2701 τὸν
1546 2648 1771 2719 οὐρανὸν

208 2744 369 2795 αὑτὸν
401 2740 877 2809 πολυπραγμονεῖν
909 2738 1006 2806 οὐχ
1033 2739 1220 2806 ἡγεῖτο
1265 2737 1497 2805 τόλμα-η
1528 2738 1613 2791 διά
1641 2738 1771 2805 γοῦν

205 2831 377 2885 ταῦτα
407 2830 502 2884 καὶ
527 2829 696 2881 πολλά
724 2826 969 2887 τοιαῦτα,
997 2826 1269 2893 θεοσόφως
1294 2827 1400 2896 ἀρα
1431 2828 1524 2880 καὶ
1549 2827 1771 2896 θεοπρε-

205 2922 321 2984 πῶς
348 2924 377 2975 ὁ
404 2920 496 2973 τοῦ
530 2918 666 2972 Θεοῦ
699 2919 869 2986 Λόγος
906 2918 999 2969 καὶ
1039 2916 1155 2978 Υἱὸς
1185 2918 1279 2969 καὶ⁵
1312 2917 1442 2980 Θεὸς
1487 2917 1769 2987 ἀληθινὸς,

207 3016 299 3066 iul.
324 3014 424 3081 οὐχ
452 3009 639 3077 ἕτερός
670 3024 752 3068 τις
788 3005 917 3075 παρ’
941 3006 1103 3059 αὐτὸν
1124 3045 1139 3068 ,
1170 3007 1266 3075 τὴν
1305 3007 1574 3077 ἡμετέραν
1610 3025 1775 3077 προσ-

206 3098 445 3169 ειληφὼς
475 3098 651 3165 σάρκα
670 3094 767 3164 τὴν
802 3094 985 3161 κοινὴν
1012 3091 1107 3146 τοῦ
1130 3094 1317 3161 γένους
1348 3098 1622 3166 σωτηρίαν
1655 3099 1769 3166 εἱρ-

204 3192 433 3256 γάσατο.

716 3302 1050 3356 Epornm
1098 3302 1261 3368 Pw.

211 3398 271 3451 Τί
293 3397 516 3465 δήποτε
537 3396 686 3449 κατὰ
703 3398 810 3448 τὸν
825 3394 1127 3463 μέλλοντα
1151 3392 1338 3465 αίῶνα
1364 3391 1569 3461 κριτὴς
1583 3392 1768 3459 μόνος

697 3465 993 3525 καθέζεται
1030 3467 1063 3518 ὀ
1107 3464 1239 3529 Υἱός
1258 3479 1276 3526 ;

1876 2008 2067 2062 fuisset
2117 2007 2330 2075 adepta,
2373 2021 2550 2075 neque
2593 2006 2659 2059 ad
2711 2008 2806 2060 lias
2854 2006 2997 2061 vires
3051 2014 3216 2075 atque
3268 2006 3437 2059 robur

1874 2100 2211 2170 honorisque
2255 2099 2470 2152 culmen
2520 2113 2620 2152 nos
2663 2113 2908 2153 essemus
2954 2100 3160 2163 evecti;
3207 2112 3435 2152 curnam

1872 2190 2122 2246 diabolus
2169 2189 2450 2243 audaciam
2484 2204 2637 2242 suam
2671 2189 2723 2241 in
2776 2204 2876 2242 nos
2908 2204 3015 2242 non
3059 2188 3440 2258 expromeret?

1872 2296 2009 2351 quas
2041 2280 2323 2336 machinas
2352 2296 2458 2335 non
2492 2280 2771 2335 moveret?
2799 2295 2938 2350 quas
2967 2280 3145 2334 adhuc
3174 2295 3298 2348 spes
3331 2294 3439 2332 non

1875 2375 2132 2438 nutriret,
2164 2374 2280 2428 fore
2316 2385 2373 2427 ut
2402 2373 2597 2428 iterum
2635 2388 2804 2442 genus
2836 2383 3081 2428 nostrum
3125 2370 3231 2427 sibi
3263 2371 3441 2440 subji-

1877 2472 2044 2527 ceret,
2088 2461 2366 2531 veterique
2412 2461 2684 2533 tyrannidi
2736 2461 3077 2515 vindicaret?
3124 2475 3282 2527 quem
3330 2473 3439 2513 nou

1874 2553 2127 2623 potentia:
2146 2567 2257 2607 sua:
2280 2553 2484 2607 viribus
2536 2552 2954 2622 attetnperaret?
2984 2567 3093 2605 non
3126 2552 3438 2620 superbiam

1879 2643 2059 2712 priore
2091 2643 2351 2711 majorem
2383 2643 2656 2698 sumeret?
2690 2659 2819 2698 sane
2863 2659 2961 2698 nec
2993 2645 3090 2713 ipsi
3123 2644 3262 2697 coelo
3309 2644 3440 2697 iusi-

1875 2736 2012 2788 diari
2066 2734 2414 2789 temerarium
2469 2735 2573 2790 sibi
2623 2736 2885 2790 crederet.
2935 2734 3019 2791 0b
3068 2736 3182 2790 haec
3231 2744 3288 2788 et
3335 2734 3439 2788 alia

1875 2826 2247 2895 hujuscemodi
2303 2826 2557 2895 plurima,
2606 2826 3007 2896 sapientissime
3064 2828 3343 2880 enimvero
3387 2838 3441 2879 et

1875 2917 2392 2972 convenientissime
2442 2915 2535 2971 Dei
2586 2915 2823 2971 Verbum
2878 2929 2933 2971 et
2982 2917 3153 2972 Filius
3196 2928 3251 2972 et
3296 2916 3440 2971 Deus

1878 3023 2065 3072 verus,
2100 3024 2204 3060 non
2236 3008 2376 3061 alius
2403 3009 2697 3077 quispiam,
2731 3025 2895 3063 carne
2923 3011 3025 3064 sibi
3052 3014 3438 3082 circumposita

1877 3116 2223 3154 communem
2252 3102 2463 3169 generis
2489 3102 2715 3155 salutem
2752 3112 3007 3171 Operatus
3033 3114 3136 3158 est.

1872 3296 2198 3362 QUIESTIO
2235 3296 2416 3352 cxcn
2484 3296 2670 3368 ίςοεει,
2712 3296 2940 3352 ccxxu.
2998 3298 3159 3354 Taur.
3203 3302 3435 3371 CCXII].

1873 3390 1981 3445 Cur
2010 3391 2066 3443 in
2091 3389 2273 3458 futuro
2302 3389 2495 3443 sarculo
2526 3390 2668 3444 talus
2708 3390 2876 3458 judex
2913 3390 3088 3443 Filius
3137 3394 3314 3445 sedeat
3352 3394 3438 3447 “'1

1437 3568 1577 3620 Edita
1606 3585 1631 3620 a
1656 3569 1780 3619 llaio
1805 3569 1862 3629 (l.
1887 3581 1930 3618 ο.
1953 3568 2045 3617 200
2064 3572 2213 3629 seq).

273 3686 343 3732 α’.
373 3678 527 3731 Πᾶσα
578 3678 676 3745 μὲν
727 3674 1056 3745 δημιουργία
1112 3676 1205 3728 καὶ
1257 3675 1405 3726 πᾶσα
1435 3672 1654 3742 πρᾶξις,
1703 3672 1770 3741 ἣν

204 3770 449 3838 ἐνεργεῖν
467 3768 684 3834 λέγεται
709 3765 803 3835 μία
824 3764 933 3817 τῶν
946 3764 1296 3817 ύποστάσεων
1316 3763 1423 3815 τῶν
1440 3762 1766 3831 θεαρχικιῖν,

204 3859 382 3911 κοινὸν
436 3856 595 3927 ἔργον
654 3856 770 3906 ἐστὶ
832 3855 925 3905 καὶ
973 3853 1084 3905 τῶν
1118 3852 1328 3912 ἄλλων,
1393 3853 1493 3904 ὅσα
1555 3868 1619 3919 γε
1688 3852 1768 3912 είς

202 3949 301 4020 τὴν
345 3948 537 4016 ὁμοίαν
579 3945 832 4016 πρόνοιαν
876 3939 999 4013 ἦκε,
1034 3943 1127 3996 καὶ
1172 3942 1232 3996 τὸ
1259 3945 1356 4011 τῆς
1394 3941 1639 4006 ἐξουσίας
1671 3944 1767 3995 καὶ

204 4038 539 4106 ἀγαθότητος
572 4034 987 4104 ἀπαράλλακτον
1039 4034 1133 4085 καὶ
1172 4034 1370 4086 ἑνιαῖον
1413 4032 1514 4101 τῆς
1541 4032 1768 4102 βουλῆς’

200 4128 364 4197 τῷδέ
417 4144 479 4194 γε
529 4126 642 4195 Υίῷ
668 4125 767 4193 τῆς
815 4123 1114 4193 μελλούσης
1163 4124 1397 4193 κρίσεως
1453 4123 1770 4193 ἀφορίζεται

199 4222 261 4275 τὸ
289 4219 508 4288 ἀξίωμα
547 4217 633 4269 διὰ.
668 4214 867 4277 πολλάς
900 4216 996 4268 καὶ
1046 4215 1365 4282 θεοπρεπεῖς
1420 4216 1649 4279 ἑννοίας,
1672 4214 1768 4284 οὐχ

198 4313 275 4375 ὡς
309 4309 635 4378 ἀφεστώτων
682 4307 775 4360 τοῦ
814 4306 1027 4375 Πατρδς
1076 4306 1109 4375 ἦ
1160 4306 1254 4359 τοῦ
1298 4306 1613 4375 Πνεύματος
1668 4309 1767 4375 τῆς

199 4404 510 4471 συνεργίας,
544 4399 634 4453 τὸν
671 4400 728 4452 δὲ
773 4399 897 4453 Υίδν
928 4401 1108 4467 κρίσιν
1133 4400 1528 4469 ἀναδεξάμενον
1559 4399 1763 4469 ταύτης

197 4494 346 4563 ἔχειν
375 4492 473 4563 τὴν
506 4491 828 4561 ἠγεμονίαν·
864 4492 1081 4561 πρῶτον
1115 4491 1211 4559 μὲν
1255 4490 1390 4543 διότι
1422 4489 1761 4558 Δημιουργδς

197 4585 295 4635 καὶ
323 4583 602 4651 οἰκονόμος
625 4582 784 4643 αὐτὸς
812 4581 1028 4647 λέγεται
1057 4578 1164 4632 τῶν
1193 4596 1249 4631 τε
1270 4578 1761 4648 δημιουργημάτων

1950 3670 2002 3724 l.
2057 3669 2275 3723 Creatio
2310 3668 2491 3723 omnis
2540 3680 2703 3737 atque
2751 3672 2917 3737 actio,
2966 3689 3130 3741 quam
3183 3689 3436 3730 essen-re

1872 3764 2073 3817 dicitur
2099 3764 2403 3817 divinarum
2439 3777 2793 3831 perst'narum
2821 3779 2948 3827 una,
2979 3781 3269 3821 commune
3297 3783 3433 3837 npus

1871 3866 2187 3907 czeterarum
2241 3862 2346 3917 esl,
2381 3854 2507 3920 quia
2558 3854 2808 3906 videlicet
2847 3854 2912 3906 ad
2953 3856 3201 3908 eumdem
3244 3860 3432 3926 provi-

1869 3946 2112 4000 dentiam
2142 3952 2373 4013 spectat,
2404 3954 2566 4013 atque
2598 3959 2663 3998 ex
2695 3946 2884 3997 eodem
2923 3948 3231 4013 potestatis,
3276 3949 3430 4004 boui—

1870 4036 1999 4089 talis
2037 4044 2200 4103 atque
2242 4032 2457 4088 consilii
2507 4043 2653 4086 certo
2698 4044 2752 4088 et
2791 4036 2954 4087 unico
2987 4038 3135 4091 l'onle
3170 4040 3428 4106 procedit.

1865 4121 2136 4177 Ceterum
2191 4122 2329 4178 Filio
2361 4120 2527 4175 futuri
2587 4122 2778 4189 judirii
2824 4125 3059 4193 dignitas
3110 4128 3307 4181 inultas
3362 4130 3427 4183 ol.‘

1871 4229 2067 4270 causas
2097 4229 2475 4285 congruasque
2505 4214 2780 4281 tribuitur,
2822 4232 2927 4269 non
2955 4225 3135 4271 tamen
3170 4221 3295 4288 quia
3325 4220 3431 4273 Pa-

1866 4315 1948 4361 ter
2000 4316 2053 4361 et
2101 4304 2337 4375 Spiritus
2385 4321 2417 4360 a
2471 4306 2730 4361 societate
2776 4308 2958 4375 operis
3010 4308 3210 4365 absint.
3262 4308 3431 4367 Filius

1868 4408 2049 4452 autem
2112 4397 2474 4466 principatum
2523 4397 2685 4465 Itujus
2740 4397 2923 4466 operis
2978 4407 3142 4462 tenet,
3192 4402 3428 4469 primum

1867 4489 1993 4557 quia
2040 4487 2269 4542 Creator
2313 4487 2829 4556 administratorque
2882 4488 3078 4541 dicitur
3121 4503 3431 4545 creatarum

1868 4594 2075 4642 rerum,
2099 4593 2236 4648 quas
2268 4578 2422 4632 initio
2450 4595 2480 4631 e
2510 4578 2679 4633 nihilo
2708 4579 2929 4643 eduxit;
2960 4579 3087 4634 item
3114 4582 3240 4650 quia
3268 4597 3432 4651 gene-

192 4674 232 4729 ἃ.
281 4675 403 4727 κατ’
447 4674 620 4743 ἀρχὰς
656 4675 722 4724 ἐκ
769 4672 843 4741 μὴ
882 4671 1050 4724 ὄντων
1104 4670 1333 4739 ύπέστη,
1366 4670 1590 4737 καὶτῆς
1624 4670 1762 4738 μετά

1870 4673 1944 4722 ris
1982 4669 2205 4723 humani
2239 4678 2359 4739 post
2387 4669 2595 4737 lapsum
2635 4670 2927 4725 renovandi
2979 4672 3431 4741 instaurandique

195 4768 296 4835 τὴν
332 4768 619 4837 συντριδὴν
661 4762 755 4815 τοῦ
801 4762 1138 4832 ἀνθρωπίνου
1185 4763 1375 4829 γένους
1418 4760 1763 4821 ἀνανεώσεως

193 4875 253 4910 τε
287 4859 383 4910 καὶ
420 4855 793 4917 ἀναπλάσεως.
822 4854 965 4905 Ἐδει
992 4853 1046 4905 δὲ
1077 4853 1182 4926 ἄρα
1204 4853 1259 4915 ὃς
1286 4853 1384 4923 τὴν
1402 4851 1763 4922 δημιουργίαν

194 4948 291 4998 καὶ
321 4947 577 5013 πρόνοιαν
613 4948 712 5013 τῆς
761 4942 1061 5014 ἀνθρώπων
1092 4943 1304 5010 φύσεως
1340 4942 1462 4996 καθ’
1491 4944 1763 5013 ἑκατέραν

192 5036 528 5107 προαγωγὴν
573 5035 893 5101 ἀνεδέξατο,
949 5034 1134 5087 τοῦτον
1190 5038 1371 5098 αὐτοῖς
1422 5035 1515 5087 καὶ
1572 5034 1763 5105 κριτὴν

191 5129 546 5182 καθεστάναιο
585 5130 866 5195 συνέχεται
922 5127 1027 5196 γὰρ
1067 5129 1159 5179 καὶ
1207 5126 1651 5178 συνδιαπλέκεται
1693 5128 1759 5195 τῇ

188 5218 525 5288 δημιουργίᾳ
573 5218 670 5285 μὲν
718 5219 750 5286 η
802 5216 1049 5286 πρόνοια,
1097 5219 1163 5285 τῇ
1211 5217 1437 5287 προνοίᾳ.
1483 5217 1539 5269 δὲ
1580 5221 1612 5287 η
1653 5217 1760 5270 τῶν

188 5311 606 5380 προνοουμένων
636 5310 814 5378 κρίσις
848 5310 942 5361 καὶ
978 5307 1242 5372 ἐξέτασις.
1297 5310 1496 5379 Διόπερ
1528 5311 1761 5379 εὐλόγως

187 5418 249 5453 τε
274 5402 371 5453 καὶ
397 5401 619 5461 δικαίως
642 5393 685 5466 ᾧ
712 5400 773 5452 τὸ
800 5399 1008 5462 κτίζειν
1036 5404 1129 5452 κα)⁸
1158 5401 1531 5464 ἀνακαινίζειν
1562 5401 1759 5472 πρᾶξις

188 5494 408 5560 γέγονε,
444 5494 576 5563 πρὸς
623 5490 810 5544 τοῦτον
862 5496 954 5545 καὶ
980 5493 1079 5562 τὴν
1108 5493 1290 5562 κρίσιν
1311 5493 1404 5546 τοῦ
1442 5494 1758 5562 πλάσματος

188 5584 559 5651 ἀναφέρεσθαι
586 5597 598 5609 ·
634 5581 884 5650 δεύτερον
911 5581 989 5643 δὲ,
1018 5585 1066 5633 εἰ
1100 5583 1388 5651 νομοθέτου
1422 5584 1656 5652 μάλιστα
1694 5584 1754 5636 τὸ

188 5674 395 5743 κρίνειν
419 5674 542 5734 τοὺς
556 5668 635 5735 οἷς
660 5672 797 5725 κατά
818 5673 978 5743 χάριν
995 5669 1357 5745 ἐνομοθετήθη
1381 5674 1619 5729 πολιτεύε
1630 5676 1751 5730 σθαι

261 5816 276 5832 ⁶
303 5812 345 5843 δι
378 5810 559 5866 ΙΡνιΓ.
602 5824 641 5872 1,
677 5809 764 5861 12.
840 5806 884 5839 ⁸³
912 5808 1027 5863 Aci.
1063 5826 1113 5868 .\'.
1155 5812 1231 5863 ω.

500 5903 766 5962 Parnm”
816 5900 927 5960 Ge.
978 5904 1076 5963 Cl.

1866 4772 2058 4815 auctor
2090 4761 2317 4814 exstitit.
2349 4759 2492 4829 Ergo
2536 4759 2841 4827 oportebat,
2875 4761 2967 4827 qui
3014 4762 3325 4816 Creatorem
3370 4778 3430 4817 se

1862 4853 2339 4923 providentemque
2394 4852 2647 4905 humanae
2700 4862 2909 4907 natura
2969 4861 3203 4923 utroque
3268 4868 3429 4923 opere

1859 4946 2207 5009 exhibuerat,
2243 4946 2387 4999 hunc
2416 4944 2466 4999 ei
2494 4944 2731 5012 judicem
2778 4959 2997 5014 quoque
3033 4946 3173 4999 dari.
3210 4944 3424 5000 Etenim

1860 5037 2123 5092 creationi
2168 5051 2351 5090 comes
2402 5044 2567 5104 atque
2612 5036 2873 5104 implicita
2920 5046 3003 5090 est
3035 5038 3370 5105 providentia
3411 5059 3422 5092 :

1862 5128 2255 5198 providentiam
2304 5126 2658 5195 consequitur
2699 5126 2964 5194 judieatio
3014 5128 3426 5196 exploratioque
3520 5168 3526 5174 .

1861 5236 2047 5276 earum
2077 5233 2256 5275 rerum
2288 5219 2487 5288 quibus
2516 5219 2849 5288 providetur.
2886 5219 3065 5283 Quare
3107 5230 3230 5288 apte
3256 5222 3425 5288 justi--

1861 5326 1966 5380 que
2013 5310 2100 5366 cui
2156 5310 2360 5365 creatio
2408 5310 2793 5375 renovatioque
2852 5320 3078 5378 accepta
3111 5309 3299 5373 fertur,
3356 5313 3424 5366 ad

1860 5417 1984 5458 eum
2024 5401 2291 5471 judicium
2331 5414 2549 5468 quoque
2584 5400 2660 5453 rei
2696 5400 2853 5455 faeta:
2897 5399 3146 5455 refertur.
3193 5400 3420 5466 Deinde,

1866 5494 1910 5548 si
1944 5493 2271 5563 legislatoris
2304 5491 2537 5546 ollieium
2566 5499 2648 5545 est
2673 5490 2929 5559 judicare
2962 5508 3057 5545 eos
3096 5494 3302 5561 quibus
3337 5509 3416 5548 se-

1861 5586 2098 5640 cundum
2134 5584 2358 5649 gratiam
2390 5582 2570 5636 vivere
2605 5582 2915 5636 mandatum
2954 5584 3057 5637 luit
3089 5591 3285 5652 (genus
3332 5586 3419 5637 in-

1861 5676 2039 5744 tellige
2094 5672 2444 5740 humanum);
2484 5672 2756 5743 lcgislator
2797 5683 2977 5727 autem
3034 5677 3158 5730 novi
3204 5676 3419 5731 l'urderis

3050 5906 3128 5963 30
