4162 6442
788 390 889 450 935

1926 394 2184 453 ΡΠΟΤΙῘ
2225 395 2722 456 ΡΑΤΙΠΑΒΕΗΕ
2750 397 2856 456 CP.

3922 398 4031 459 936

788 503 994 553 obeam
1027 512 1246 552 causam
1300 507 1352 551 et
1396 499 1601 554 (lltristi
1652 501 1943 571 imaginem
1969 504 2342 574 circumgesta-

2457 505 2614 559 τοῦτο
2667 508 2760 559 καὶ
2812 506 3053 576 Χριστοῦ
3103 507 3287 559 είκόνα
3329 507 3687 577 περιέφερον,
3749 507 3898 560 ἀλλά
3944 512 4038 577 τῆς

790 595 936 653 bant,
967 590 1058 643 sed
1111 605 1143 644 a
1183 591 1408 660 magicis
1461 593 1808 649 illusionibus
1864 606 1918 648 et
1959 596 2181 650 lascivia
2238 612 2350 652 non

787 682 1106 735 recedebant
1158 701 1169 735 :
1238 685 1495 751 quocirca
1553 693 1607 737 et
1682 686 1912 739 aliorum
1978 689 2347 756 quorumdam

788 775 1050 844 imagines
1103 788 1210 826 una
1269 773 1746 831 circumferebant.
1799 775 2012 831 Pudore
2088 781 2346 846 quocirca

787 865 1166 918 sttﬂundantur
1208 863 1689 918 Iconomacborum
1743 865 2034 934 primipili,
2077 881 2146 921 eo
2198 868 2347 937 quod

787 956 1044 1008 iuseusati
1075 955 1244 1022 magis
1271 970 1392 1008 esse
1417 956 1832 1019 couvincantur,
1884 972 2046 1026 quam
2090 969 2244 1012 erant
2268 958 2348 1013 illi

783 1046 1333 1115 superstitiosissinti,
1377 1058 1433 1102 ct
1478 1059 1585 1102 tam
1629 1049 1974 1118 dogmatibus
2019 1065 2186 1120 quam
2236 1049 2349 1106 vlta

782 1146 836 1190 et
864 1137 1275 1192 conversatione
1307 1139 1511 1206 decepti
1539 1148 1592 1192 et
1615 1155 1858 1196 errones.

852 1229 1154 1300 Interrogas
1170 1246 1268 1282 cur
1288 1229 1559 1284 ltmrcticis
1584 1230 1969 1300 turpitudinem
2000 1231 2343 1301 exprobrem.

785 1321 840 1375 Si
863 1337 969 1376 non
999 1332 1050 1376 te
1080 1321 1352 1376 turbarent
1381 1323 2019 1391 responso,docerem‘ab
2039 1325 2345 1394 insipienti-

779 1415 881 1468 bus
908 1414 1229 1483 interrogari
1264 1413 1343 1468 sic
1370 1413 1566 1468 debere
1591 1431 1604 1467 :
1635 1430 1807 1484 eoque
1835 1415 2006 1484 magis
2034 1417 2176 1484 quod
2210 1416 2255 1469 si
2285 1426 2342 1469 tu

779 1505 1020 1574 patieris,
1051 1504 1119 1557 ab
1150 1505 1296 1558 omni
1339 1519 1434 1558 eos
1496 1519 1658 1560 sensu
1709 1519 1815 1560 non
1864 1507 2043 1560 minus
2094 1521 2258 1576 quam
2309 1520 2341 1559 a

776 1599 976 1666 pietate
1000 1603 1213 1650 emotos
1243 1595 1656 1650 dentonsuabo.
1699 1594 1754 1649 In
1779 1611 1845 1649 eo
1867 1597 2005 1664 ipso.
2041 1611 2151 1663 quo
2181 1609 2343 1649 scan-

775 1689 899 1741 dalo
931 1687 1087 1741 Iidem
1123 1685 1481 1740 orthodoxam
1516 1684 1726 1741 allicere
1755 1687 2060 1750 voluerunt,
2095 1695 2341 1740 vetusta-

775 1787 882 1832 tcm
923 1777 1291 1847 depraedicaut
1326 1777 1624 1846 imaginum
1673 1775 2131 1830 fabricandarum.
2179 1775 2340 1830 Certe

2459 596 2699 664 μαγικῆς
2736 597 3020 665 τερθρείας
3060 597 3155 648 καὶ
3195 599 3305 649 τῶν
3336 599 3523 652 παθῶν
3552 600 3655 651 ούκ
3695 600 4035 665 ἀφίσταντο·

2450 688 2540 740 διὰ
2562 687 2718 740 τοῦτο
2747 690 2837 741 καὶ
2877 689 3081 758 ἑτέρων
3107 690 3273 741 τινῶν
3301 691 3514 754 είκόνας
3559 707 3742 758 συμπε
3754 691 4035 760 ριὲφερον.

2451 781 2903 851 Αίσχυνέσθωσαν
2941 783 3230 852 τοιγαροῦν
3258 784 3367 835 τῶν
3394 785 3785 854 Εἰκονομάχων
3817 785 3870 837 οί
3907 784 4036 850 πρό-

2453 888 2616 941 μαχοι
2635 912 2649 935 ,
2684 873 2766 925 ὅτι
2797 873 2892 926 καὶ
2919 874 3028 925 τῶν
3054 875 3627 944 δεισιδαιμονεστιὴων
3663 875 3904 929 ἐκείνων
3951 878 4035 926 καί

2447 962 2573 1032 δόξῃ
2593 965 2686 1016 καί
2715 964 2816 1034 βίῳ
2846 964 3280 1035 πεπλανημένων
3293 967 3772 1037 ἀγνωμονέστερα
3792 968 4032 1031 ἀπελέγ-

2449 1070 2658 1123 χονται.

2530 1230 2770 1302 Ἐρωτᾷς
2791 1231 2878 1284 διὰ
2907 1232 2958 1284 τί
2983 1233 3081 1302 τὴν
3103 1234 3367 1302 αἰσχύνην
3393 1237 3505 1295 τοῖς
3533 1233 3849 1304 αἱρετικοῖς
3878 1234 4032 1302 ἕνηρ-

2448 1320 2695 1389 μόσαμεν
2715 1339 2729 1352 ·
2753 1322 2866 1391 ἐγὼ
2891 1322 2971 1387 δὲ,
3004 1325 3054 1376 εί
3077 1325 3150 1395 μή
3177 1341 3234 1378 σε
3268 1325 3456 1377 λυπεῖν
3483 1325 3738 1392 ἔμελλον,
3773 1326 4030 1393 ἀνοήτων

2443 1412 2510 1464 ἀν
2541 1413 2799 1478 ἀπέδειξα
2836 1415 2897 1466 τὸ
2944 1414 3243 1486 ἐρώτημα,
3278 1416 3374 1468 καὶ
3410 1414 3689 1477 τοσοῦτον,
3727 1416 3818 1467 ὅτε
3849 1416 4030 1468 καὶτὸ

2442 1502 2765 1574 ἀναίσθητον
2789 1505 3005 1568 αὐτοὺς,
3031 1505 3097 1559 ἀν
3123 1507 3232 1575 ἀρα
3261 1505 3426 1576 βούλῃ
3447 1545 3463 1568 ,
3499 1506 3640 1574 μετά
3666 1504 3769 1557 τοῦ
3795 1503 4029 1567 ἀσεϐοῦς

2441 1594 2692 1658 ἐπιδείξω
2742 1597 3136 1666 περιίποντας’
3179 1596 3247 1648 δι’
3300 1590 3375 1650 ὧν
3420 1597 3533 1666 γὰρ
3567 1596 3905 1664 δυσφημίαν
3939 1612 4027 1647 πε-

2444 1685 2690 1754 ριάπτειν
2718 1689 2783 1757 τῇ
2815 1685 3092 1758 ὀρθοδοεία
3119 1687 3476 1758 ἐμελέτησαν,
3507 1687 3597 1739 διὰ
3615 1687 3840 1738 τούτων
3875 1687 4028 1754 μαλι-

2442 1792 2541 1830 στα
2568 1778 2673 1846 τῆς
2695 1780 3069 1850 είκονουργίας
3093 1780 3193 1850 τὴν
3220 1780 3559 1850 ἀρχαιότητα
3587 1779 4024 1850 μαρτυροῦντες.

775 1887 882 1925 non
917 1869 1224 1938 intelligunt
1273 1883 1385 1921 rem
1418 1881 1540 1921 esse
1571 1866 1990 1920 Christianismo
2015 1866 2336 1936 contempo-

2438 1869 2498 1920 ού
2532 1869 2855 1939 συνῄσθοντο
2897 1870 3192 1941 σύγχρονον
3238 1871 3407 1940 αὐτὴν
3454 1871 3534 1942 τῷ
3564 1871 4023 1942 Χριστιανισμῷ.

776 1974 1017 2022 raneatn,
1043 1969 1096 2012 et
1122 1959 1428 2027 baptismati
1473 1957 1740 2010 instituto.
1775 1955 1887 2011 Hoc
1931 1966 2122 2011 contra
2154 1958 2346 2011 volun-

776 2061 940 2105 latent
967 2051 1123 2105 nobis
1146 2049 1455 2104 concedunt
1486 2067 1499 2102 :
1528 2062 1764 2116 cumque
1787 2063 1880 2117 per
1913 2048 2189 2102 Simonem
2229 2046 2344 2102 hla-

775 2160 901 2212 guttt
949 2143 1252 2212 baptizatos
1301 2142 1353 2194 itt
1395 2140 1775 2195 contumeliam
1816 2139 2112 2208 imaginttnt
2147 2140 2342 2194 subin-

777 2234 1093 2296 troducuut,
1121 2234 1373 2301 ignei-ant
1407 2231 1728 2300 semetipsos
1767 2239 2158 2300 repraesentare
2194 2230 2337 2284 ultra

775 2325 857 2380 vel
886 2339 980 2379 eos
1009 2325 1157 2394 ipsos
1196 2322 1543 2392 impudentia:
1575 2321 1763 2374 morbo
1799 2321 2125 2375 laborantes.

845 2433 1169 2502 QUASSTIO
1233 2433 1488 2490 CXCVIII
1535 2431 1722 2503 [Coisl.
1762 2431 2060 2498 CCXXVII,
2096 2430 2262 2486 Taur.

1408 2525 1707 2597 ccxvnu.

1209 2639 1286 2694 De
1329 2638 1687 2709 pugnantibus
1716 2636 1906 2692 verbis.

2440 1959 2532 2009 καὶ
2561 1957 2638 2025 τῷ
2671 1959 3041 2029 βαπτίσματι,
3070 1961 3164 2014 καὶ
3201 1961 3428 2023 ἄκοντες
3461 1962 3988 2032 ἀνομολογήσαντες
4013 1979 4024 1990 ⁸

2436 2047 2502 2100 δι’
2536 2041 2608 2103 ὧν
2634 2049 2689 2101 δὲ
2727 2051 2862 2122 μηδὲ
2894 2052 3019 2114 τοὺς
3060 2053 3188 2122 περὶ
3217 2051 3436 2122 Σίμωνα
3473 2054 3680 2124 ταύτην
3735 2053 4024 2121 ἐνυϐρίσαι

2436 2138 2832 2209 βαπτισθέντας
2853 2143 3303 2214 παρεισάγουσιν,
3337 2145 3562 2196 ἐκείνων
3595 2145 3760 2197 πλέον
3791 2144 4024 2204 ἑαυτοὺς

2433 2231 2769 2300 νοσήσαντας
2813 2232 2914 2302 τὴν
2952 2232 3349 2302 ἀγνωμοσύνην
3398 2235 3776 2305 παριστῶντες
3820 2236 4024 2288 ἐπελά-

2441 2321 2616 2377 θοντο.

2936 2435 3276 2492 spn'rnms
3328 2438 3493 2509 PtJl'.

2789 2639 2922 2706 Περὶ
2951 2639 3311 2708 μαχομένων
3338 2640 3560 2710 ῥητῶν.

1506 2728 1647 2778 Edita
1674 2741 1700 2777 a
1727 2727 2023 2777 Montacutlo
2045 2727 2148 2788 (ep.
2169 2727 2229 2774 43
2249 2725 2308 2776 ad
2332 2726 2487 2777 Leon.
2509 2743 2558 2792 p.
2583 2727 2686 2790 99).
2709 2754 2773 2767 —
2791 2727 2844 2777 In
2871 2728 3037 2780 Iattb.
3067 2744 3170 2790 xix,
3195 2730 3275 2781 21.

841 2833 1018 2893 Grave
1072 2835 1211 2889 reris
1260 2843 1315 2888 et
1374 2833 1775 2887 tutolcraudum
1827 2831 2140 2885 mandatum
2184 2830 2341 2891 illtttl,

778 2948 796 2982 ι
838 2929 1021 2984 Vende
1037 2941 1156 2997 quae
1188 2927 1352 2979 babes
1386 2935 1440 2978 et
1477 2929 1541 2978 da
1574 2925 1923 2994 pauperibus.
1952 2939 1971 2973 ι
2007 2923 2120 2991 Ego
2151 2932 2335 2975 autem

773 3023 842 3075 ob
872 3022 974 3075 hoc
1007 3019 1181 3089 ipsum
1208 3017 1398 3088 jugttm
1442 3015 1654 3070 Domini
1723 3023 1780 3068 ιιι
1814 3014 2080 3082 placidum
2117 3023 2171 3067 ct
2203 3028 2341 3067 onus

774 3114 890 3169 leve
921 3113 1231 3168 existimare
1289 3119 1342 3165 te
1379 3123 1655 3176 cuperem.
1706 3106 1865 3161 lubet
1897 3108 2041 3161 enim
2073 3122 2213 3159 onus
2245 3105 2341 3158 de-

775 3218 976 3274 ponere
1003 3200 1284 3266 Dominus,
1317 3211 1371 3255 et
1400 3214 1652 3253 curarunt
1688 3207 1921 3267 segetem
1957 3207 2119 3266 atque
2166 3203 2342 3248 tenta-

777 3297 984 3351 tiouutn
1033 3302 1308 3356 excutere,
1348 3306 1456 3345 non
1492 3301 1668 3345 autem
1706 3289 1947 3344 humeris
1986 3303 2129 3342 onus
2161 3287 2332 3354 impo-

777 3391 937 3444 situm
977 3399 1209 3456 chIare.
1255 3383 1416 3439 lubet
1448 3383 1539 3436 illa
1573 3382 1942 3451 indigentibus
1979 3379 2332 3444 distribuere,

775 3491 830 3535 et
860 3479 930 3533 ob
963 3478 1053 3532 illa
1085 3477 1272 3532 relicta
1318 3476 1577 3530 thesauro
1608 3476 1814 3528 caelesti
1851 3473 2116 3528 ditescere
2144 3471 2332 3526 donat.

777 3571 908 3637 Quae
953 3571 1000 3624 si
1047 3583 1154 3623 non
1190 3568 1609 3629 distribuantur,
1654 3567 1827 3620 otiosa
1858 3575 1910 3619 et
1950 3565 2161 3619 inutilia
2209 3563 2337 3618 huic

777 3661 1027 3732 praesenti
1051 3660 1177 3712 vita:
1210 3659 1509 3712 redduntur
1537 3656 1945 3715 incumbentia:
1976 3667 2030 3709 et
2059 3669 2182 3708 cum
2209 3654 2337 3707 hinc

778 3748 1185 3812 recesserimus,
1227 3745 1522 3799 destituent
1555 3759 1674 3798 nos.
1721 3742 1988 3808 Quocirca
2045 3742 2175 3796 tnibi
2207 3751 2335 3795 nota

777 3839 991 3894 Domini
1049 3835 1480 3891 misericordiam
1519 3845 1574 3888 et
1617 3834 2014 3903 inexplicabilis
2049 3833 2336 3902 providen-

779 3932 863 3984 lia:
905 3929 1218 3982 Vat-ietatent
1262 3925 1650 3994 multiplicent;
1681 3923 1829 3993 quod
1872 3938 1934 3978 ea
1965 3938 2086 3991 quae
2110 3936 2206 3975 nos
2243 3937 2338 3974 ne-

776 4021 1017 4075 cessario
1040 4029 1093 4072 et
1118 4019 1445 4071 reluctantes
1475 4024 1897 4081 consequentur,
1927 4013 2014 4066 illa
2035 4012 2336 4081 (voluntate

776 4120 985 4164 tantum
1027 4108 1334 4174 accedente)
1376 4116 1632 4174 tanquam
1662 4104 1910 4173 proprios
1943 4118 2066 4158 cum
2124 4104 2334 4156 labores

776 4211 885 4255 tum
910 4200 1117 4254 fructus
1169 4198 1596 4266 amplectamur,
1632 4207 1684 4249 et
1731 4205 1985 4263 tanquam
2013 4194 2195 4247 omnia
2248 4208 2334 4245 re-

775 4291 1018 4346 ctissime
1059 4289 1523 4352 administrantes,
1555 4287 1645 4356 qui
1705 4284 2047 4340 solummodo
2083 4283 2330 4351 proposi-

772 4390 887 4436 tum
905 4379 1338 4440 adhibuerimus.
1354 4380 1408 4432 in
1430 4392 1652 4445 regnum
1670 4376 1874 4430 cceloru
1885 4390 1934 4428 m
1953 4384 2236 4440 susceptus
2253 4374 2333 4427 in-

774 4471 1093 4524 traduxerit.
1120 4487 1136 4520 t
1172 4467 1362 4522 Venite
1392 4468 1558 4536 (enim
1591 4467 1818 4535 inquiet)
1845 4464 2110 4519 benedicti
2153 4461 2332 4517 Patris

773 4561 898 4624 mei,
931 4559 1203 4628 possidete
1232 4573 1454 4628 regnum
1487 4555 1637 4609 vobis
1661 4553 2030 4625 apparatum“
2051 4557 2146 4606 ".3

770 4691 1097 4759 QUASSTIO
1116 4689 1320 4746 CXCIX
1356 4689 1542 4761 [CoisL
1563 4681 2334 4755 CCXXVlll,Taur.CXXIX}.
2415 4685 2418 4688 ’

2513 2849 2531 2880 ε
2575 2830 2830 2901 Πώλησόν
2860 2849 2954 2886 σου
2984 2834 3052 2887 τά
3077 2834 3391 2905 ὑπάρχοντα
3439 2835 3534 2890 καὶ
3577 2834 3663 2897 δδς
3695 2837 3968 2906 πτωχοῖς.
4000 2853 4017 2881 ⁸

2443 2919 2581 2991 βαρὺ
2614 2921 2856 2991 νομίζεις
2881 2926 2975 2976 καὶ
2997 2924 3402 2980 δυσϐάστακτον
3428 2928 3492 2979 τὸ
3526 2927 3828 2997 ἐπίταγμα.
3880 2929 4025 2994 ἐγὼ

2439 3011 2496 3063 δέ
2533 3029 2592 3064 σε
2627 3013 2717 3066 διὰ
2747 3013 2940 3067 τούτου
2984 3017 3184 3086 μᾶλλον
3215 3019 3349 3088 ὁρῆν
3397 3018 3536 3084 ἀξιῶ
3575 3019 3664 3070 τὸν
3695 3018 3867 3084 ζυγὸν
3903 3021 4019 3071 Κυ-

2441 3104 2579 3174 ρίου,
2613 3105 2688 3168 ὡς
2714 3107 2929 3177 ἀληθῶς
2956 3107 3213 3179 χρηστὸν,
3247 3111 3342 3164 καὶ
3393 3111 3453 3162 τὸ
3479 3110 3696 3180 φορτίον
3741 3110 4012 3179 ἐλαφρόν.

2439 3194 2637 3264 Φὸρτον
2665 3194 2773 3265 γὰρ
2793 3197 3113 3262 ἀποθέσθαι,
3150 3200 3245 3251 καὶ
3277 3200 3384 3252 τῶν
3420 3200 3712 3270 φροντίδων
3735 3200 3837 3251 καὶ
3894 3217 4021 3253 πει-

2443 3286 2666 3356 ρασμῶν
2711 3287 2843 3358 ὓλην
2893 3290 3344 3354 ἀποτινάξασοαι,
3392 3292 3510 3346 ἀλλ’
3542 3292 3640 3345 οὐκ
3692 3291 4017 3354 ἀναλαϐεῖν,

2437 3377 2810 3444 ὲγκελεύεται·
2864 3381 3095 3434 κάκεῖνα
3144 3386 3256 3444 τοῖς
3327 3383 3592 3453 χρῄζουσι
3649 3383 3860 3452 νέμειν,
3922 3386 4021 3437 καὶ

2438 3467 2560 3520 ἀντὶ
2583 3467 2786 3521 τούτων
2819 3468 3091 3541 θησαυρὸν
3116 3471 3367 3524 πλουτεῖν
3396 3475 3487 3526 τὸν
3529 3475 3778 3543 οὐράνιον
3823 3477 4020 3545 ἐχαρί-

2439 3574 2568 3610 σατο
2589 3574 2606 3591 ο
2632 3559 2669 3612 ἀ
2696 3557 2788 3613 καὶ
2815 3559 2892 3630 μὴ
2925 3560 3292 3631 διανεμόντων
3323 3563 3472 3631 ἀργά
3512 3563 3608 3616 καὶ
3648 3566 3903 3633 ἀχρηστα
3939 3568 4019 3634 τῷ

2437 3649 2666 3719 παρόντι
2723 3649 2825 3721 βίῳ
2876 3653 3250 3715 εναπόκειται,
3313 3657 3540 3707 κάκεῖσε
3591 3655 4018 3724 μεθισταμένων

2436 3739 2671 3793 ἐνταῦθα
2723 3743 3222 3812 καταλιμπάνεται·
3277 3745 3343 3799 δι’
3373 3747 3403 3798 ὅ
3437 3763 3529 3816 μοι
3572 3747 3763 3799 σκόπει
3805 3749 4016 3814 μᾶλλον

2435 3829 2536 3898 τὴν
2585 3834 2920 3902 Δεσποτικὴν
2987 3834 3434 3904 φιλανθρωπίαν,
3485 3837 3578 3888 καὶ
3637 3835 3739 3903 τῆς
3791 3837 4014 3905 ἀφάτου

2439 3921 2701 3990 Προνοίας
2727 3925 2788 3977 τὸ
2834 3927 3081 3981 ποικίλον
3124 3928 3216 3979 καὶ
3247 3927 3605 3997 πολύτροπον,
3644 3928 3727 3980 ὅτι
3769 3928 3925 3996 ᾇπερ
3956 3928 4016 3993 ἐξ

2435 4013 2681 4083 ἀνάγκης
2726 4015 2821 4068 καὶ
2878 4017 3037 4086 ἡμῶν
3090 4018 3332 4070 ἀκόντων
3371 4019 3758 4071 ἐπακολουθεῖν
3811 4021 4013 4083 εεωθε,

2436 4104 2630 4168 ταῦτα,
2661 4105 2885 4175 γνώμης
2911 4109 3304 4177 προστεθείσης
3331 4110 3520 4179 μόνης,
3545 4110 3620 4172 ὡς
3638 4112 3880 4174 οἰκείους
3914 4116 4015 4166 που

2436 4208 2559 4254 νους
2587 4194 2679 4244 καὶ
2713 4195 2958 4262 καρποὺς
2988 4194 3370 4264 ἀποδέχεσθαι·
3411 4197 3508 4249 καὶ
3538 4197 3614 4259 ὡς
3642 4198 3704 4249 τὸ
3731 4199 3842 4249 πᾶν
3874 4216 4014 4252 κατ-

2435 4283 2780 4351 ωρθωκότας,
2820 4284 2948 4347 τοὺς
3009 4286 3175 4354 μύνην
3202 4287 3716 4353 συνεισενεγκόντας
3744 4291 4015 4360 προαίρε-

2439 4389 2520 4424 σιν
2585 4376 2662 4435 εἰς
2721 4375 2920 4446 κλῆρον
2969 4376 3068 4444 τῆς
3121 4376 3287 4428 αὑτοῦ
3339 4375 3612 4445 βασιλείας
3660 4378 3993 4448 ὑποδέχεται

2442 4480 2458 4512 ι
2499 4463 2663 4515 Δεῦτε
2687 4466 2815 4532 γὰρ,
2844 4469 3029 4532 φησιν,
3051 4467 3098 4517 οί
3118 4464 3479 4535 εὐλογημένοι
3501 4467 3595 4518 τοῦ
3627 4467 3846 4537 Πατρός
3879 4486 4008 4537 μου,

2365 4573 2407 4627 ι)
2439 4551 2885 4622 κληρονομήσατε
2911 4557 3009 4624 τὴν
3040 4557 3451 4626 ἡτοιμασμένην
3485 4557 3614 4625 ύμῖν
3645 4555 3954 4625 βασιλείαν.
3989 4578 4006 4609 ι

2955 4687 3290 4742 ΕΡΩτηΣιΣ
3318 4688 3477 4757 mea

1013 4808 1155 4858 Edita
1174 4822 1201 4857 a
1232 4806 1529 4856 Monlacutio
1558 4804 1657 4866 (ep.
1682 4803 1742 4852 50
1761 4803 1820 4851 ad
1842 4801 2086 4862 Sergium,
2107 4814 2156 4863 p.
2181 4799 2314 4862 103).
2338 4824 2395 4835 -
2421 4798 2494 4849 De
2516 4798 2762 4848 solutione
2785 4797 2911 4862 legis
2933 4813 2989 4849 ac
3013 4800 3076 4848 de
3100 4801 3263 4849 verbis
3289 4801 3458 4851 llattb.
3493 4815 3540 4862 ν,
3565 4801 3724 4852 1347.

839 4918 957 4974 Νοη
982 4927 1064 4972 est
1106 4917 1377 4972 sideribus
1414 4931 1482 4970 ex
1520 4915 1772 4985 opposito
1805 4912 1910 4973 sol.
1948 4927 2054 4965 non
2109 4919 2332 4965 contra-

769 5014 940 5069 riatur
959 5011 1062 5064 diei
1097 5025 1226 5076 nox,
1267 5024 1366 5063 nec
1403 5008 1612 5063 solares
1652 5006 1788 5060 radii
1825 5003 2102 5072 splendori
2147 5001 2328 5072 ignis;

766 5104 858 5158 sed
889 5117 986 5156 nec
1016 5100 1344 5154 adolescenti
1393 5099 1673 5152 hominum
1706 5105 1914 5150 natura:
1958 5093 2249 5164 perfectior
2279 5102 2332 5148 et

765 5193 936 5246 virilis
962 5202 1112 5245 aetas.
1139 5190 1403 5259 Adjiciam
1448 5189 1493 5242 si
1527 5188 1699 5257 placet
1727 5201 1742 5250 ;
1775 5186 1867 5240 sed
1891 5200 1991 5240 nec
2017 5185 2328 5251 astringens

765 5285 1024 5353 qualitas,
1057 5297 1180 5352 qua:
1241 5281 1306 5334 ad
1339 5281 1628 5332 tincturam
1672 5277 1984 5332 coccineant
2019 5275 2325 5342 subjectum

767 5385 1011 5444 apparat,
1053 5373 1419 5427 contrariatur
1450 5369 1566 5425 llori
1618 5383 1872 5439 purpurae
1905 5384 1919 5421 :
1953 5367 2042 5420 sed
2077 5380 2178 5419 nec
2221 5364 2327 5417 mi-

771 5477 880 5521 xtio
949 5468 1216 5531 colorum,
1277 5479 1377 5517 nec
1438 5462 1762 5518 assimilatio
1819 5457 2137 5528 imaginum,
2199 5465 2323 5508 ante

839 5600 883 5629 “
913 5600 946 5616 "
973 5595 1162 5652 Matth.
1204 5611 1326 5657 xxv,
1357 5595 1446 5648 54.

2505 4908 2618 4961 Οὐκ
2652 4907 2799 4962 ἔστιν
2829 4910 3069 4962 ἐναντίον
3096 4911 3362 4980 ἀστράσιν
3397 4912 3571 4981 ἣλιος,
3607 4911 3731 4964 οὐδὲ
3754 4914 3819 4982 τῇ
3853 4917 4009 4969 νυκτὶ

2433 5001 2630 5070 ἡμέρα,
2652 5001 2774 5054 ούδὶ
2804 5002 2973 5069 πυρὸς
3011 5001 3173 5071 αἴγλῃ
3204 5004 3260 5054 al
3284 5003 3506 5073 ἡλιακαὶ
3529 5005 3750 5067 ἀκτῖνες
3768 5021 3784 5036 ·
3802 5006 3866 5058 οὐ
3902 5011 4007 5076 μὴν

2431 5091 2552 5142 οὐδὲ
2599 5090 2866 5162 νεαζούσῃ
2899 5089 3091 5158 φύσει,
3146 5093 3179 5161 ἡ
3231 5093 3352 5143 κατ’
3387 5092 3556 5159 ἄνδρα
3594 5093 3913 5162 τελειότης·
3961 5099 4005 5146 εξ

2433 5180 2612 5250 βούλει
2634 5181 2710 5244 δὲ,
2740 5181 2862 5234 οὐδὲ
2891 5182 2926 5250 η
2957 5180 3236 5248 στύφουσα
3272 5183 3516 5252 ποιότης,
3559 5185 3696 5253 πρὸς
3735 5184 4003 5254 ἁλουργὸν

2440 5271 3136 5344 βαφὴνεύτρεπίξουσατὴν
3167 5275 3319 5344 ὓλην,
3349 5277 3483 5346 πρὸς
3499 5275 3562 5326 τὸ
3591 5276 3693 5342 τῆς
3714 5276 4001 5344 πορφύρας

2433 5364 2687 5426 ἀνθοςφτ
2709 5378 2722 5392 ⁸
2747 5364 2856 5417 οὐδ’
2878 5365 2911 5434 ή
2933 5363 3040 5416 τῶν
3070 5366 3375 5442 χρωμάτων
3407 5367 3626 5435 κρᾶσις,
3655 5368 3750 5418 καὶ
3786 5368 4004 5436 μόρφω-

2435 5471 2517 5516 σις
2548 5453 2656 5506 τῶν
2689 5455 3105 5526 είκονισμάτων,
3149 5461 3269 5520 ταῖς
3312 5457 3798 5527 προτυπωθείσαις
3823 5473 3997 5527 γραμ-

2041 5680 2272 5737 ὶἈΒΙιΕ
2314 5677 2713 5736 LECTIONES.

832 5795 911 5835 ψ’
945 5781 1077 5846 εἶδος
1116 5783 1178 5840 ΙΙ.
