4162 6442
145 457 239 521 937

903 451 1001 509 AD
1034 443 1627 508 AMPHILOCHIUM
1660 440 2005 515 ΟυίΕΞΤῙΟ
2037 441 2344 513 CXCVIII,
2383 440 2627 502 CXCIX.

3261 435 3366 499 938

150 560 269 631 μαίς
293 556 388 611 καὶ
416 558 733 628 χαράγμασι
751 552 863 608 τῶν
893 553 1268 621 σκιασμάτων.
1286 552 1352 605 Τί
1374 551 1430 604 δὶ
1448 550 1694 621 βούλεται
1720 547 1771 606 Α

1797 547 1976 603 ductis
2028 547 2187 603 lineis
2256 555 2311 603 et
2364 546 2837 602 adumbrationum
2899 544 3361 614 descriptionibus

148 654 179 721 ή
198 647 301 701 τῶν
320 646 621 701 δοκούντων
642 643 1325 713 ἀντικεῖσθαιπαράθεσις,
1355 642 1453 712 τὴν
1474 641 1694 711 δόκησιν

147 742 238 807 τῆς
269 737 634 801 ίναντιώσεως
671 738 730 805 ίξ
771 738 941 806 αὐτῆς
972 736 1353 806 ἀνατρέπουσα
1385 744 1407 773 ⁸
1454 732 1697 804 παραθίο

151 847 310 896 σιωςς
337 829 470 892 οὐδ’,
511 831 649 901 ὅπερ
697 829 859 892 αὐτὸς
904 829 1151 896 ἀπορεῖς,
1182 826 1292 879 οὐδ’
1338 827 1372 895 ἡ
1418 824 1578 895 χάρις
1620 823 1696 895 τῷ

150 922 289 990 νόμῳ
332 920 665 975 ἀντίκειται·
728 925 1070 990 χειραγωγτα
1104 918 1165 972 δε
1210 920 1305 971 καὶ
1339 916 1695 986 προάγγελος,

152 1011 427 1078 συμφωνία
471 1027 533 1064 τε
581 1013 677 1065 καὶ
706 1010 1149 1082 προκατασκευὴ,
1180 1013 1273 1063 καὶ
1315 1009 1432 1073 δδδς
1464 1010 1698 1080 ὑπάρχει

152 1102 241 1153 καὶ
286 1103 631 1171 παρασκευὴ,
669 1102 765 1155 καὶ
790 1102 860 1155 τά
886 1102 1021 1155 ἀλλα
1054 1102 1266 1165 πάντα,
1313 1103 1342 1156 6
1388 1102 1551 1172 νόμος
1600 1102 1699 1172 τῆς

153 1190 389 1259 χάριτος.
436 1189 730 1253 Τελείωσις
784 1189 884 1260 μὶν
916 1190 1027 1260 γάρ
1055 1190 1203 1243 ίστιν
1243 1191 1278 1259 ἡ
1308 1189 1493 1259 χάρις’
1522 1189 1700 1243 πάντα

149 1280 223 1343 δὶ,
251 1280 354 1334 ὅσα
391 1278 490 1351 τῆς
531 1280 883 1347 τελειώσεως,
914 1281 1329 1351 προῦφίστηκεν
1348 1296 1363 1310 ⁸
1394 1280 1699 1351 ὑπηρετούο
1728 1306 1732 1311 -

156 1387 309 1438 μενος
344 1371 375 1425 6
401 1373 565 1441 νόμος
626 1373 842 1443 ίδείχθη
889 1376 957 1445 τῇ
1004 1374 1216 1444 χάριτι·
1269 1374 1701 1445 εχειραγὼγησε,

153 1460 508 1530 προεκήρυεε.
532 1462 943 1533 προητοίμασεν
961 1478 977 1495 ο
1010 1464 1128 1526 όδδς
1160 1464 1259 1517 καὶ
1280 1464 1448 1526 τύπος
1464 1464 1701 1530 ἐγένετο,

152 1548 209 1599 iv
236 1547 414 1620 ίαυτῷ
451 1552 803 1621 σχηματίζων
832 1552 928 1607 καὶ
954 1552 1273 1618 ὑποδεικνὺς
1285 1554 1386 1626 τὴν
1413 1554 1700 1627 ἀλήθειανο

151 1640 297 1693 οὐδλν
338 1640 446 1694 τῶν
508 1644 1145 1715 προπαρασηυαζὸντων
1183 1646 1500 1718 ύστίρησεν.
1561 1648 1703 1701 ’Δλλ⁹

150 1726 309 1800 ἦλθεν
336 1732 371 1805 ἠ
408 1732 565 1805 χάρις
590 1750 608 1767 ο
662 1735 953 1806 ίσχόλασεν
997 1737 1220 1803 είκότως
1265 1740 1295 1792 6
1321 1740 1515 1809 νόμοςο
1543 1740 1704 1808 φύσις

152 1822 256 1892 γάρ
279 1822 436 1878 τοῦτο
480 1826 835 1895 προτελείων,
882 1827 1274 1893 ὑπεξίστασθαι
1306 1831 1400 1885 καὶ
1444 1849 1704 1903 παραχω·

152 1916 263 1984 ρεῖν
296 1917 364 1986 τῇ
400 1916 719 1987 τελειότητι.
749 1919 860 1973 Καὶ
907 1921 994 1974 ίνα
1019 1923 1049 1975 6
1071 1920 1152 1990 τῷ
1178 1922 1329 1993 νόμῳ
1354 1924 1704 1994 προσανίχων

151 2004 293 2070 λαὸς,
324 2006 416 2059 τὸν
452 2010 512 2061 ιν
539 2012 608 2078 τῇ
644 2010 824 2080 χάριτι
853 2010 988 2065 Θεὸν
1015 2012 1246 2084 ίπιγνῷ,
1281 2016 1371 2069 καὶ
1407 2016 1509 2087 τῆς
1546 2033 1705 2087 νομο-

1794 638 2171 692 adversautur.
2202 636 2343 702 Quid
2368 651 2496 690 vero
2520 636 2624 690 sibi
2654 635 2767 689 vult
2812 650 2994 690 rerum
3028 649 3149 704 qum
3176 635 3365 689 viden-

1797 740 1885 785 tur
1905 730 1972 784 ad
2006 730 2312 801 oppositum
2339 730 2577 792 collatio,
2609 742 2730 798 qua:
2751 726 3157 782 contrarietatis
3195 742 3364 796 appa-

1797 823 2025 877 rentiam
2100 837 2195 889 per
2268 822 2440 893 ipsam
2522 820 2988 888 comparationem
3067 817 3371 873 subvenit?

1796 913 1998 985 Nempe
2055 930 2163 968 nun
2226 912 2707 985 (quemadmodum
2750 912 2847 967 tibi
2909 911 3160 968 dubitare
3189 910 3365 964 visum

1797 1009 1899 1076 est)
1926 1008 2096 1073 gratia
2149 1007 2251 1076 legi
2290 1006 2676 1061 coutrariatur.
2702 1004 2865 1061 Certe
2894 1006 2983 1059 les
3006 1001 3367 1058 manuductio

1799 1100 2045 1167 quadam
2065 1108 2169 1162 est,
2199 1098 2676 1169 praeannuntiatio,
2732 1097 3116 1161 consonantia,
3150 1110 3359 1164 praepa-

1800 1190 1959 1251 ratio.
2023 1190 2108 1244 via
2159 1198 2213 1244 et
2271 1197 2579 1258 apparatus,
2610 1196 2668 1243 et
2704 1188 2752 1243 si
2788 1202 2912 1258 qua
2964 1187 3072 1241 alia
3116 1194 3267 1250 sunt,
3298 1186 3365 1239 ad

1800 1282 2050 1351 gratiam.
2078 1279 2175 1337 Est
2196 1281 2340 1336 enim
2367 1279 2538 1351 gratia
2572 1280 2974 1335 consummatio
3003 1296 3017 1331 :
3044 1292 3168 1347 qua:
3198 1278 3369 1346 perti-

1800 1385 1931 1430 nent
1957 1375 2025 1431 ad
2054 1374 2599 1436 consummationem,
2631 1374 2815 1427 omnia
2856 1386 3082 1427 necesse
3109 1378 3194 1425 est
3224 1383 3365 1437 pra:-

1801 1468 2091 1522 exstitisse.
2126 1468 2533 1520 Demonstratur
2557 1465 2727 1535 legem
2766 1464 3077 1520 subservire
3129 1461 3319 1532 gratiae
3348 1477 3366 1514 :

1804 1557 2141 1622 manudnsit,
2179 1556 2652 1627 preanuuntiavit,
2690 1557 2832 1610 viam
2864 1556 2964 1624 ipsi
2997 1555 3223 1619 stravit;
3256 1541 3367 1609 via.

1802 1649 1998 1715 forma,
2058 1659 2114 1705 et
2138 1664 2393 1719 expressa
2427 1651 2605 1720 imago
2659 1648 2777 1710 fuit.
2810 1648 2989 1717 seipsa
3046 1648 3287 1715 figurans
3315 1652 3373 1699 et

1803 1741 2154 1797 subindicaus
2202 1742 2502 1796 veritatem.
2567 1738 2711 1793 Nihil
2757 1741 2925 1809 plane
2976 1738 3149 1792 abfuit
3175 1751 3366 1792 eorum

1736 1879 1777 1935 Β
1804 1848 1926 1905 quc
1964 1836 2032 1888 ad
2077 1834 2528 1903 praeparationem
2574 1832 2914 1901 spectabant.
2984 1829 3145 1885 Venit
3172 1829 3367 1933 gratia,

1810 1925 1990 1982 inanis
2017 1924 2119 1979 fuit
2166 1926 2291 1996 (nec
2324 1924 2541 1994 injuria)
2570 1924 2676 1978 les.
2727 1923 2821 1978 Est
2846 1924 2988 1978 enim
3018 1921 3367 1993 eongenitum

1809 2014 2187 2071 antecedaneis
2206 2014 2480 2078 omnibus,
2513 2023 2573 2068 ut
2605 2015 2724 2070 loco
2753 2015 2969 2076 cedant.
3000 2016 3367 2068 submovean-

1808 2112 2006 2175 turqne
2029 2104 2364 2174 perfectioni.
2390 2103 2457 2159 Et
2491 2116 2550 2160 ut
2579 2105 2670 2160 ille
2701 2106 2934 2175 populus
2962 2106 3055 2175 qui
3096 2105 3162 2158 ad
3190 2104 3360 2174 legem

1809 2197 2137 2259 attendebat.
2167 2196 2335 2253 Deum
2358 2208 2677 2269 agnosceret
2735 2199 2841 2253 sub
2896 2199 3068 2267 gratia
3101 2212 3370 2268 apparen-

1544 2330 1562 2356 ,
1598 2291 1705 2344 ὐπ-
1808 2296 1939 2352 tem,
1993 2296 2050 2343 et
2099 2287 2388 2343 Dominum
2420 2303 2636 2359 quoque
2694 2289 2828 2359 legis
2856 2291 3135 2345 exstitisse
3168 2310 3180 2345 :
3212 2308 3230 2340 ι
3268 2292 3364 2343 At-

148 2465 261 2531 νὺξ,
281 2467 604 2540 τῆςήμίρας
618 2468 1081 2545 διαυγίαζ]ούσηςο
1100 2474 1177 2538 ὡς
1200 2477 1255 2529 αί
1282 2475 1373 2529 τοῦ
1390 2478 1561 2548 πυρὸς
1578 2477 1705 2548 φλό-

150 2574 260 2624 γες,
290 2560 350 2623 te
407 2559 641 2631 αἰθρίας,
687 2564 783 2615 καὶ
826 2565 887 2615 εν
929 2564 1170 2636 σταθερᾷ
1226 2567 1565 2639 μεσημϐρίᾳ,
1620 2566 1699 2639 τῷ

148 2649 355 2722 ἡλιακῷ
416 2654 557 2720 φωτὶ
616 2654 1062 2725 ἀμαυρούμεναι·
1106 2656 1183 2721 ὡς
1234 2662 1592 2729 καταργεῖται
1642 2663 1704 2716 τὸ

147 2743 358 2810 νήπιον,
392 2744 474 2806 είς
508 2744 675 2815 ἀνδρα
719 2745 819 2815 τῆς
866 2746 1081 2816 ἡλικίας
1128 2750 1581 2822 ἀναδραμούσης·
1626 2753 1704 2817 ὡς

146 2834 179 2902 ὴ
214 2834 435 2905 ποιότης
484 2835 579 2890 τοῦ
619 2837 935 2908 στύφοντος,
993 2841 1095 2912 τῆς
1147 2844 1479 2914 πορφυρίδος
1524 2844 1704 2916 βαφῆς

147 2923 628 2997 ἐπικραησάσης·
679 2928 754 2992 ὡς
810 2930 869 2983 ai
917 2933 1174 3001 γραμμαὶ
1225 2933 1321 2985 καὶ
1373 2932 1441 2987 τά
1491 2950 1699 3004 προχα-

150 3015 424 3085 ράγματα,
474 3018 556 3081 είς
598 3020 970 3091 διαμόρφωσιν
998 3023 1095 3092 τῆς
1128 3023 1335 3086 είκόνος
1366 3041 1702 3096 συναπαρτι-

147 3106 401 3178 σθείσης·
470 3108 701 3165 ῑκαστον
728 3114 837 3183 γὰρ
888 3113 997 3167 τῶν
1026 3114 1085 3167 tv
1131 3115 1369 3186 ἑκατέρα
1418 3119 1702 3189 συστοιχίᾳ

1807 2379 2012 2435 tendite
2036 2379 2203 2445 enim,
2254 2379 2451 2451 inquit,
2485 2388 2538 2435 et
2573 2380 2854 2451 intelligite
2889 2380 3035 2450 quod
3069 2395 3171 2450 ego
3220 2378 3368 2434 Deus

1806 2473 1932 2539 sim,
1953 2484 2008 2528 et
2032 2473 2310 2528 exaltabor
2329 2473 2469 2528 inter
2490 2483 2694 2544 gentes.
2722 2474 3003 2529 exaltabor
3021 2474 3073 2527 in
3099 2482 3243 2529 terra
3260 2473 3324 2529 δ’.
3340 2491 3360 2525 ι

1805 2566 2037 2622 Advenit
2080 2566 2272 2637 gratia,
2326 2567 2552 2623 secessit
2612 2567 2720 2621 les.
2784 2568 2862 2621 ita
2893 2567 3061 2622 stellae
3100 2567 3365 2623 recedunt

1808 2667 2061 2729 surgente
2096 2657 2231 2719 sole.
2258 2666 2307 2712 et
2339 2672 2447 2713 nos
2481 2658 2572 2712 ubi
2598 2658 2716 2713 dies
2743 2658 3050 2725 illucescit;
3080 2666 3137 2713 ut
3182 2657 3366 2728 ignita:

1807 2750 2056 2812 flammae,
2086 2764 2179 2818 per
2206 2748 2400 2803 sudum
2434 2750 2655 2815 caelum,
2704 2757 2760 2803 et
2792 2749 3074 2805 meridiem
3105 2749 3361 2814 mediam,

1807 2856 1839 2895 a
1870 2840 2139 2896 solaribus
2188 2840 2358 2896 radiis
2407 2841 2812 2905 obscurantur;
2863 2856 2970 2896 non
3001 2842 3158 2895 aliter
3190 2856 3358 2910 quam

1808 2931 2071 2988 infantilis
2096 2944 2225 2987 atas
2244 2947 2339 3001 per
2368 2932 2575 2987 virilem
2618 2932 2887 2997 aboletur,
2916 2947 3042 2986 cum
3078 2944 3367 2985 succreve-

1806 3023 1919 3077 rit:
1949 3031 2009 3077 ut
2032 3022 2266 3091 qualitas
2303 3022 2670 3093 astringentis,
2716 3021 2809 3076 ubi
2847 3023 3083 3076 tinctura
3109 3035 3365 3087 purpura:

1806 3113 2129 3184 prevaluit:
2184 3121 2243 3167 ut
2295 3112 2452 3168 linea:
2491 3121 2544 3167 et
2569 3112 3070 3182 pradelineationes
3098 3125 3194 3182 per
3221 3110 3362 3165 iuta-

147 3197 485 3288 είρημόνων,
536 3200 597 3254 τὸ
631 3201 731 3272 μιν
782 3203 859 3266 ὡς
902 3205 1090 3268 ἀτελὲς
1143 3208 1512 3278 προηγήσατο,
1546 3210 1609 3263 τδ
1645 3210 1705 3264 δι
1730 3225 1774 3288 c

1807 3206 1945 3274 ginis
2000 3203 2373 3259 formationem
2446 3203 2825 3259 absorbentur.
2898 3202 3123 3274 Singula
3181 3211 3361 3256 autent

144 3284 220 3348 ὡς
250 3286 457 3343 τέλειον
497 3291 789 3359 ἀπεγένετο
826 3295 873 3331 ι’
909 3295 1003 3349 καὶ
1028 3293 1153 3350 οὔτε
1182 3296 1261 3366 τῷ
1290 3299 1701 3369 προῦπάρξαντι

145 3378 206 3430 τὸ
231 3379 551 3449 ίπιγεγονδς
584 3383 823 3455 ὑπάρχει
853 3386 1142 3456 πολέμιον’
1177 3387 1381 3458 μᾶλλον
1412 3400 1442 3430 ιι
1479 3390 1582 3460 μὲν
1610 3390 1705 3445 οὖν

148 3470 318 3542 πολλὴ
339 3472 475 3543 πρὸς
496 3474 699 3545 ἀλληλα
720 3476 923 3530 τούτων
951 3480 1240 3549 συμφωνία
1264 3482 1358 3535 καὶ
1374 3482 1661 3550 συγγένεια
1685 3497 1702 3515 ⁸

147 3560 272 3616 οὔτε
305 3564 456 3634 μένει
486 3565 557 3619 τά
591 3568 854 3639 πρότερα,
878 3568 987 3622 τῶν
1020 3570 1243 3624 τελείων
1285 3572 1701 3643 επιγινομένων.

148 3650 401 3716 Τοιοῦτός
428 3654 575 3709 ίστιν
597 3658 626 3711 6
655 3657 817 3727 νόμος
854 3658 954 3728 τῆς
984 3658 1220 3729 φύσεως.
1244 3663 1342 3733 τῆς
1373 3662 1706 3733 τελειότητος

147 3740 542 3817 ἐνεργουμένης
572 3749 764 3818 ἀργεῖν
787 3752 885 3805 ὅσα
916 3753 993 3815 είς
1022 3752 1122 3823 τὴν
1158 3754 1328 3825 αὐτῆς
1364 3758 1706 3829 κατασκευὴν

147 3833 239 3886 καὶ
269 3835 576 3891 συντέλειαν
605 3840 1075 3910 παρελαμϐἀνετο.
1104 3844 1265 3898 Ὥστε
1295 3849 1388 3900 καὶ
1420 3848 1703 3920 κατήργη-

144 3940 235 3978 ται
267 3925 298 3977 6
342 3925 525 3996 νόμος,
558 3931 659 3998 τῆς
693 3930 913 4001 χάριτος
941 3934 1260 4005 ἐπιστάσης,
1287 3938 1379 3989 καὶ
1438 3938 1500 3990 ού
1533 3956 1705 3994 κατα-

144 4015 396 4071 λέλυταιο
432 4019 525 4071 καὶ
573 4020 866 4087 πέπαυται,
924 4026 1018 4077 καὶ
1065 4026 1125 4078 ού
1179 4025 1559 4098 διασέϐληταιο
1610 4031 1705 4086 καὶ

148 4110 511 4179 πεπλήρωκεν
531 4111 693 4166 αὐτὸν
711 4116 738 4167 6
751 4114 983 4185 Χριστδς
1007 4119 1279 4189 μηδεμίαν
1292 4122 1517 4192 κεραίαν
1539 4123 1706 4190 λύσας

145 4197 207 4262 ἐξ
243 4198 411 4252 αὐτοῦ
430 4216 446 4232 ⁶
480 4201 575 4254 καὶ
605 4202 723 4256 ὅλον
750 4205 1003 4273 ἠφάνισε,
1039 4208 1332 4273 τελειώσας
1370 4213 1535 4276 αὐτόν
1557 4231 1573 4245 ·
1603 4216 1703 4269 οὐκ

144 4287 263 4342 εστι
296 4297 325 4325 ν
360 4289 466 4361 γάρ
515 4290 607 4343 τού
641 4293 1116 4363 παιδαγωγοῦντος
1150 4301 1338 4369 χρεία,
1368 4301 1534 4356 αὑτοῦ
1562 4320 1706 4377 παρ·

144 4382 297 4445 όντος
356 4381 450 4434 τού
506 4382 854 4438 διδασκάλου·
922 4388 1224 4443 καταλῦσαι
1272 4391 1370 4460 μὲν
1410 4393 1519 4463 γάρ
1573 4397 1690 4450 ἐστι

146 4474 240 4527 καὶ
272 4472 526 4543 διαϐολῆς
552 4473 733 4543 ἔνοχον
778 4475 1013 4543 ἐλέγξαι,
1064 4479 1124 4531 τὸ
1154 4481 1219 4533 εκ
1277 4480 1492 4553 βάθρων
1540 4486 1703 4540 αὑτὸν

1803 3311 1992 3352 eorum
2044 3310 2165 3365 qua:
2212 3295 2266 3348 in
2298 3305 2529 3364 utraque
2575 3294 2983 3365 comparatione
3021 3302 3151 3349 sunt
3176 3295 3362 3358 allata,

1803 3383 1883 3437 vel
1909 3391 1970 3436 ut
1998 3381 2309 3450 imperfecta
2327 3393 2738 3451 praecesserunt.
2763 3383 2845 3436 vel
2876 3382 3201 3438 subinducta
3232 3394 3363 3439 sunt

1804 3482 1865 3529 ut
1891 3473 2129 3543 perfecta
2160 3489 2176 3528 :
2209 3473 2299 3528 ubi
2326 3489 2502 3543 neque
2538 3474 2682 3543 quod
2725 3474 3193 3530 subiutroducitur
3224 3491 3362 3547 prae-

1802 3568 2080 3621 exslsteuti
2112 3566 2430 3621 adversatur
2468 3566 2671 3638 (potius
2716 3567 2901 3623 multis
2932 3568 3107 3624 modis
3135 3568 3275 3624 inter
3303 3584 3363 3625 se

1803 3659 2120 3727 conspirant
2144 3667 2199 3712 et
2220 3658 2564 3727 c0pulantur)
2600 3674 2773 3729 neque
2806 3668 2984 3714 tamen
3017 3660 3196 3729 priora
3229 3664 3361 3717 sub—

1804 3749 2007 3802 sistunt
2040 3746 2457 3817 perlectioribus
2486 3748 2937 3804 subintroductis.
2970 3747 3359 3819 Hujuscemodi

1802 3848 1886 3893 est
1916 3846 2105 3892 natura
2142 3836 2274 3907 legis
2318 3849 2574 3907 operante
2623 3836 2994 3907 perfectione;
3024 3840 3203 3893 inania
3233 3850 3361 3893 sunt

1801 3940 1856 3984 et
1883 3929 2102 3991 frustra.
2136 3943 2471 4000 quaecunque
2493 3929 2560 3983 ad
2595 3929 2767 3999 ipsius
2793 3940 3111 4001 apparatum
3149 3939 3203 3985 et
3232 3946 3363 3985 cou-

1802 4023 2217 4075 summationem
2248 4021 2683 4075 assumebantur.
2712 4022 2791 4076 Ad
2828 4024 2973 4077 hunc
3006 4025 3224 4077 modum
3252 4023 3359 4089 les,

1803 4112 2129 4167 adventante
2154 4112 2346 4183 gratia,
2372 4122 2687 4179 evacuatur,
2725 4128 2822 4168 nec
2862 4114 3110 4168 aboletur
3140 4124 3320 4169 tamen
3345 4132 3360 4179 ;

1803 4211 2000 4266 cessat,
2026 4200 2120 4257 sed
2151 4215 2256 4255 non
2288 4200 2644 4271 improbatur,
2692 4201 3009 4269 adimplevit
3047 4218 3165 4258 eam
3203 4201 3362 4257 Chri-

1805 4301 1943 4357 stus,
1972 4291 2064 4362 qui
2096 4307 2194 4347 nec
2219 4292 2426 4362 apicem
2468 4292 2613 4346 illius
2656 4290 2896 4356 violavit,
2925 4290 3020 4346 sed
3070 4300 3239 4345 totam
3270 4306 3363 4344 ser

1805 4383 1992 4449 movit,
2046 4382 2135 4437 ubi
2180 4383 2493 4454 impleverat
2522 4398 2662 4437 eam.
2701 4379 2890 4452 Neque
2936 4383 3080 4437 enim
3112 4396 3251 4452 opus
3279 4389 3363 4437 es“.

1805 4472 2117 4544 padagogo,
2148 4474 2241 4529 ubi
2270 4473 2495 4544 ipsemet
2520 4472 2734 4527 advenit
2770 4471 3112 4529 informator.
3143 4471 3364 4528 Solvere

145 4562 470 4635 ἀνατρέψαι,
495 4564 685 4635 μηδενὶ
709 4566 818 4620 τῶν
843 4567 1008 4621 αὑτοῦ
1028 4569 1407 4641 δικαιωμάτων
1426 4591 1705 4648 προσχρη-
1728 4556 1777 4615 D

1805 4563 2024 4633 quidem
2054 4578 2196 4630 eam,
2226 4575 2282 4619 et
2310 4572 2565 4634 tanquam
2596 4562 2758 4634 iustae
2781 4564 3070 4619 obnoxiam
3102 4564 3361 4617 crimina-

146 4654 416 4723 σάμενονυ
458 4654 661 4707 παῦσαι
689 4655 748 4709 δι
796 4656 890 4709 καὶ
920 4658 1157 4730 ἀργῆσαι
1192 4660 1372 4729 μόνον,
1424 4663 1563 4733 μετά
1604 4666 1706 4737 τῆς

143 4742 465 4815 πρεπούσης
486 4743 761 4813 εὐφημίας
781 4760 796 4776 ·
820 4746 879 4799 τὸ
910 4745 1221 4819 διακονῆσαι
1245 4750 1363 4819 μιν,
1390 4746 1470 4816 οἷς
1496 4755 1701 4820 ίκείνος

143 4832 478 4903 ίνομοθίτει,
516 4835 813 4903 ἐπαγαγεῖν
855 4836 911 4891 δε
972 4837 1071 4908 τὴν
1116 4841 1297 4911 χάριν,
1332 4844 1427 4898 καὶ
1480 4845 1571 4899 διά
1609 4846 1703 4901 τοῦ

144 4920 357 4973 τελείου
385 4921 445 4974 τὸ
494 4920 681 4985 ἀτελὲς
707 4924 1161 4995 ἀποκρύψασθαι·
1196 4932 1290 4983 καὶ
1336 4932 1596 4988 καταλύει
1622 4935 1701 5001 δι,

142 5011 239 5079 οὐχ
274 5011 303 5062 6
336 5009 412 5081 μὴ
444 5010 795 5080 παραϐαίνων
824 5015 951 5078 τοὺς
999 5015 1092 5069 τοῦ
1119 5020 1285 5089 νόμου
1325 5022 1545 5092 νόμους,
1586 5024 1705 5078 ἀλλ’

142 5101 170 5153 6
200 5098 574 5172 παραϐαίνων.
608 5103 942 5175 Παραϐαίνει
982 5108 1058 5173 δὲ,
1100 5110 1198 5181 ούχ
1227 5112 1256 5165 6
1282 5112 1565 5182 σχολάζειν
1603 5116 1704 5169 αύ-

141 5191 269 5254 τοὺς
296 5192 392 5245 καὶ
419 5190 611 5263 ἀργεῐν
635 5192 948 5261 ὀφείλοντας
978 5198 1159 5262 είδώς’
1189 5200 1303 5254 ἀλλ’
1336 5204 1364 5255 6
1389 5203 1526 5272 μηδὲ
1546 5205 1703 5260 τοῦτο

142 5282 298 5347 εἰδὼς
349 5282 371 5351 (
400 5283 578 5337 καίτοι
635 5285 903 5357 πολλαχοῦ
935 5288 1031 5360 τὴν
1067 5291 1273 5345 οίκείαν
1304 5293 1501 5362 ἀργίαν
1528 5297 1706 5351 αὐτῶν

144 5373 373 5427 ἐκείνων
399 5372 880 5448 διακεκραγότων),
915 5380 1006 5434 καὶ
1035 5381 1133 5452 οὐχ
1160 5383 1189 5435 6
1217 5383 1355 5453 μετά
1374 5384 1472 5455 τὴν
1507 5388 1704 5458 σχολὴν

214 5508 259 5540 ⁸²
293 5506 439 5565 Psal.
473 5524 595 5577 xcv,
627 5512 715 5568 ll.

1801 4653 1934 4708 tioni
1960 4652 2204 4709 funditus
2221 4668 2342 4709 eam
2365 4654 2650 4717 subruere,
2676 4664 2759 4710 est
2787 4654 2953 4719 illius,
2992 4654 3085 4724 qui
3116 4654 3262 4707 nulla
3293 4670 3358 4709 es

1798 4753 1951 4814 parte
2005 4745 2124 4815 ejus
2193 4760 2327 4800 usus
2370 4744 2534 4800 fuerit
2578 4744 3084 4815 justillcationibus.
3159 4744 3362 4799 Facere

1800 4842 1976 4890 autem
1995 4845 2055 4890 ut
2088 4836 2493 4905 interquiescat,
2515 4844 2569 4890 et
2596 4835 2775 4891 inanis
2800 4835 3078 4900 reddatur,
3114 4850 3221 4890 non
3253 4837 3360 4891 nisi

1800 4942 1926 4982 cum
1982 4928 2300 4999 congruenti
2333 4927 2641 4983 laudatione
2683 4928 2799 4982 fieri
2838 4937 3037 4998 potest.
3090 4930 3361 4985 luservire

1802 5019 2018 5091 iisquae
2038 5020 2153 5092 lege
2174 5021 2513 5085 sanciuutur,
2540 5020 2769 5090 gratiam
2801 5022 3111 5077 subiuferre
3153 5031 3357 5086 tamen,

1803 5123 1858 5166 et
1893 5112 2267 5183 imperfectum
2302 5112 2447 5183 quod
2478 5121 2562 5167 est
2588 5113 2691 5167 sub
2721 5114 2958 5182 perfecto
3003 5113 3357 5168 abscondere.

1806 5205 1979 5262 Solvit
2031 5205 2282 5277 quidem.
2336 5221 2444 5260 non
2498 5206 2589 5275 qui
2630 5220 2971 5277 nequaquam
3025 5206 3160 5276 legis
3224 5208 3357 5257 scita

1805 5298 2219 5369 transgreditur,
2248 5296 2342 5354 sed
2373 5299 2466 5367 qui
2496 5298 2910 5365 transgreditur.
2938 5296 3360 5365 Trausgraditur

1805 5401 1990 5458 porro,
2025 5402 2131 5441 nou
2162 5386 2255 5457 qui
2306 5388 2455 5442 novit
2488 5394 2737 5455 oportere
2785 5384 2906 5440 illas
2937 5398 3151 5440 cessare
3185 5393 3240 5438 et
3267 5384 3363 5435 de-

1428 5695 1660 5752 VARUE
1690 5696 2087 5754 LECTIONES.

223 5842 249 5872 ⁸
296 5836 716 5907 παρατρέπονσα
748 5836 813 5895 ll.
895 5840 911 5876 ί
940 5841 1228 5909 ἀπεγένετο
1257 5840 1320 5896 Il.
1403 5854 1424 5882 υ
1449 5843 1583 5910 μείω
1615 5841 1678 5898 ΙΙ.

1779 5851 1804 5880 '
1832 5843 2011 5897 ointt
2046 5843 2110 5896 ll.
