4162 6442
813 388 915 450 939

1953 386 2213 447 PIIOTlI
2259 389 2754 450 PATRIARClI/E
2796 395 2906 456 CP.

3972 407 4058 468 ,ω
4143 329 4147 394 l.

811 512 1086 560 suescere,
1146 498 1239 553 sed
1284 498 1377 567 qui
1433 511 1539 551 non
1573 499 1721 552 novit
1770 497 1913 552 istud
1969 499 2136 567 (certe
2192 502 2376 556 multis

2482 504 2580 555 καὶ
2631 505 2732 575 τὴν
2781 508 2942 577 χάριν
2997 509 3308 580 ἀχρήστους
3359 511 3539 580 εἰδὼς,
3570 515 3688 569 ἀλλ’
3741 520 3774 572 6
3831 520 3947 587 πρὸ
3976 522 4057 584 τῆς

811 591 864 642 in
898 587 1033 642 locis
1068 587 1341 657 propriam
1371 588 1726 655 ipsarnmmet
1749 587 2106 642 cessationem
2139 591 2271 656 ipsa:
2304 590 2378 645 le-

809 695 902 750 ges
930 679 1262 749 proclamant
1297 682 1316 747 )
1347 697 1360 731 :
1398 692 1506 730 non
1563 679 1652 746 qui
1692 689 1813 748 post
1842 680 2070 748 gratiam
2104 691 2159 736 et
2196 697 2378 738 cessa-

809 773 1013 825 tionem
1063 769 1282 824 inutiles
1312 769 1581 838 agnoscit,
1618 774 1710 826 sed
1765 773 1858 841 qui
1912 780 2040 827 ante
2063 773 2250 843 gratia:
2282 775 2378 829 ad-

807 881 1050 934 ventum,
1079 867 1208 922 dum
1247 867 1426 922 adhuc
1463 867 1772 921 obtinerent
1798 865 2168 934 operationem
2196 881 2374 932 suam,

807 973 1066 1032 tanquam
1121 959 1376 1030 profanas
1424 966 1790 1013 aversziretur.
1840 956 2042 1012 Sancta
2097 957 2264 1027 igitur
2287 957 2375 1013 lex

805 1063 910 1119 est,
937 1053 1106 1122 justa,
1139 1051 1301 1114 bona,
1333 1065 1362 1103 a
1398 1050 1540 1103 bOno
1572 1047 1829 1102 nimirum
1859 1046 2120 1114 profecta.
2157 1063 2374 1103 summe

805 1153 1014 1205 sancto.
1042 1153 1098 1197 et
1123 1143 1490 1196 umnimodam
1510 1141 1778 1209 justitiam
1803 1138 2206 1208 perfectissime
2242 1155 2378 1208 ope-

804 1245 980 1290 rante.
1046 1234 1263 1290 Exstitit
1310 1234 1638 1302 praenuntia,
1700 1243 1757 1286 at
1805 1247 1952 1286 nunc
2009 1239 2070 1284 ut
2138 1231 2376 1298 inutilis,

801 1328 1036 1398 quiescit
1067 1339 1122 1382 et
1149 1326 1406 1382 cessavit.
1450 1323 1506 1379 ln
1562 1325 1794 1380 adventu
1823 1323 1965 1377 enim
2003 1321 2218 1378 Domini
2252 1338 2379 1393 pro-

801 1421 1072 1476 curatoris
1117 1419 1353 1474 oﬂicium
1393 1432 1610 1473 cessare
1665 1416 1845 1471 debet.
1876 1413 1986 1470 Nec
2020 1425 2140 1483 post
2169 1415 2375 1470 contir-

800 1523 1000 1567 matam
1030 1511 1394 1567 valetudinem
1430 1509 1495 1564 ad
1531 1508 1824 1577 pliarmaca
1848 1505 2118 1576 quispiam
2146 1522 2207 1562 se
2236 1521 2376 1562 con-

800 1601 976 1659 feret:
1027 1617 1134 1658 non
1163 1604 1256 1672 qui
1287 1603 1412 1657 cibo
1442 1601 1520 1656 uti
1554 1607 1729 1670 potest
1761 1597 1997 1664 fortiori,
2051 1599 2118 1654 de
2158 1599 2374 1655 nutrice

802 1695 1022 1750 habebit
1067 1695 1535 1758 sollicitudinem;
1593 1708 1698 1746 non
1739 1691 1834 1761 qui
1876 1691 2148 1747 rhetorice
2193 1691 2378 1747 decla-

802 1797 937 1854 mat,
965 1786 1294 1857 syllabarum
1339 1783 1742 1856 grammatistas
1788 1781 2096 1852 indaganda
2120 1791 2370 1852 quaeret;

802 1895 965 1934 nemo
994 1878 1089 1948 qui
1122 1878 1279 1933 ducis
1309 1877 1487 1932 locum
1512 1875 1808 1931 obtinuerit
1839 1874 1892 1928 in
1927 1874 2067 1940 acie,
2108 1875 2370 1930 militari-

799 1973 903 2028 bus
962 1971 1186 2027 inscribi
1241 1969 1526 2026 ordinibus
1582 1969 1804 2038 cupiet;
1870 1983 2031 2022 nemo
2058 1970 2367 2024 ccelestium

799 2075 1026 2129 compos
1050 2059 1249 2126 factus,
1279 2060 1419 2114 bona
1447 2068 1660 2114 terrena
1701 2059 1770 2114 iis
1812 2057 2057 2128 praeferet
2098 2079 2111 2114 :
2150 2059 2242 2114 sed
2277 2075 2375 2118 nec

802 2153 949 2222 regio
1009 2161 1204 2206 ornatu
1241 2151 1568 2213 instructus,
1615 2150 1885 2220 privatam
1933 2149 2197 2215 tunicam,
2237 2151 2373 2206 sub-

796 2245 1068 2313 jectorum
1095 2242 1301 2306 locum,
1339 2256 1439 2312 pro
1477 2249 1622 2296 statu
1670 2240 2069 2310 superioritatis
2098 2257 2161 2295 ac
2194 2242 2374 2298 domi-

803 2338 1038 2392 nationis
1106 2337 1438 2392 immutabit.
1488 2335 1684 2402 Habes,
1721 2340 1774 2391 ni
1821 2336 2002 2402 fallur,
2035 2346 2094 2392 ut
2123 2353 2221 2408 per
2255 2338 2374 2408 epi-

802 2431 1060 2485 stolarem
1086 2427 1342 2493 formam,
1367 2428 1549 2483 dubia:
1583 2427 1905 2498 qmestionis
1943 2442 2147 2497 susque
2196 2429 2374 2498 deque

797 2523 1032 2594 jactatze,
1072 2531 1128 2578 et
1157 2523 1347 2578 multis
1373 2522 1652 2577 multoties
1676 2521 2084 2578 inextricabiles
2115 2525 2375 2594 quaestio-

803 2630 902 2670 nes
935 2614 1241 2669 exbibentis
1287 2614 1588 2669 solutiones
1623 2613 1972 2668 sufficientes.
2015 2614 2154 2669 llinc
2175 2613 2370 2681 Judzei,

804 2706 1021 2778 Pagani,
1056 2705 1346 2762 Marcionis
1373 2707 1708 2762 assertiones
1778 2706 2206 2768 confundentur.
2243 2709 2368 2777 qui-

802 2811 911 2865 que
939 2810 1035 2865 per
1060 2795 1329 2866 eiusmodi
1370 2795 1771 2865 oppusitionem
1805 2795 2156 2850 multifariam
2182 2807 2372 2852 contra

803 2883 1101 2942 Ecclesium
1126 2885 1284 2941 divisi
1308 2886 1750 2942 insurrexerunt.
1775 2884 2194 2942 Consummavit
2215 2889 2374 2943 Cln'i-

805 2989 947 3042 stus,
1008 2993 1115 3033 non
1170 2979 1423 3034 dissolvit
1450 2978 1622 3048 legem
1653 2996 1666 3030 :
1696 2978 1856 3033 otiari
1904 2977 2052 3040 fecit,
2094 2995 2203 3033 non
2242 2997 2374 3035 con-

805 3069 1130 3126 demnavit:
1190 3070 1507 3140 conspirant
1561 3086 1736 3138 usque
1786 3069 1922 3124 adeo
1979 3070 2147 3140 gratia
2179 3083 2235 3125 et
2265 3072 2372 3135 lex,

2480 595 2721 663 Χάριτος,
2766 599 2862 652 καὶ
2887 603 2948 653 ὲν
2992 601 3144 672 αύτῷ
3173 605 3274 674 τῆς
3305 605 3586 674 ἐνεργείας
3626 607 3708 676 τῷ
3752 609 3966 678 καιρῷ,

2481 685 2741 757 βεϐήλους
2780 689 3283 763 ἀποστρεφόμενος.
3316 695 3507 764 ’Ἄγιος
3538 693 3632 750 οὖν
3677 699 3708 750 6
3752 699 3952 768 νόμος,
3982 706 4056 753 καὶ

2477 780 2704 846 δίκαιος,
2735 783 2830 835 καὶ
2857 783 3062 851 ἀγαθός
3083 801 3098 816 ·
3127 786 3336 853 ἀγαθοῦ
3373 788 3504 857 γὰρ⁹
3553 788 3633 851 ὼς
3681 790 3940 860 ἀληθῶς,
3979 799 4056 846 καὶ

2479 872 2805 942 ὑπεραγίου,
2835 875 2930 928 καὶ
2959 877 3141 930 πᾶσαν
3182 877 3536 949 δικαιοσύνην
3566 879 3883 950 ὑπερφυῶς
3922 885 4054 937 τελι-

2481 965 2713 1034 σαμένου
2744 967 2957 1038 ὑπῆρχε
3002 969 3372 1038 προάγγελοςο
3413 969 3688 1042 ἄχρηστος
3711 973 3774 1026 δὲ
3810 976 3912 1027 καὶ
3949 993 4053 1046 σχο-

2480 1057 2633 1122 λάζει
2675 1060 2768 1113 καὶ
2814 1060 3110 1114 πέπαυται.
3154 1060 3492 1130 Ἐφεστῶτος
3533 1061 3643 1132 γὰρ
3677 1062 3784 1115 τοῦ
3838 1065 4053 1134 Κυρίου.

2479 1151 2772 1221 ἡσυχάζειν
2822 1150 2905 1204 δεῖ
2925 1151 2996 1204 τά
3027 1150 3122 1204 τοῦ
3156 1152 3495 1224 ἐπιτρόπου⁹
3546 1154 3642 1204 καὶ
3691 1154 3890 1216 ossa..-
3940 1157 4053 1223 μετὰ

2478 1240 2578 1310 τὴν
2603 1239 2850 1312 καθαρὰν
2883 1241 3102 1310 ὑγίειαν
3150 1243 3245 1295 ἐπὶ
3265 1245 3334 1297 τά
3365 1242 3635 1314 φάρμακα
3686 1245 3925 1314 τρέχει·
3955 1246 4051 1299 οὺᾶ

2480 1332 2708 1400 στερεᾶς
2718 1331 2922 1401 τροφῆς
2943 1331 3257 1398 ἀπολαύων,
3279 1332 3381 1402 τὴν
3396 1331 3748 1403 θηλάζουααν
3769 1337 4054 1406 περιεργὰ-

2481 1422 2667 1486 ζεταιο
2703 1422 2828 1475 οὐδὲ
2860 1422 3196 1494 ῥητορεύων,
3228 1425 3357 1487 τοὺς
3406 1423 3516 1476 τῶν
3559 1423 3868 1479 συλλαϐῶν
3893 1442 4051 1496 γραμο

2481 1516 2747 1584 ματιστάς
2770 1515 2949 1586 ζητῶν
2967 1515 3350 1586 περιέρχεται*
3379 1516 3440 1570 οὐ
3471 1517 3583 1588 μην
3609 1517 3727 1570 οὐδ’
3747 1519 3841 1578 εις
3873 1533 4056 1587 στρστο

2476 1606 2645 1675 ηγοὺς
2693 1605 2972 1676 ἀναχθεὶς,
3016 1605 3117 1677 τὴν
3148 1605 3256 1660 τῶν
3281 1607 3632 1678 στρατιωτῶν
3686 1607 3860 1678 λῆξιν
3886 1610 4059 1661 επιτο-

2479 1696 2714 1766 θὴσειεν.
2744 1696 2878 1750 Οὐδὲ
2902 1697 3030 1760 τοὺς
3067 1696 3336 1767 οὐρανοὺς
3379 1696 3584 1762 λαϐὼν,
3617 1697 3695 1750 τά
3727 1698 3933 1766 ἀγαθά
3975 1698 4055 1766 τῆς

2478 1788 2580 1858 γῆς
2624 1789 3052 1858 προτιμήσειεν·
3101 1787 3290 1858 ῶσπερ
3323 1787 3432 1842 οὐδ’
3473 1789 3504 1842 6
3549 1787 3860 1858 βασιλείαν
3905 1790 4062 1851 Mite.

2404 1858 2446 1915 Β
2473 1879 2564 1933 τὸν
2593 1878 2809 1950 ἰδιώτην
2840 1879 3066 1950 χιτῶνα,
3093 1882 3190 1933 καὶ
3215 1879 3316 1949 τὴν
3340 1879 3584 1950 ὑπήκοον
3602 1877 3793 1944 τάξιν,
3822 1881 3957 1935 ἀντὶ
3981 1880 4064 1948 τῆς

2475 1972 2879 2042 έπιστατούσης
2905 1973 3002 2026 καὶ
3023 1971 3243 2044 κυρίας,
3271 1970 3583 2036 ἀλλάξαιτο.
3618 1972 3827 2042 Ἔχεις
3855 1972 4063 2034 ἱκανῶς,

2474 2063 2654 2136 οἶμαι,
2690 2065 2786 2118 καὶ
2821 2065 3085 2134 μάλιστα,
3108 2063 3184 2129 ῶς
3226 2065 3284 2118 έν
3313 2063 3610 2131 ἑπιστολῆς
3633 2064 3831 2134 τόπῳ,
3868 2064 4065 2134 ἀπορή-

2477 2172 2652 2227 ματος
2679 2155 2794 2209 ἀνω
2824 2155 2920 2208 καὶ
2943 2155 3096 2208 κάτω
3126 2154 3452 2225 φερομένου,
3493 2152 3592 2207 καὶ
3617 2151 3846 2222 πολλὴν
3883 2151 4065 2206 πολλὰ·

2475 2265 2564 2311 κις
2601 2247 2914 2318 ἀμηχανίαν
2945 2246 3390 2317 παρεσχημένου,
3417 2244 3514 2309 τάς
3533 2243 3722 2308 λύσεις
3756 2243 4058 2313 ἀφθόνους*

2473 2342 2540 2395 δι’
2567 2335 2642 2395 ῶν
2677 2341 2772 2394 καὶ⁵
2816 2339 3088 2406 Ἰουδαῖοι,
3119 2339 3216 2393 καὶ
3251 2338 3537 2409 Ἕλληνες,
3567 2337 3667 2391 καὶ
3708 2337 3760 2390 οί
3801 2337 4064 2406 Μαρκίω-

2475 2450 2565 2496 νος
2590 2431 2738 2500 λόγοι
2783 2430 3251 2501 συγχυθήσονται·
3291 2430 3449 2484 αὐτοὶ
3482 2427 3741 2493 δόξαντες
3783 2428 4064 2504 πολλάκις.

2475 2524 2566 2577 διὰ
2587 2525 2682 2594 τῆς
2717 2521 2973 2593 τοιαύτης
3002 2520 3382 2594 παρατάξεως,
3407 2520 3508 2590 τῆς
3554 2519 3914 2588 Ἐκκλησίας
3940 2535 4060 2572 κατ-

2475 2613 2880 2680 εξανίστασθαι.
2930 2612 3247 2667 Ἐτελείωσε
3281 2611 3391 2680 γὰρ
3417 2613 3510 2664 τὸν
3532 2611 3705 2680 νόμον
3749 2611 3783 2663 6
3813 2603 4061 2681 Χριστὸς.

2479 2707 2593 2762 ἀλλ’
2628 2708 2692 2760 οὐ
2727 2705 2992 2760 κατέλυσε
3013 2723 3028 2738 ·
3061 2706 3156 2758 καὶ
3187 2705 3447 2767 ιπαυσεν,
3489 2703 3602 2756 ἀλλ’
3627 2703 3734 2756 οὐκ
3759 2703 4060 2770 ἀνέτρειῖρι·

2474 2801 2569 2853 καὶ
2581 2798 2733 2861 τέλος
2749 2798 2896 2852 ἐστὶν
2913 2797 3100 2858 αὑτοῦ,
3115 2796 3230 2850 ἀλλ’
3245 2797 3346 2850 οὐκ
3365 2794 3659 2864 ἀναίρεσκο
3677 2795 3777 2846 καὶ
3792 2794 3952 2864 ἦργή
3961 2809 4060 2854 σιν,

2473 2890 2587 2946 ἀλλ’
2607 2891 2668 2943 ού
2693 2889 2960 2943 διέϐαλλε·
2982 2889 3078 2942 καὶ⁸
3101 2885 3532 2957 συμφωνοῦσινή
3557 2886 3718 2955 χάρις
3736 2887 3840 2938 καὶ
3866 2886 3897 2937 6
3913 2886 4061 2953 νόμος

2475 2982 2590 3035 ἀλλ’
2617 2982 2678 3034 ού
2704 2981 2987 3051 μάχονται.
3011 2981 3075 3034 Εἰ
3105 2979 3163 3032 δέ
3190 2995 3276 3042 τις
3315 2979 3408 3032 καὶ
3445 2976 3600 3030 τοῦτο
3636 2977 3818 3044 λέγοι,
3845 2977 3944 3028 τὸν
3974 2977 4060 3044 μὲν

2475 3076 2532 3128 ἰν
2551 3072 2630 3143 τῷ
2650 3073 2938 3144 γράμματι
2964 3072 3129 3144 νόμον
3169 3071 3448 3125 λελυκέναι
3471 3070 3560 3123 τδν
3596 3069 3832 3138 Κύριον,
3862 3067 4063 3134 πεπλη-

803 3176 912 3216 non
943 3169 1200 3232 pugnant.
1230 3161 1285 3216 Si
1312 3163 1436 3232 quis
1473 3171 1683 3217 asserat
1729 3160 2017 3216 Dominum
2051 3163 2373 3221 dissolvisse

2478 3166 2713 3235 ρωκέναι
2754 3163 2811 3218 δὲ
2858 3164 2950 3218 τὸν
2982 3165 3040 3219 ιν
3085 3163 3378 3235 πνιύματι,
3432 3161 3586 3216 οὑδὶν
3611 3159 3723 3213 τῶν
3748 3158 4061 3213 imm:

803 3253 938 3323 legis
971 3254 1228 3320 litteram,
1263 3255 1575 3325 implevisse
1601 3263 1783 3308 autem
1815 3255 2151 3323 spiritualem
2177 3257 2371 3326 legem,

805 3361 911 3399 non
943 3345 1150 3400 abludit
1169 3361 1200 3400 a
1229 3362 1354 3401 vero
1385 3347 1528 3415 quod
1548 3347 1626 3402 sic
1652 3346 1970 3400 allirmatur.
2009 3346 2075 3400 At
2099 3347 2372 3404 affirmare

803 3436 948 3504 quod
1009 3435 1141 3504 legis
1219 3435 1540 3490 denterosin
1604 3433 1900 3496 dissolvit,
1947 3434 2123 3502 primo
2184 3444 2371 3490 autem

802 3526 1068 3580 sancitam
1128 3526 1302 3596 legem
1349 3525 1633 3596 implevit,
1686 3523 1970 3580 delirantis
2013 3535 2098 3579 est
2154 3534 2375 3582 senten-

803 3619 900 3672 tia.

898 3728 1219 3796 QUAESTIO
1248 3728 1334 3784 CC
1363 3727 1548 3800 [CoisL
1575 3727 1854 3788 CCXXIX.
1883 3726 2046 3781 Taur.
2074 3726 2302 3800 CCXX].

802 3819 937 3876 Cum
965 3821 1219 3877 Dominus
1243 3824 1386 3875 dicat
1419 3837 1436 3875 :
1473 3841 1488 3870 ι
1527 3821 1703 3876 Nolite
1744 3821 2064 3890 margaritas
2123 3821 2379 3890 projicere

977 3895 1172 3963 porcis,
1206 3912 1224 3944 ι
1262 3892 1520 3963 quomodo
1548 3892 1767 3945 docendi
1805 3901 1926 3944 sunt
1955 3891 2229 3959 inﬁdeles?

2472 3259 2607 3328 ίρεῖ.
2631 3257 2703 3311 Τὸ
2729 3255 2785 3309 δὲ
2806 3255 3005 3326 λέγειν,
3029 3257 3110 3310 ὅτι
3131 3255 3224 3309 τὸν
3252 3258 3352 3326 μιν
3371 3255 3464 3326 τῆς
3484 3250 3878 3322 δευτερὼσῑως
3906 3250 4062 3320 νόμον

2473 3348 2664 3415 έλυσε,
2695 3349 2791 3402 τὸν
2837 3348 2895 3402 δὲ
2939 3348 3040 3418 τῆς
3093 3347 3318 3420 πρώτης
3364 3345 3684 3418 νομοθεσίας
3745 3343 4061 3414 ἀπλήρυσι,

2471 3438 2780 3511 ληρούντων
2816 3440 2987 3496 ἐστίν.

3052 3721 3389 3777 ΕΡΩΤΗΣῘΣ
3421 3721 3494 3774 Συ.

2492 3815 2605 3894 To?
2631 3815 2853 3894 κυρίαν
2881 3812 3192 3894 λέγοντος)
3231 3831 3250 3864 ι
3277 3811 3373 3879 Μὴ
3395 3810 3660 3894 suae}:
3689 3809 4065 3894 μαργαρίτας

2554 3874 2905 3953 ἔμπροσθεν,
2922 3874 3041 3936 τῶν
3077 3874 3314 3953 χοίρων,
3357 3874 3470 3935 ix.
3505 3877 3670 3947 ἑξῆς,
3689 3874 3838 3946 huic,
3864 3877 3963 3933 δεῖ
3988 3874 4065 3928 δι-

2545 3951 2795 4008 δᾶσκειν
2817 3951 2959 4018 τοὺς
2979 3951 3310 4016 ὼτίστους;

1473 4090 1616 4141 Edita
1637 4107 1662 4142 a
1687 4091 1980 4140 Ilontacutto
2005 4092 2107 4152 (ep.
2134 4091 2197 4140 δι
2226 4092 2283 4140 ad
2308 4091 2374 4142 Se

2476 4104 2558 4150 nn,
2580 4103 2629 4152 p.
2658 4088 2909 4151 107-110).
2935 4115 2999 4127 -
3021 4087 3192 4138 Iatth.
3224 4099 3309 4148 vn,
3329 4087 3376 4137 6.

874 4192 1073 4247 Sancta
1103 4201 1157 4247 et
1176 4190 1506 4263 margaritas,
1537 4206 1659 4246 cum
1691 4190 1859 4244 divini
1887 4189 2037 4244 verbi
2072 4190 2384 4260 praedicatio

805 4298 907 4349 est,
957 4297 1069 4339 tum
1119 4292 1174 4339 et
1221 4300 1421 4355 corpus
1474 4283 1816 4339 Dominicum
1865 4293 1917 4337 et
1950 4283 2381 4338 immaculatum.

807 4375 1131 4446 Margaritze,
1178 4390 1243 4429 eo
1277 4374 1423 4444 quod
1464 4375 1698 4443 pretiosa
1735 4375 1864 4437 sint,
1902 4383 1954 4426 et
1998 4373 2142 4443 quod
2173 4372 2384 4445 fulgen-

806 4476 916 4520 lem
963 4467 1154 4520 salutis
1187 4466 1528 4535 splendorem
1568 4465 1636 4519 ab
1672 4466 1737 4519 iis
1780 4464 2064 4528 emittunt,
2113 4465 2207 4533 qui
2256 4479 2380 4520 cum

2554 4191 2719 4258 ’Δγια
2748 4189 2842 4243 καὶ
2866 4192 3224 4262 μαργαρῖται,
3250 4191 3278 4244 ὅ
3317 4207 3376 4243 τε
3403 4189 3499 4244 τοῦ
3528 4189 3673 4243 θείου
3697 4191 4065 4260 κηρύγματος

2480 4281 2658 4349 λόγος,
2684 4280 2778 4333 καὶ
2826 4281 2887 4333 τὸ
2915 4281 3244 4334 Δεσποτικδν
3273 4283 3368 4334 γα).
3409 4283 3677 4352 ἄχραντον
3722 4283 4062 4352 χρηματίζει

2482 4373 2674 4443 σῶμαο
2712 4374 3049 4444 μαργαρῖται
3085 4373 3182 4442 μιν
3209 4373 3291 4427 ὄτι
3335 4373 3516 4444 τίμια,
3548 4375 3637 4427 καὶ
3675 4374 3757 4426 ὃτι
3793 4374 4062 4446 λαμπρὰν

2479 4461 2579 4530 τῆς
2606 4461 2880 4531 σωτηρίας
2911 4461 3011 4530 τὴν
3029 4460 3224 4532 αῖγλην
3255 4463 3370 4525 τοῖς
3399 4462 3709 4534 εἰλικρινῶς
3734 4464 4065 4530 προσιοῦσιν

806 4561 1019 4614 sincero
1060 4560 1246 4612 animo
1289 4558 1508 4612 adeunt.
1547 4556 1742 4612 Sancta
1792 4568 1993 4620 autem,
2025 4558 2166 4626 quod
2201 4565 2256 4610 et
2283 4571 2376 4612 ve-

2485 4552 2863 4624 ἐκπέμπουσιν
2887 4568 2902 4582 ⁶
2935 4553 3067 4620 ἀγια
3101 4553 3183 4618 δὲ,
3209 4555 3292 4607 ὅτι
3327 4553 3396 4607 τά
3418 4562 3445 4591 ι
3489 4555 3660 4608 σεπτά
3721 4555 3827 4607 καὶ
3859 4557 3947 4609 ὅτι
3979 4556 4066 4622 τῆς

809 4652 1069 4714 neranda,
1105 4661 1158 4705 et
1195 4650 1339 4719 quod
1385 4664 1620 4704 excusso
1655 4663 1840 4702 errore
1881 4647 2096 4701 veritati
2143 4662 2244 4701 nos
2277 4662 2376 4716 ap-

811 4741 1069 4808 pendunt.
1121 4738 1295 4793 Canes
1347 4747 1473 4792 sunt
1521 4747 1575 4793 et
1618 4738 1852 4792 haeretici
1899 4747 1952 4792 et
1993 4738 2222 4808 pagani.
2283 4735 2378 4806 qui

807 4846 930 4886 cum
960 4846 1102 4900 saepe
1141 4831 1417 4900 religionis
1460 4831 1765 4885 rudimenta
1810 4829 1982 4898 prima
2011 4830 2188 4884 infusa
2220 4829 2380 4884 audi-

808 4923 1005 4981 vei-int.
1049 4936 1156 4975 non
1189 4930 1400 4975 tantum
1433 4921 1642 4976 meliori
1677 4929 1822 4976 statu
1867 4935 1973 4974 non
2025 4930 2172 4983 sunt,
2205 4919 2299 4974 sed
2330 4929 2386 4974 et

811 5013 1015 5066 rabiem
1057 5026 1210 5066 suam
1234 5011 1470 5079 produnt
1505 5013 1673 5067 multo
1711 5013 1927 5083 quidem
1961 5011 2219 5066 furiosius
2248 5026 2383 5067 con-

811 5112 892 5155 tra
935 5115 1144 5154 sacram
1176 5107 1229 5154 et
1258 5111 1500 5156 sanctam
1534 5113 1776 5157 nostram
1810 5103 2087 5173 pietatem,
2121 5103 2260 5156 ultra
2291 5117 2386 5158 ca-

818 5209 911 5247 nes
941 5192 1278 5249 allatrantes.
1320 5191 1476 5248 Porci
1505 5205 1769 5250 vocantur
1789 5234 1804 5259 ,
1846 5205 2113 5265 quotquot
2149 5209 2308 5250 ceno
2330 5203 2386 5249 et

811 5287 924 5340 luto
951 5284 1265 5354 passionum
1303 5287 1634 5342 convolutati
1655 5329 1670 5351 .
1710 5304 1837 5359 erga
1867 5289 2268 5344 admonitiones
2300 5289 2383 5343 in.

814 5389 1029 5431 sensate
1075 5389 1130 5432 et
1175 5379 1291 5434 sine
1329 5380 1698 5452 resipiscentia
1735 5391 1907 5437 semet
1951 5390 2163 5451 gerunt.
2224 5380 2386 5436 llisce

815 5469 1070 5525 omnibus
1127 5486 1232 5524 non
1283 5486 1406 5527 esse
1456 5473 1639 5528 divina
1699 5472 2054 5544 impertienda
2100 5471 2363 5542 mysteria

2484 4644 2692 4714 πλάνης
2741 4643 3092 4713 ἀφορίζοντες
3122 4647 3191 4715 τῇ
3226 4645 3454 4716 ἀληθείᾳ
3487 4644 3810 4698 ἀνατιθέασι
3838 4661 3856 4676 ·
3915 4647 4068 4706 κύνες

2476 4738 2553 4801 δὲ,
2587 4737 2682 4791 καὶ
2712 4736 2822 4790 τῶν
2851 4737 3165 4807 αίρετικῶν,
3213 4740 3308 4792 καὶ
3341 4739 3452 4792 τῶν
3488 4738 3752 4802 ἀπίστων,
3788 4739 3921 4791 ὅσοι
3949 4739 4066 4790 πολ·

2477 4829 2636 4890 λάκις
2660 4829 2751 4881 τὸν
2776 4827 2874 4897 τῆς
2890 4829 3171 4894 εὐσεϐείας
3186 4829 3591 4901 κατηχηθέντες,
3606 4830 3791 4897 λόγον,
3815 4833 3887 4884 οὐ
3919 4834 4066 4900 μόνω

2480 4920 2633 4973 ούδὶν
2681 4921 2903 4988 ἄμεινον
2959 4921 3304 4989 διετέθησαν,
3336 4921 3474 4976 ἀλλά
3547 4923 3640 4975 καὶ
3694 4922 3804 4992 τήν
3867 4923 4066 4977 λύσσαν

2482 5011 2660 5066 αὐτῶν
2691 5012 2830 5067 κατά
2849 5013 2948 5083 τῆς
2968 5013 3119 5080 ἱερᾶς
3138 5014 3293 5086 ἡμῶν
3326 5014 3622 5087 θρησκείας
3644 5013 4067 5085 ἐμμανέστερον

2483 5104 2661 5158 κυνῶν
2709 5105 3084 5160 ὑλακτούντων
3123 5107 3488 5172 ιπεδείξαντοο
3521 5108 3693 5178 χοῖροι
3725 5107 3810 5170 δὲ,
3845 5110 3967 5161 ὅσοι
3999 5107 4067 5175 τῷ

2485 5197 2731 5269 βορϐόρῳ
2781 5199 2892 5251 τῶν
2951 5198 3142 5253 παθῶν
3194 5199 3692 5270 ὲγκαλινδούμενοι,
3750 5202 3910 5271 πρὸς
3974 5201 4064 5256 τὰς

2483 5289 2833 5358 παραινέσεις
2867 5291 3208 5362 ἀναισθήτως
3234 5309 3294 5345 τε
3337 5293 3431 5345 καὶ
3457 5292 3888 5363 ἀνεπιστρόφως
3919 5293 4066 5362 έχου-

2485 5392 2590 5431 σιν.
2617 5371 2714 5440 Οἷς
2759 5378 2962 5433 ἅπασιν
2992 5383 3021 5434 6
3057 5380 3199 5445 θεῖος
3249 5381 3611 5446 ἀποθεσπίζει
3662 5383 3953 5452 χρησμὸς.
3999 5383 4066 5450 μὴ

2484 5469 2796 5540 προτιθέναι
2822 5472 2890 5527 τά
2929 5472 3049 5530 θεῖα
3075 5475 3350 5547 μυστήρια
3373 5516 3390 5543 ,
3423 5473 3678 5543 ἀναξίους
3710 5476 3975 5538 ἑαυτοὺς,
4006 5472 4066 5524 δι’

2107 5651 2336 5710 VARUS
2371 5653 2770 5712 LECTIONES.
