4162 6442
112 390 201 456 9έ1
1054 390 1155 449 AD
1177 390 1768 455 AMPHILOCHIUM
1804 394 2147 464 QUJ‘JSTIO
2180 396 2286 456 CC.
3222 396 3328 459 942

114 496 182 555 ῶν
205 497 463 569 ἔπραξαν,
503 494 990 567 παρεσκευακότας
1013 495 1114 563 τῆς
1139 495 1455 566 ὑπερφυοῦς
1482 510 1658 567 σωτη-
1687 495 1708 556 Α

1808 499 1938 554 ivina
1972 503 2195 556 oracula
2242 503 2557 572 prodidi-re;
2608 505 2805 574 quippe
2839 509 2929 576 qui
2959 508 3071 576 jam
3106 509 3234 561 olim
3271 520 3331 562 se

116 593 228 665 ρίας
253 592 345 644 καὶ
381 589 600 660 χάριτος
625 604 640 619 ·
689 586 806 643 ἀλλ’
858 588 907 645 εἰ
963 587 1087 658 μηδ’
1125 588 1335 657 ἑτέροις
1377 597 1406 637 ι
1457 588 1663 655 τούτων

1808 592 2018 663 tdignos
2045 604 2351 665 gesserunt,
2386 612 2482 665 per
2525 612 2689 666 opera
2744 613 2866 661 sua,
2906 599 3193 653 excellenti
3243 601 3331 653 illa

116 683 303 743 δοτέον,
328 681 454 743 ίσως
486 680 553 734 ἀν
584 696 670 744 τις
698 679 1071 749 διαπορήσειε,
1112 677 1255 731 τίσιν
1288 679 1427 742 ὅλως
1451 680 1660 745 ϐοτέονς

1808 685 1935 738 ratia
1970 695 2023 739 et
2048 684 2241 740 salute.
2276 684 2429 751 Quod
2463 687 2507 742 si
2546 688 2754 743 neutris
2784 689 3011 743 istorum
3050 689 3165 744 hmo
3185 704 3337 745 com-

112 776 249 846 οημί
271 771 584 843 τοιγαροῦν,
616 774 732 835 τοῖς
762 787 823 825 τε
848 772 1059 835 πιστοῖς
1085 771 1181 825 καί
1211 770 1536 842 όρθοϐόεοις,
1570 774 1665 825 καὶ

1808 773 2095 829 tunicanda
2140 774 2272 837 sint,
2320 789 2430 830 non
2471 776 2705 832 absurde
2742 778 3013 846 quispiam
3052 778 3341 835 dubitaveo

114 864 231 931 οἷςό
256 865 367 935 βίος
392 867 460 936 τῇ
511 864 692 917 πίστει
726 862 1158 933 συμφθέγγεται.
1218 862 1380 917 Ἀλλά
1416 865 1513 917 καί
1553 862 1663 916 τῶν

1808 872 1855 927 ιι,
1889 879 1958 918 an
2008 864 2283 934 aliquibus
2310 863 2535 919 omnino
2582 866 2693 920 sint
2716 864 3172 919 communicanda
3210 882 3224 918 :
3256 874 3338 919 et-

112 958 370 1021 ὰπίστων,
395 959 489 1010 καὶ
530 955 595 1027 δὴ
638 955 872 1009 καὶτῶν
899 955 1211 1028 αἰρετικῶν,
1258 953 1357 1009 καὶ
1409 956 1517 1027 μὴν
1569 956 1665 1010 καί

1808 956 1835 1020 i,
1885 966 2000 1011 tum
2052 955 2290 1025 quibus?
2343 954 2441 1011 llic
2499 956 2726 1020 amrmo,
2764 955 3016 1011 fidelibus
3058 966 3113 1011 et
3150 955 3342 1009 ortho-

114 1049 217 1100 τῶν
241 1048 376 1116 πρὸς
404 1047 753 1119 καθαρότητα
783 1047 1056 1112 πολιτείας
1100 1047 1541 1119 διαϐεϐλημένων
1571 1048 1669 1102 καὶ

1808 1048 1955 1112 usis,
1982 1063 2214 1117 quorum
2253 1048 2361 1101 vita
2414 1046 2740 1117 professioni
2787 1048 3099 1117 respondet.
3151 1046 3257 1102 Sed
3290 1056 3346 1099 et

116 1138 311 1206 ταύτης
335 1138 1021 1204 όλισθαινόντων,ἰκείνους
1038 1138 1118 1208 τῷ
1141 1138 1285 1209 λόγῳ
1309 1140 1667 1211 κατηχητέον,

1808 1140 2058 1204 ιονειίυἰί,
2097 1149 2153 1194 et
2196 1138 2458 1200 heretici.
2505 1148 2560 1193 et
2592 1140 2685 1209 qui
2734 1139 2845 1193 vita
2889 1154 3081 1207 parum
3123 1154 3258 1208 pura
3292 1150 3347 1190 et

120 1227 209 1280 καὶ
238 1231 593 1302 χειραγωγεῖν
620 1227 1000 1299 προθυμητέον
1021 1245 1038 1261 ο
1067 1229 1264 1292 οίτινές
1302 1231 1443 1284 εἰσιν
1481 1230 1671 1301 ῶσπερ

1812 1239 1997 1284 onesta
2044 1228 2530 1293 commendantur,
2592 1231 2687 1283 sed
2734 1227 2981 1285 defectus
3042 1227 3345 1298 patiuntur,

122 1319 367 1387 πρόϐατα
396 1323 472 1392 μὴ
498 1322 692 1393 έχοντα
719 1320 971 1390 ποιμένα,
1002 1319 1099 1374 καὶ
1123 1320 1330 1391 σφόδρα
1346 1320 1556 1378 δέονται
1573 1322 1674 1390 τῆς

1808 1322 1941 1376 erho
1967 1331 2095 1376 sunt
2120 1321 2463 1384 instituendi,
2492 1328 2549 1375 et
2576 1336 2740 1375 manu
2771 1320 2963 1375 sedula
2991 1318 3296 1375 deducendi
3336 1336 3349 1369 :

123 1414 484 1484 ποιμαντικῆς
514 1410 837 1473 έπιστασίας
866 1409 963 1464 καὶ
984 1412 1360 1481 κατηχήσεως.
1414 1412 1537 1465 Ἐπί
1553 1411 1677 1465 τού-

1808 1421 1903 1467 unt
1929 1414 2074 1468 enim
2110 1423 2369 1483 tanquam
2419 1426 2551 1468 oves
2579 1422 2848 1483 pastorem
2892 1428 2998 1467 non
3049 1412 3351 1477 habentes,

121 1517 232 1564 τοις
257 1502 368 1572 γὰρ
393 1504 489 1557 καὶ
540 1505 570 1555 ὸ
622 1500 827 1572 Κύριος
872 1501 1319 1572 σπλαγχνίζεται,
1361 1504 1457 1557 καὶ
1485 1504 1678 1575 τρέφει

1808 1503 1979 1570 ιυίιιιιε
2008 1502 2155 1558 omni
2191 1502 2351 1557 modo
2392 1517 2530 1573 opus
2557 1510 2646 1557 est
2693 1502 2975 1571 pastnritia
3007 1500 3353 1572 praesidentia

120 1592 329 1659 τροφὴν
372 1593 435 1646 τό
480 1609 541 1646 τε
580 1593 740 1661 σῶμα
797 1592 1148 1663 συνέχουσαν,
1202 1595 1299 1648 καί
1353 1598 1454 1667 τὴν
1493 1596 1679 1670 ψυχὴν

1808 1606 1831 1649 :t
1853 1593 2260 1649 informatione.
2291 1593 2428 1665 Erga
2466 1595 2601 1651 istos
2634 1594 3025 1650 misericordia:
3054 1594 3358 1650 visceribus

123 1678 433 1747 βελτιοῦσάν
466 1699 524 1734 τε
582 1682 678 1735 καὶ
712 1683 1071 1752 στηρίςουσαν
1097 1698 1114 1713 ⁸
1168 1680 1279 1738 εἰεν
1300 1700 1315 1715 ο
1378 1685 1517 1740 ἀλλά
1564 1687 1682 1751 πῶς

1808 1695 2029 1741 novetur
2067 1684 2329 1740 Dominus
2358 1703 2373 1739 :
2403 1685 2584 1739 cibum
2613 1685 2723 1741 illis
2753 1695 3002 1755 apparat,
3034 1686 3128 1754 qui
3159 1694 3214 1740 et
3238 1700 3360 1740 cor-

126 1768 408 1839 ρίπτουσιν
455 1774 884 1843 ἐπιστραφέντες
943 1776 994 1829 οἰ
1045 1777 1217 1845 χοῖροι
1278 1776 1374 1830 καὶ
1419 1780 1469 1831 οί
1520 1777 1683 1840 κύνες

1808 1794 1885 1833 ius
1913 1777 2237 1842 consolidet,
2269 1785 2322 1831 et
2354 1776 2590 1831 animam
2620 1778 2884 1833 redditam
2922 1777 3204 1831 meliorem
3232 1792 3361 1833 con-

123 1834 269 1926 τοὺς,
297 1863 429 1926 εῖτις
456 1834 639 1928 αὐτοῖς
670 1834 897 1935 προθείη
931 1865 968 1937 ᾇ
994 1834 1079 1936 μῆ
1116 1834 1311 1937 θέμιςς
1338 1867 1373 1938 ἦ
1396 1868 1575 1939 δῆλον.
1608 1834 1684 1932 ὼέ

1808 1866 1979 1918 lrmet.
2016 1862 2122 1917 Sed
2170 1870 2289 1918 esto
2333 1872 2537 1927 tamen,
2590 1864 2867 1934 quomodo
2922 1864 3071 1934 porci
3110 1868 3360 1919 conversi

121 1954 170 2003 οί
203 1954 304 2022 μὲν
332 1956 719 2026 κωμῳδοῦντες
763 1958 859 2011 καὶ
884 1958 1245 2027 ἑπιγελῶντες
1273 1962 1370 2014 καὶ
1395 1960 1687 2032 χλευάζον-

1808 1956 2049 2025 Iejiciunt
2084 1956 2196 2017 illa,
2228 1964 2283 2011 et
2314 1970 2479 2011 canes
2526 1955 2572 2011 sl
2622 1956 2745 2026 quis
2779 1958 2846 2011 iis
2878 1958 3195 2026 apposuerit
3241 1973 3365 2025 qua:

122 2061 213 2106 τες
232 2044 302 2097 τά
329 2045 512 2116 πάσης
542 2048 820 2119 εὐφημίας
845 2049 1142 2121 ὑπέρτερα,
1176 2052 1227 2105 οἰ
1253 2053 1333 2119 δὲ,
1365 2054 1428 2108 τὸ
1449 2055 1687 2125 καθαρὸν

1808 2064 1897 2104 Ion
1925 2047 2299 2103 conveniunt?
2344 2046 2425 2102 An
2475 2056 2622 2117 patet
2668 2048 2815 2117 quod
2864 2048 3079 2103 comico
3120 2048 3234 2102 sale
3268 2048 3365 2100 fri-

122 2135 305 2190 αὐτῶν
327 2140 419 2191 καί
435 2139 853 2213 ὑπέρλαμπρον,
867 2144 958 2197 sta
974 2145 1073 2215 τῆς
1090 2146 1299 2211 οἰκείας
1319 2148 1685 2220 ἀκαθαρσίας,

124 2229 223 2279 καὶ
272 2228 673 2301 ἀνεπιστρόφου
718 2233 1085 2306 φαυλότητος,
1118 2235 1475 2307 βεϐηλοῦντές
1505 2256 1567 2293 τε
1595 2241 1690 2293 καί

124 2321 687 2391 καταρρυπαίνοντες.
712 2318 812 2379 Ὧν
838 2325 1096 2395 ἑκάτερον
1123 2329 1419 2400 ἀνατρέχον
1456 2333 1537 2395 εἰς
1563 2333 1691 2397 τοὺς

122 2412 549 2480 ἀπερισκέπτως
593 2416 688 2470 καὶ
742 2416 912 2487 χωρὶς
945 2418 1199 2487 προνοίας
1228 2422 1692 2492 οἰκονομήσαντας

125 2501 187 2552 τὸ
245 2504 568 2575 μυστήριον,
628 2506 834 2560 πτῶσιν
865 2508 1047 2562 αὐτῶν
1087 2508 1333 2580 χαλεπὴν
1388 2513 1486 2567 καί
1548 2514 1691 2584 μέγα

123 2590 332 2650 ϐνειδος
363 2593 755 2665 ἀπεργάζεται.
788 2597 994 2668 Είησαν
1025 2598 1072 2651 δ’
1113 2599 1181 2653 ἀν
1231 2604 1565 2672 μαργαρῖται
1598 2602 1694 2656 καί

127 2679 285 2747 ἅγια,
314 2684 375 2735 οὐ
402 2685 469 2737 τὰ
501 2686 769 2756 εἰρημένα
801 2686 982 2758 μόνον,
1012 2688 1147 2742 ἀ).λά
1185 2707 1249 2759 γε
1294 2693 1390 2747 καί
1418 2693 1527 2747 τῶν
1564 2694 1697 2749 θαυ-

129 2774 323 2842 μάτων
358 2777 429 2829 τά
455 2779 803 2849 χαρίσματα·
837 2782 933 2836 καί
973 2782 1112 2853 πρὸς
1153 2784 1385 2849 τούτοις,
1438 2787 1580 2842 αὐτά
1625 2789 1695 2843 ea

128 2865 419 2934 θαύματα·
452 2869 548 2922 καί
579 2871 779 2941 τρίτον,
812 2874 863 2925 εἰ
906 2871 1105 2942 βούλει,
1135 2874 1196 2927 τὸ
1217 2876 1574 2931 ἀποστολικὺν
1600 2882 1696 2935 καὶ

127 2956 279 3009 θεῖον
321 2958 557 3030 ἀξίωμα,
610 2962 639 3015 ό
666 2964 808 3017 κατὰ
837 2964 1085 3036 διαδοχὴν
1111 2966 1172 3019 τὸ
1214 2968 1514 3039 ἀρχιερέων
1542 2972 1697 3039 γένος

126 3050 334 3117 όρᾶται
362 3051 751 3124 κληρούμενον.
784 3057 949 3110 Οὐδὲν
976 3058 1085 3130 γάρ
1120 3059 1344 3124 τούτων,
1379 3063 1440 3116 οὐ
1483 3065 1582 3133 μὲν
1602 3062 1697 3119 οὖν

1808 3058 2253 3120 memoravimus,
2317 3056 2411 3111 sed
2479 3064 2534 3110 et
2593 3056 2985 3110 miraculorum
3048 3054 3374 3109 charisma:

123 3136 263 3230 οὐτε
318 3142 445 3194 κυσὶ
498 3144 834 3213 προτιθέναι,
881 3146 1003 3201 οὐδὲ
1057 3152 1169 3212 τοῖς
1206 3153 1409 3221 χοίροις
1454 3153 1696 3225 θεμιτόν.

1808 3151 1963 3205 etiam
1997 3150 2115 3219 ipsa
2144 3148 2407 3204 miracula
2438 3162 2453 3201 :
2494 3156 2567 3212 et,
2607 3149 2650 3201 si
2684 3149 2755 3202 ita
2794 3148 2991 3217 placet.
3037 3145 3198 3201 tertio
3232 3144 3377 3207 loco,

129 3228 251 3282 Kal.
280 3230 456 3295 κοινὸς
494 3235 592 3304 μὲν
639 3237 767 3306 περί
811 3237 1031 3292 πάντων
1058 3240 1222 3310 νόμος
1269 3244 1303 3310 ἠ
1332 3244 1703 3316 προειρημένη

1808 3244 2177 3312 apostolorum
2204 3242 2422 3298 caelitus
2449 3240 2691 3295 instituta
2717 3239 2956 3309 dignitas
2986 3256 3000 3291 :
3034 3238 3193 3307 cujus
3215 3238 3381 3291 sortis

129 3320 232 3375 τοῦ
271 3324 543 3378 Δεσπότου
585 3326 763 3397 ψῆφος
787 3330 883 3383 καί
926 3331 1222 3401 ἀπόφασις.
1254 3334 1415 3405 Εὐροι
1457 3336 1502 3389 δ’
1532 3336 1597 3390 ἀν
1625 3354 1708 3402 τις

1810 3332 2202 3397 hereditatem,
2235 3331 2547 3400 pontificale
2590 3340 2838 3388 nostrum
2870 3344 3040 3398 genus
3070 3327 3383 3397 agnoscitur

130 3412 236 3466 καὶ
288 3415 419 3485 περί
449 3416 565 3480 ἰνὸς
592 3418 823 3473 έκάστου
855 3421 1033 3475 αὐτῶν
1069 3423 1170 3486 τάς
1220 3426 1526 3495 μαρτυρίας
1554 3427 1708 3480 οὐδὲν

1810 3422 2107 3493 possidere.
2138 3421 2283 3477 Nihil
2311 3424 2454 3477 enim
2483 3438 2547 3476 eo
2576 3431 2849 3491 spectans,
2885 3421 2964 3473 vel
3004 3418 3235 3475 canibus
3264 3432 3385 3488 pro-

128 3504 568 3577 ἀργωδέστερον.
619 3510 827 3565 Αὐτίκα
871 3512 1003 3581 γοῦν
1052 3515 1166 3577 τοῖς
1209 3516 1389 3569 κυνῶν
1409 3516 1565 3587 δίκην
1610 3518 1708 3587 τὴν

1808 3515 2102 3585 jiciendum
2127 3522 2231 3581 est,
2256 3514 2341 3569 vel
2370 3514 2533 3569 etiam
2575 3513 2771 3581 porcis.
2802 3510 3137 3566 Communis
3163 3509 3231 3563 de
3263 3509 3379 3564 istis
3427 3508 3431 3512 ’

1787 2147 1935 2203 cant,
1973 2148 2029 2193 et
2061 2136 2297 2192 ludibrio
2317 2137 2537 2202 habent,
2559 2147 2615 2192 et
2631 2136 2882 2193 labentia
2909 2147 3209 2205 exponunt,
3245 2153 3369 2207 qua:

1771 2230 1974 2287 omnia
2022 2229 2199 2285 laudis
2250 2228 2626 2299 cujuscunque
2658 2230 2927 2300 praeconia
2971 2240 3235 2298 superant
3276 2224 3368 2283 isti

1792 2320 1844 2375 id
1874 2320 2017 2391 quod
2048 2318 2371 2376 defaecatum
2415 2329 2470 2375 et
2498 2320 2817 2390 pellucidum
2847 2330 2951 2385 est,
2984 2336 3079 2390 per
3124 2322 3368 2390 ipsorum

1792 2414 2068 2483 pr0priam
2104 2412 2500 2467 immunditiem
2538 2420 2592 2467 et
2620 2412 3021 2482 improbitatem
3075 2412 3367 2481 incorrigi-

1790 2504 1978 2570 bilem,
2002 2502 2352 2574 profanantes
2370 2514 2425 2559 et
2439 2503 2781 2559 sordidantes
2804 2504 3123 2574 persistunt.
3146 2503 3374 2559 Utrum-

1793 2613 1900 2668 que
1931 2612 2093 2668 porro
2126 2608 2410 2668 postquam
2446 2598 2707 2657 invaserit
2756 2612 2875 2661 cos,
2914 2599 3008 2668 qui
3060 2596 3371 2652 inconside-

1795 2693 1969 2747 ratius
1999 2699 2054 2746 et
2080 2690 2199 2745 sine
2232 2690 2380 2746 omni
2413 2705 2543 2747 cura
2582 2699 2636 2746 et
2674 2691 3014 2761 providentia
3053 2690 3371 2762 mysterium

1795 2785 2131 2855 dispensant,
2176 2784 2387 2855 lapsum
2419 2783 2596 2853 ipsum
2623 2783 2845 2847 durum,
2876 2784 3291 2853 deplorandum.
3322 2791 3377 2837 et

1797 2888 1920 2928 cum
1952 2873 2217 2928 dedecore
2267 2873 2617 2942 coniunctum
2666 2881 2946 2941 procurat.
2993 2869 3121 2925 Esto
3168 2880 3375 2931 autem,

1798 2966 1908 3021 sint
1932 2966 2241 3035 margarita:
2271 2980 2358 3019 res
2392 2978 2582 3027 sacrm,
2616 2979 2715 3018 nec
2749 2978 2826 3018 ea!
2855 2962 3030 3022 solum
3059 2976 3200 3031 quas
3226 2975 3379 3014 com-

130 3597 423 3654 ἀναίδειαν
467 3599 961 3673 προϐεϐλημένοις,
1022 3606 1115 3660 καί
1168 3611 1394 3678 σημεῖον
1439 3610 1707 3675 αἰτοῦσιν,

127 3688 301 3743 οὔπω
332 3690 515 3761 σχεδὸν
557 3693 655 3763 τῆς
684 3694 859 3765 ὅψεως
892 3697 1074 3751 αὐτῶν
1105 3698 1217 3751 τῶν
1246 3700 1713 3770 προδεδειγμένων

130 3780 580 3850 ἀπαλλαγείσης,
612 3785 673 3838 οὐ
724 3786 886 3857 μόνον
928 3788 1079 3842 οὐδὲν
1114 3791 1143 3843 ό
1170 3789 1262 3843 τοῦ
1302 3791 1492 3859 γένους
1524 3793 1713 3865 Σωτὴρ

128 3871 401 3942 οὐδαμῶς
423 3874 753 3941 ἰπεδείξατο,
776 3877 911 3931 ἀλλά
933 3880 1029 3933 καί
1043 3881 1245 3934 ἀπεῖπε
1272 3881 1346 3951 μὴ
1370 3882 1711 3951 δοθήσεσθαι,

134 3962 239 4013 καὶ
291 3963 393 4033 τὴν
436 3963 615 4018 αἰτίαν
657 3965 751 4018 τοῦ
800 3968 873 4038 μὴ
926 3972 1233 4041 παρασχεῖν
1286 3971 1712 4036 ἀποκαλύπτων,

1810 3607 2067 3662 omnibus
2111 3607 2219 3672 les,
2254 3606 2543 3676 pradictus
2585 3604 2796 3659 Domini
2829 3603 3076 3658 calculus
3120 3612 3174 3657 et
3204 3601 3385 3659 deter-

1814 3701 2043 3754 minatio
2065 3700 2137 3753 sit
2169 3720 2184 3755 :
2212 3714 2446 3768 quarum
2481 3712 2667 3751 rerum
2700 3698 3041 3766 singularum
3074 3696 3384 3750 testimonia

1814 3792 1973 3847 facile
2009 3791 2187 3847 cuivis
2240 3791 2407 3845 fuerit
2462 3790 2725 3844 invenire.
2773 3788 2883 3845 lllis
2928 3789 3090 3858 igitur
3138 3789 3229 3857 qni
3277 3804 3383 3841 non

1814 3898 1970 3938 secus
1992 3898 2157 3953 quam
2187 3897 2353 3938 canes
2381 3896 2647 3936 summam
2685 3896 2794 3949 pra:
2832 3896 2892 3935 se
2932 3881 3177 3935 ferebant
3209 3879 3388 3949 impu-

1813 3977 2077 4041 dentiam,
2106 3975 2177 4030 ita
2207 3984 2266 4029 ut
2294 3976 2504 4043 signum
2539 3973 2643 4027 sibi
2679 3973 2793 4026 dari
2838 3974 3208 4041 postularent,
3260 3988 3386 4026 cum

130 4051 347 4120 γενεὰν
369 4053 568 4118 αὐτοὺς
610 4057 853 4127 πονηρὰν
881 4059 978 4110 καὶ
1013 4060 1299 4129 μοιχαλίδα
1325 4061 1605 4132 ὠνόμασεο
1649 4064 1708 4119 δι¹

1815 4066 1904 4118 vix
1927 4066 1979 4118 in
2012 4072 2307 4133 conspectu
2346 4064 2588 4133 ipsorum
2622 4062 2849 4131 patratis
2896 4061 3173 4114 miraculis
3204 4075 3389 4114 move-

134 4146 418 4216 ἑκατέρου
450 4146 656 4213 πάθους
680 4152 1061 4221 παραστήσας,
1094 4152 1179 4205 ὅτι
1202 4154 1381 4207 κυνῶν
1404 4158 1498 4208 καὶ
1519 4156 1708 4226 χοίρων

1819 4162 2027 4216 rentur,
2095 4151 2311 4221 generis
2376 4150 2548 4204 nostri
2605 4149 2756 4203 salus
2822 4158 2877 4202 et
2927 4147 3219 4213 Servatur,
3277 4160 3387 4201 non

130 4236 304 4289 οὐδὲν
335 4236 591 4306 ἀμείνους
620 4238 933 4309 ἐτύγχανον.
975 4241 1085 4294 Καὶ
1131 4243 1290 4297 πάλιν
1315 4246 1374 4297 εν
1405 4248 1471 4316 τῇ
1501 4245 1708 4316 πατρίδι

1818 4242 1982 4299 modo
2013 4241 2220 4297 nullum
2260 4242 2475 4309 signum
2508 4238 2891 4299 manifestavit,
2922 4241 3015 4293 sed
3063 4254 3121 4293 se
3164 4238 3388 4291 minime

128 4326 319 4379 αὐτοῦ
341 4329 439 4380 οὐκ
456 4330 678 4399 ἐποίησε
698 4331 955 4402 δυνάμεις
984 4333 1204 4400 πολλὰς,
1225 4336 1315 4389 διὰ
1340 4338 1441 4406 τὴν
1462 4338 1708 4393 ἀπιστίαι

1818 4349 2209 4391 concessurum
2258 4331 2595 4402 respondet:
2638 4339 2693 4385 et
2737 4346 2961 4385 causam
3003 4330 3250 4385 indicans
3289 4345 3389 4383 cur

128 4418 360 4474 αὐτῶν.
381 4420 492 4472 Καὶ
511 4420 780 4491 πολλαχοῦ
809 4423 1059 4490 φαίνεται
1089 4425 1272 4479 πίστιν
1303 4428 1708 4497 προσαπαιτῶν,

1822 4426 2034 4481 nullum
2055 4425 2219 4480 vellet
2242 4423 2541 4478 concedere
2566 4422 2806 4491 signum,
2836 4422 3136 4490 improbam
3160 4431 3214 4475 et
3236 4419 3392 4474 adul-

130 4507 247 4564 εἷθ’
282 4510 456 4574 οὕτως
481 4512 651 4575 ἰάσεις
677 4513 960 4568 ἐπιτελῶν.
989 4517 1152 4570 Ὥστε
1173 4520 1200 4571 ὀ
1228 4519 1595 4587 κυνογνὼμων
1626 4521 1708 4574 καὶ

1823 4526 1993 4572 teram
2024 4517 2425 4587 generationem
2455 4522 2647 4569 vocat:
2683 4528 2778 4583 per
2806 4522 3099 4581 utrumque
3135 4513 3389 4567 affectum

128 4602 421 4673 χοιρὼδης
463 4603 768 4675 ἄνθρωπος,
809 4606 1029 4671 ἀνάξιός
1054 4609 1170 4661 ἐστι
1200 4608 1300 4675 τῆς
1332 4611 1442 4664 ἀπὸ
1480 4611 1590 4664 τῶν
1621 4630 1708 4681 ση-

1810 4610 2034 4673 docens,
2074 4608 2219 4678 quod
2262 4606 2435 4661 nihilo
2477 4606 2671 4659 melius
2717 4620 2881 4674 quam
2914 4619 3079 4658 cantes
3128 4614 3182 4657 et
3230 4602 3387 4671 porci

134 4696 329 4767 μείων
380 4696 719 4764 εὐεργεσίας.
780 4699 843 4752 Ei
870 4699 927 4752 δὲ
956 4699 1134 4766 τοῦτο,
1170 4701 1349 4771 πολλῷ
1396 4704 1594 4773 μᾶλλον
1624 4707 1708 4758 καί

1813 4696 2262 4765 disponebantur.
2288 4692 2423 4746 Hinc
2456 4691 2659 4747 factum
2691 4692 2837 4760 quod
2873 4690 2928 4744 in
2961 4707 3059 4743 sua
3097 4690 3269 4759 ipsius
3300 4705 3392 4759 pa-

131 4788 324 4843 αὐτοῦ
356 4788 449 4842 τοῦ
479 4790 537 4843 ἰν
564 4791 679 4851 τοῖς
701 4790 949 4860 σημείοις
980 4793 1337 4863 χαρίσματος.
1376 4796 1536 4850 Ἀλλά
1563 4796 1708 4850 τοῦτ(

1817 4787 1921 4842 tria
1966 4785 2139 4840 multa
2186 4785 2340 4855 signa
2390 4784 2532 4837 haud
2577 4781 2842 4845 ediderit,
2883 4792 3105 4850 propter
3148 4782 3391 4850 ipsorum

134 4885 251 4953 μὲν
310 4884 408 4935 καὶ
436 4883 663 4936 αὐτόθεν
690 4883 879 4951 δῆλονο
928 4884 1082 4938 οὐδὲν
1116 4886 1174 4939 δί
1226 4882 1391 4958 ἦττον
1432 4889 1582 4959 ὅμως
1628 4890 1708 4943 xa‘

1822 4876 2273 4932 incredulitatem.
2314 4872 2421 4928 Sed
2448 4884 2504 4929 et
2534 4872 2809 4943 plerisque
2850 4873 2905 4926 in
2933 4871 3068 4926 locis
3102 4872 3231 4926 licet
3275 4874 3395 4924 ani-

131 4976 391 5044 Πέτρος,
424 4976 452 5027 ὁ
474 4974 584 5027 τῶν
620 4975 877 5044 μαθητῶν
900 4980 1222 5047 κορυφαῖος,
1254 4978 1320 5031 δι’
1360 4973 1435 5035 ῶν
1458 4982 1708 5053 ὲπιτιμή·

1824 4968 2183 5032 madvertere,
2214 4968 2370 5023 ﬁdem
2395 4967 2571 5036 ipsum
2601 4966 2753 5036 prius
2784 4966 3199 5033 prarrequirere,
3234 4976 3394 5031 atque

133 5081 255 5127 σας
314 5063 646 5117 ἀπεσείσατο
693 5064 785 5117 τὸν
814 5064 1183 5134 δεισιδαίμονα
1220 5071 1315 5121 καὶ
1340 5070 1578 5141 πονηρὸν
1632 5071 1727 5124 καί

132 5155 487 5225 φιλόχρυσον
503 5154 742 5224 Σίμωνα,
763 5155 1161 5225 ἀκριϐεστάτην
1178 5158 1479 5227 παρέσχετο
1488 5158 1584 5229 τὴν
1595 5160 1729 5213 ἀπόο

128 5246 326 5310 δειξιν
343 5262 358 5275 ·
381 5246 462 5297 ὅτι
485 5245 542 5298 δὲ
569 5246 678 5298 οὐδ’
705 5246 1069 5317 ἀποστολικῆς
1097 5248 1255 5315 ἀξίας
1286 5249 1318 5320 ἢ
1340 5252 1729 5321 ἀρχιερατικῆς

129 5340 331 5408 τιμῆς
368 5336 541 5400 οὐδείς
586 5339 702 5389 ἐστι
737 5336 845 5390 τῶν
886 5338 1143 5392 τοιούτων
1192 5340 1439 5409 μετέχειν
1486 5341 1726 5408 δίκαιος,

130 5430 324 5491 αὐτὸς
349 5428 512 5481 πάλιν
531 5428 559 5480 ὀ
584 5428 878 5499 Δεσπότης,
912 5429 1060 5500 ἔργῳ
1087 5432 1181 5483 καὶ
1200 5430 1344 5502 λόγῳ
1374 5432 1724 5502 παρίστησιν,

130 5517 227 5582 οἷς
260 5518 367 5571 τὸν
392 5518 701 5574 ἀκολουθεῖν
726 5519 874 5588 αὐτῷ
900 5520 1283 5591 αἰτησάμενον,
1325 5522 1418 5575 καί
1442 5522 1550 5575 τῶν
1588 5524 1725 5576 ἀπο-

134 5612 372 5667 στόλων
400 5609 650 5662 ὑπελθεῖν
694 5611 787 5663 τὸν
810 5611 1007 5681 κλῆρον
1027 5653 1042 5677 ,
1073 5612 1245 5665 καὶτὸ
1275 5614 1569 5683 προνόμιον
1612 5614 1725 5667 δια-

137 5700 584 5774 μηχανώμενον,
602 5701 661 5754 οὐ
690 5702 851 5773 μόνον
873 5704 934 5756 οὐ
974 5704 1368 5774 προσεδέξατο,
1399 5705 1533 5760 ἀ).λά
1558 5705 1625 5760 δι’
1652 5698 1725 5760 ὧν

1824 5062 1899 5115 ita
1925 5061 2145 5115 demum
2168 5058 2480 5114 curationes
2509 5058 2765 5112 edidisse.
2797 5056 2887 5110 Est
2918 5056 3085 5124 igitur
3116 5056 3204 5109 ille
3232 5056 3395 5108 homo

1824 5156 1916 5223 qui
1970 5154 2160 5208 eodem
2217 5153 2379 5207 modo
2428 5150 2656 5205 adicitur
2701 5160 2864 5217 atque
2910 5164 3077 5203 canes
3115 5157 3168 5203 et
3221 5148 3392 5215 porci.

1826 5246 2080 5315 indignus
2117 5246 2293 5314 plane.
2323 5244 2483 5313 cujus
2511 5244 2681 5313 gratla
2712 5241 2975 5295 miracula
3002 5240 3392 5309 procudantur.

1828 5339 1893 5393 Et
1918 5347 2064 5392 certe
2089 5337 2136 5392 si
2168 5337 2252 5390 his
2284 5337 2479 5407 dignus
2509 5349 2614 5388 non
2642 5334 2826 5397 luerit,
2864 5332 3037 5385 multo
3069 5333 3246 5384 minus
3273 5344 3397 5395 gra-

1829 5424 1905 5479 tia
1935 5425 2023 5478 illa
2049 5434 2111 5480 ut
2143 5424 2437 5488 imbuatur,
2467 5436 2588 5491 qua:
2617 5422 2823 5476 relucet
2861 5421 2915 5473 in
2948 5430 3002 5473 et
3031 5434 3126 5488 per
3153 5418 3394 5471 miracu-

1828 5517 1900 5572 la.
1931 5512 2043 5572 Hoc
2069 5530 2245 5587 perae
2274 5514 2405 5569 satis
2447 5514 2593 5569 clare
2638 5521 2807 5583 patet.
2853 5511 3032 5566 Nihilo
3076 5521 3255 5566 tamen
3300 5508 3399 5564 Ini-

1830 5628 1951 5672 nus.
1982 5619 2037 5665 et
2080 5608 2270 5663 Petrus
2302 5606 2693 5676 discipulorum
2748 5605 3095 5674 coryphzens,
3133 5604 3221 5656 ubi
3270 5620 3394 5658 cum

1830 5703 2129 5760 vehementi
2174 5701 2569 5769 increpatione,
2611 5696 2889 5752 Simonem
2931 5696 3079 5750 illum
3132 5698 3397 5766 superstio

217 5828 248 5866 .'
292 5814 627 5884 μηδετέροις.
