4162 6442
799 410 901 477 943
1939 414 2199 475 ΡΗΟΤΙΙ
2235 416 2338 475 PA'

2433 418 2743 478 .IARCIL‘E
2767 417 2876 478 (ΞΡ.
3930 416 4027 480 θα

796 531 928 587 tioni
983 530 1257 596 deditum,
1325 530 1822 599 improbissimum,
1890 540 1940 585 et
1987 533 2104 586 auri
2173 548 2338 587 amori

2462 534 2855 604 ιθριάμϐευσεν
2901 531 3064 587 αὑτοῦ
3101 532 3171 586 τὰ
3196 531 3294 601 τῆς
3309 531 3531 603 καρδίας
3565 534 3870 608 ἀπόρρητα
3890 576 3905 597 ,
3933 539 4024 598 τῆς

795 637 1032 696 captum,
1055 641 1085 680 a
1114 639 1175 680 se
1198 627 1457 687 excussit,
1485 622 1924 678 manifestissime
1954 623 2091 678 idem
2123 623 2311 678 docuit
2336 644 2338 677 :

2463 626 2758 697 μαθητείας
2798 624 3094 678 ἀπιὶισατοο
3131 623 3347 693 πτηνῶν
3372 631 3480 694 γαρ
3524 625 3688 679 αὑτὸν
3738 631 3842 680 καὶ
3884 627 4023 680 ὀλω-

795 720 1050 776 nimirum
1078 717 1443 786 apostolorum
1476 716 1596 769 loco
1626 714 1903 783 indignum
1929 729 2049 768 esse
2072 724 2124 767 et
2149 714 2338 782 cpiseo

2458 720 2659 782 πέκων,
2698 718 2726 768 ὁ
2760 716 2933 768 πάντα
2964 717 3058 768 καὶ
3083 715 3187 784 πρὸ
3210 715 3473 783 γενέσεως
3495 716 3673 780 εἰδὼς,
3699 719 4022 787 οἰκητήριον

795 813 900 883 pali
948 811 1153 865 honore
1191 810 1341 862 illum
1381 807 1472 877 qui
1520 807 1644 861 talis
1694 805 1854 859 fuerit
1889 807 2160 859 inventus.
2203 806 2338 870 Quor

2458 811 2602 878 ἑώρα
2641 812 2734 862 καὶ
2777 810 3208 878 κατασκήνωσιν,
3245 807 3515 861 καὶτοῦτο
3544 809 3677 862 αὐτὸ
3707 809 4018 878 αἰτησάμε-

794 905 934 959 idem
968 903 1222 956 Servator
1247 915 1354 954 non
1401 901 1563 954 verbo
1598 907 1828 961 tantum,
1860 898 1950 952 sed
1988 907 2042 953 et
2069 913 2232 966 opere
2260 898 2338 950 do

2455 919 2544 964 νος
2569 911 2588 937 ²
2609 917 2621 929 ·
2649 903 2731 953 ὅτι
2749 902 2895 954 δόλου
2918 900 3102 968 γέμων
3127 900 3221 951 καὶ
3247 900 3575 968 κουφότητος
3593 903 3688 954 καὶ
3706 901 4010 961 ἀναιδείας,

791 995 906 1048 cuit
934 1011 947 1045 :
981 992 1071 1046 ubi
1115 991 1412 1053 hominem,
1443 989 1536 1058 qui
1586 989 1758 1057 ipsum
1792 988 1941 1058 sequi
1972 1003 2029 1043 se
2067 989 2202 1042 velle
2227 1003 2338 1058 pro-

2456 994 2546 1045 καὶ
2575 991 2730 1044 πάθει
2751 990 3100 1060 προσανέχων
3126 990 3581 1058 φιλοχρηματίας.
3606 993 3739 1062 πρὶν
3770 992 3804 1061 ἢ
3851 989 4016 1042 ταῦτα

793 1083 1065 1144 lltcretnr,
1109 1089 1162 1134 et
1217 1081 1348 1133 sorti
1401 1093 1460 1132 se
1515 1087 1675 1146 atque
1723 1077 2004 1146 privilegio
2057 1076 2338 1146 apostolici

2452 1084 2519 1135 τὰ
2551 1083 2713 1153 θηρία
2739 1081 2995 1134 ἁπελάσει
3027 1083 3125 1150 τῆς
3152 1081 3350 1150 ψυχῆς,
3385 1082 3686 1150 ἐτόλμησεν
3713 1083 3914 1134 ἑαυτὸν
3944 1085 4015 1143 εἰς

791 1176 1056 1244 ingerere,
1088 1188 1194 1227 non
1225 1171 1505 1226 admisit"
1537 1186 1553 1225 :
1585 1186 1682 1226 nec
1731 1169 1860 1226 illud
1892 1179 2120 1235 tantum,
2169 1171 2262 1225 sed
2297 1171 2353 1225 in

787 1268 990 1340 quibus
1044 1268 1219 1323 adhuc
1267 1268 1494 1321 ulterius
1543 1267 1611 1321 de
1665 1267 1888 1320 secretis
1941 1265 2113 1332 ipsius
2170 1266 2352 1321 cordis

787 1360 962 1429 palam
995 1357 1340 1412 enuntiandis
1375 1355 1521 1410 velut
1567 1355 1899 1423 triumphum
1948 1355 2076 1422 egit,
2117 1368 2148 1406 a
2180 1353 2352 1406 disci-

786 1447 970 1515 pulatu
1003 1445 1252 1499 setnovit.
1290 1441 1392 1508 Qui
1423 1443 1566 1496 enim
1592 1442 1794 1506 omnia,
1819 1439 2131 1509 priusquam
2163 1449 2345 1492 exsta-

787 1536 936 1596 bant,
977 1535 1320 1594 intuebatur,
1371 1533 1585 1587 videbat
1616 1533 1762 1586 illum
1815 1545 1936 1586 esse
1975 1531 2255 1584 volucrum
2293 1537 2349 1584 et

787 1627 1025 1694 vulpium
1061 1625 1451 1689 habitaculum,
1488 1635 1649 1693 atque
1681 1623 1798 1677 ideo
1825 1624 1893 1676 ab
1928 1623 2017 1677 illo
2053 1623 2156 1676 hoc
2183 1622 2348 1691 petie-

787 1727 890 1784 rat,
922 1720 1091 1788 quod,
1126 1717 1315 1772 fraude
1354 1719 1592 1786 repletus
1629 1725 1682 1770 et
1709 1716 1966 1777 vanitate,
1999 1731 2206 1770 necnon
2242 1716 2346 1767 im-

784 1810 1038 1879 pudentia
1073 1808 1355 1877 singulari,
1394 1809 1634 1862 avaritiae
1661 1815 1915 1876 prteterea
1946 1806 2134 1859 morbo
2167 1805 2346 1873 subja-

2452 1175 2552 1242 τὴν
2568 1175 2674 1226 τῶν
2697 1172 2952 1241 μαθητῶν
2975 1172 3167 1242 κλῆσιν
3185 1173 3446 1231 είσωθείν,
3469 1174 3562 1226 καὶ
3585 1175 3696 1226 τῶν
3716 1173 4015 1243 ὑπερφυῶν

2451 1266 2674 1318 ἐκείνων
2695 1267 2791 1319 καὶ
2811 1267 3156 1319 Δεσποτικῶν
3188 1265 3539 1335 χαρισμάτων
3569 1266 3779 1334 δοκεῖον
3808 1265 4012 1332 (pand-

2451 1357 2656 1420 ζεσθαι,
2701 1359 2774 1420 ὡς
2804 1357 3140 1428 πορρωτάτω
3164 1357 3262 1426 τῆς
3281 1357 3515 1417 ἐλπίδος,
3539 1357 3567 1408 ό
3597 1357 3810 1418 πάντας
3841 1355 4014 1407 ἕλκων

2450 1448 2584 1514 πρὸς
2631 1445 2858 1509 ἑαυτὸν,
2929 1447 3024 1498 καὶ
3073 1444 3278 1507 πάντας
3331 1443 3568 1512 σωθῆναι
3622 1443 3817 1505 Θέλων,
3909 1444 4014 1495 ἀπο

2449 1537 2748 1604 επέμψατο.
2770 1537 2879 1590 Καὶ
2908 1535 2967 1588 τὸ
2986 1535 3176 1598 σκεῦος
3205 1535 3262 1588 δὲ
3284 1534 3382 1601 τῆς
3408 1535 3657 1603 ἐκλογῆς,
3682 1536 3712 1586 ό
3733 1533 3827 1586 τὸν
3853 1533 4014 1603 οὐράο

2449 1645 2557 1680 νιον
2592 1629 2754 1679 πόλον
2799 1627 2874 1689 ὡς
2921 1627 3161 1692 ἰπίγειον
3195 1625 3406 1677 στάδιον
3439 1624 3761 1694 διατρέχων,
3797 1625 3895 1677 καὶ
3922 1624 4014 1692 τὴν

2445 1719 2773 1787 οἰκουμένην
2815 1717 3109 1770 σταδιεύων
3143 1716 3223 1786 τῷ
3263 1715 3357 1769 τοῦ
3397 1715 3755 1785 κηρύγματος
3798 1715 4009 1783 δρόμῳ,

2447 1809 2677 1870 καὶτοῖς
2713 1809 2854 1877 ὑπὲρ
2895 1807 3178 1869 εὐσεϐείας
3216 1805 3500 1874 παθήμασι
3537 1805 3608 1858 τὰ
3636 1806 3780 1857 αὐτὰ
3807 1805 3892 1875 τῷ
3931 1804 4010 1857 δι-

781 1909 945 1965 ceret,
993 1910 1281 1970 antequam
1314 1902 1444 1954 istas
1495 1915 1526 1953 e
1563 1899 1725 1953 corde
1753 1906 2065 1951 excusserat
2115 1897 2337 1960 bestias,

2443 1899 2692 1968 δασκάλῳ
2721 1900 2812 1952 καὶ
2835 1899 3100 1966 Δεσπότῃ,
3137 1898 3204 1951 δι’
3244 1893 3319 1950 ὧν
3343 1897 3592 1968 Τιμοθέῳ
3607 1896 3839 1966 γράφει,
3877 1912 4011 1963 συμ-

781 2006 950 2046 ausus
983 1989 1157 2044 fuerat
1187 1992 1542 2059 semeptisum
1584 1990 1636 2041 in
1675 1987 2062 2057 discipulorum
2104 1989 2343 2040 vocatio-

781 2097 904 2136 nem
940 2081 1261 2143 subinferre,
1293 2071 1460 2151 seque
1490 2080 1885 2150 receptaculum
1929 2079 2181 2132 idoneum
2215 2078 2348 2130 ima-

778 2173 950 2243 giuari
980 2174 1354 2228 excellentium
1389 2174 1601 2227 illorum
1627 2181 1680 2227 et
1714 2170 2151 2241 magisterialium
2206 2168 2336 2222 cha-

2449 1989 2781 2059 φθέγγεταιο
2824 2008 2843 2042 ι
2910 1990 3112 2060 Χεῖρας
3160 1988 3268 2057 γὰρ
3322 1988 3561 2058 ταχέως,
3609 1991 3768 2059 φησὶ.
3822 1987 4011 2056 μηδενὶ

2452 2081 2716 2134 ἐπιτίθει·
2761 2079 2892 2149 μηδὲ
2948 2077 3193 2131 κοινώνει
3246 2077 3542 2147 ἁμαρτίαις
3589 2077 3948 2143 ἀλλοτρίαις·
3988 2093 4008 2128 s

2449 2174 2543 2226 καὶ
2572 2173 2739 2243 μυρία
2762 2172 2915 2225 ἄλλα.
2950 2171 3090 2224 Ἀλλ’
3108 2169 3200 2224 ἐπὶ
3223 2169 3473 2223 τοσοῦτον
3502 2170 3599 2239 μὲν
3628 2169 3760 2237 περὶ
3780 2170 4011 2225 τούτων.

782 2267 1094 2321 rismatum.
1126 2267 1392 2334 Quocirca
1425 2277 1697 2323 semotum
1728 2267 1884 2336 longe
1920 2283 1949 2321 a
1981 2283 2076 2322 sua
2141 2267 2226 2321 illa
2295 2283 2408 2337 spe,
2450 2269 2517 2330 is,
2548 2269 2638 2337 qui
2676 2267 2915 2335 alioquin
2945 2281 3135 2320 omnes
3166 2264 3233 2319 ad
3275 2278 3334 2318 se
3363 2264 3645 2326 trahebat,
3678 2273 3732 2317 et
3762 2262 4012 2331 singulos

776 2359 1007 2416 salutem
1036 2360 1296 2428 consequi
1332 2361 1564 2422 volebat,
1602 2360 1825 2414 dimisit.
1855 2359 1956 2415 Sed
1988 2369 2041 2414 et
2086 2360 2216 2414 illud
2247 2375 2341 2416 vas
2380 2361 2684 2422 electionis,
2724 2359 2816 2428 qui
2850 2359 3101 2414 ccelestes
3164 2357 3319 2426 polos
3379 2371 3487 2408 non
3520 2355 3673 2409 aliter
3704 2369 3875 2424 quam
3909 2364 4015 2409 ter-

778 2461 950 2508 restre
983 2453 1213 2506 stadium
1246 2451 1583 2514 decurrebat,
1613 2452 1704 2521 qui
1769 2451 2028 2505 mundum
2087 2453 2399 2506 universum
2439 2467 2600 2507 cursu
2637 2450 3036 2520 praedicationis
3075 2448 3373 2511 transibat,
3410 2457 3464 2500 et
3517 2447 3608 2515 qui
3665 2445 3719 2499 in
3763 2445 3837 2501 iis
3891 2463 4013 2515 qua:

777 2557 876 2611 pro
899 2543 1097 2613 pietate
1130 2557 1328 2611 passus
1355 2540 1476 2606 fuit,
1513 2542 1740 2596 Domino
1765 2551 1816 2597 et
1843 2543 2047 2598 docturi
2078 2559 2179 2597 suo
2201 2543 2626 2604 assimilabatur,
2656 2543 2708 2595 in
2743 2542 2808 2596 iis
2856 2541 3054 2610 quibus
3115 2537 3460 2593 Timotheum
3525 2535 3720 2590 aﬂatur
3777 2535 4012 2605 scriptis

777 2635 1094 2689 consentit:
1133 2651 1152 2685 ι
1188 2631 1380 2687 Manus
1411 2634 1710 2703 (inquiens)
1744 2635 1924 2689 subito
1955 2635 2156 2689 nemini
2186 2635 2532 2704 imposueris,
2567 2650 2667 2688 nec
2697 2649 2821 2688 cum
2856 2633 3089 2687 aliorum
3141 2632 3380 2702 peccatis
3445 2629 3828 2685 communico:
3890 2630 3960 2682 δ’.
3990 2650 4005 2679 ι

778 2729 915 2780 Sunt
941 2733 996 2779 et
1025 2724 1130 2778 alia
1159 2725 1372 2796 generis
1399 2725 1624 2795 hujusce
1651 2735 1922 2781 sexcenta.
1957 2727 2134 2796 Atque
2165 2728 2424 2784 hactenus
2454 2727 2521 2782 de
2561 2726 2732 2781 hisee.

849 2819 958 2890 Ego
987 2827 1038 2873 te
1069 2827 1283 2881 autem,
1312 2832 1435 2872 cum
1478 2820 1687 2873 videam
1724 2820 2028 2874 istiusmodi
2078 2821 2318 2874 narratio

777 2924 873 2962 nes
905 2908 958 2962 in
989 2923 1176 2962 amore
1206 2909 1324 2970 tibi,
1368 2908 1596 2971 deliciis,
1648 2918 1810 2977 atque
1857 2908 1961 2963 sub
2007 2909 2182 2964 oculis
2218 2924 2339 2962 esse

777 3001 1010 3068 positas,
1052 2998 1118 3052 ad
1168 2999 1393 3053 alterius
1426 2999 1524 3063 rei,
1566 3013 1668 3053 non
1703 2999 1910 3064 alienae,
1945 3001 2338 3055 consideratio-

780 3107 899 3145 nem
926 3106 1032 3144 non
1055 3092 1321 3159 gravabor
1340 3091 1637 3155 deducere;
1671 3101 1947 3159 utcunque
1972 3092 2115 3161 leges
2143 3092 2341 3155 episto-

778 3181 910 3234 licas
940 3181 1149 3236 videam
1190 3197 1277 3235 me
1325 3182 1648 3236 invitissime
1680 3197 1746 3235 eo
1788 3183 1961 3251 sequi.
1994 3183 2041 3236 Is
2071 3184 2162 3251 qui
2195 3199 2339 3238 tuar-

776 3271 981 3340 garitas
1005 3287 1168 3340 puras
1187 3283 1242 3327 et
1255 3273 1542 3328 defzecatas
1557 3274 1625 3327 de
1646 3273 1843 3327 virtute
1861 3275 2301 3330 ratiocinationes
2319 3313 2335 3339 ,

776 3373 963 3419 sancta
995 3377 1174 3418 autem
1196 3405 1211 3428 ,
1262 3367 1475 3435 piarum
1521 3376 1575 3421 et
1603 3367 2028 3422 orthodoxarum
2066 3369 2335 3422 rationum

779 3456 1152 3510 houorabilem
1198 3467 1252 3510 et
1300 3459 1665 3513 venerandum
1714 3469 2016 3527 respectum
2053 3471 2106 3514 et
2131 3461 2341 3514 noverit

775 3559 830 3601 ct
856 3550 1162 3612 vocaverit,
1214 3550 1631 3621 haudquaquam
1687 3552 1960 3607 aberrabit
2011 3569 2038 3606 a
2068 3555 2335 3619 veritate;

777 3655 940 3695 canes
970 3641 1207 3709 alioquin
1231 3683 1245 3706 ,
1285 3643 1481 3710 impias
1509 3653 1563 3697 et
1607 3643 1892 3698 lmreticas
1933 3645 2290 3715 cogitationes
2320 3663 2333 3699 :

775 3742 994 3796 porcos,
1053 3729 1420 3798 voluptatibus
1459 3731 1688 3795 deditos,
1731 3732 1871 3786 male
1906 3732 2114 3787 olentes
2165 3743 2220 3787 et
2255 3733 2336 3788 af-

2515 2818 2655 2886 Ἐγὼ
2678 2819 2735 2872 δέ
2766 2835 2845 2871 σοι
2868 2820 2963 2871 καὶ
2990 2817 3125 2887 πρὸς
3147 2815 3338 2885 ἑτέραν
3371 2814 3622 2886 θεωρίαν,
3652 2816 3716 2868 ὲκ
3742 2815 4014 2880 γειτόνων

2432 2912 2542 2971 τοῖς
2573 2909 2877 2978 εἰρημένοις
2909 2909 3072 2963 οὖσαν
3094 2906 3237 2976 (ἐπεί
3278 2924 3359 2960 σοι
3385 2907 3454 2959 τὰ
3479 2905 3695 2960 τοιαῦτα
3722 2905 3872 2975 ἔρως
3897 2908 4014 2959 ἐστὶ

2435 3003 2526 3055 καὶ
2558 3004 2737 3071 τρυφὴ
2776 3005 2870 3053 καὶ
2911 3000 3201 3070 θεάματα),
3232 3000 3332 3053 οὐκ
3354 2999 3644 3068 ὀκνήσαιμι
3670 2999 4010 3067 καθηγήσαο

2435 3089 2584 3142 σθαι·
2624 3091 2670 3141 εἰ
2706 3090 2800 3142 καὶ
2831 3089 2925 3158 τῆς
2946 3088 3231 3158 ἐπιστολῆς
3264 3089 3443 3158 ἠρέμα
3481 3105 3596 3151 πως
3635 3089 3754 3151 τοὺς
3798 3089 4014 3156 νόμους

2432 3181 2542 3251 όρῶ
2568 3180 3044 3248 διευλαϐουμένους
3074 3198 3164 3249 μοι
3202 3181 3455 3234 ἕπεσθαιο
3486 3180 3619 3234 ἀλλὰ
3637 3181 3742 3251 γὰρ
3769 3197 4010 3251 μαργιο

2436 3272 2585 3340 ρίτας
2609 3271 2726 3340 μὲν,
2747 3271 2839 3323 καὶ
2864 3272 2988 3334 τοὺς
3004 3273 3129 3341 περὶ
3147 3273 3344 3342 ἀρετῆς
3367 3271 3635 3342 καθαροὺς
3662 3271 3977 3341 λογισμούς
3993 3287 4007 3300 ”

2433 3360 2564 3428 ἆγια
2603 3362 2681 3423 δὲ,
2721 3362 2827 3414 τῶν
2871 3361 3108 3414 εὐσεϐῶν
3151 3364 3244 3415 καὶ
3296 3362 3588 3432 ὀρθοδόξων
3616 3361 3906 3431 λογισμῶν
3953 3363 4012 3414 τὴ

2432 3451 2611 3519 τίμιον
2641 3453 2734 3504 καὶ
2756 3454 2973 3516 σεπτὸν,
3005 3454 3104 3505 οὐκ
3136 3454 3201 3506 ἄν
3236 3470 3319 3515 τις
3350 3453 3686 3522 ἁποσφαλείη
3709 3455 3818 3520 τῆς
3871 3454 4010 3524 ἁλη-

2437 3543 2588 3605 θείας
2613 3545 2707 3596 καὶ
2738 3543 2894 3606 εἰδὼς
2922 3544 3018 3598 καὶ
3043 3543 3222 3598 καλῶν
3241 3561 3254 3574 ·
3283 3545 3471 3616 ῶσπερ
3499 3545 3666 3608 κύνας
3693 3546 3830 3608 τοὺς
3876 3547 4008 3599 δυσ-

2361 3611 2406 3672 C
2441 3631 2616 3694 σεϐεἶς
2673 3633 2768 3685 καὶ
2821 3632 3196 3702 αἱρετίζοντας
3251 3611 3578 3702 λογισμοὺς,
3638 3633 3738 3685 καὶ
3774 3635 4011 3702 χοίρους

2440 3722 2600 3775 πάλιν
2637 3725 2760 3785 τοὺς
2791 3723 3104 3793 φιληδόνους
3135 3723 3230 3776 καὶ
3274 3723 3529 3786 δυσώδεις
3567 3723 3659 3775 καὶ
3698 3725 4008 3792 ἑμταιθεῖς.

775 3815 947 3867 fectus
979 3831 1172 3884 pravos
1199 3821 1548 3884 reputaverst.
1581 3819 1844 3884 Quocirca
1877 3821 2184 3876 istiusmodi
2211 3838 2336 3891 por-

2437 3815 2512 3866 Οὑ
2539 3815 2619 3867 δεῖ
2651 3814 2942 3884 τοιγαροῦν
2975 3814 3182 3877 τοὺτοις
3211 3817 3321 3878 τοῖς
3352 3815 3556 3885 χοίροις
3586 3814 3704 3867 οὐδὲ
3727 3817 3857 3876 τοῖς
3881 3816 4009 3868 κυσὶ

771 3901 852 3955 cis
877 3913 930 3955 et
956 3905 1186 3959 canibus
1213 3923 1317 3959 non
1355 3917 1573 3975 oportet
1608 3908 1925 3976 margaritas
1954 3920 2008 3963 et
2031 3919 2217 3964 Sancta
2250 3911 2332 3965 vel

2434 3907 2558 3969 τοὺς
2592 3906 2936 3977 μαργαρίτας
2966 3907 3062 3959 καὶ
3081 3906 3148 3958 τὰ
3178 3906 3332 3973 ἅγια.
3359 3910 3437 3969 εἰς
3465 3905 3580 3973 ἔριν
3613 3906 3706 3958 καὶ
3743 3904 4009 3973 ζυγομα-

772 3989 1039 4058 projicere
1082 3993 1166 4046 vel
1199 4009 1520 4063 proponere,
1573 3995 1638 4048 ad
1674 3995 2045 4050 contentiones
2077 3996 2335 4054 fovendae

2435 3998 2579 4067 χίαν,
2612 3999 2824 4068 ῥίπτειν
2845 4000 2940 4051 καὶ
2970 3997 3381 4068 προϐάλλεσθαι.
3411 3995 3600 4049 Πολλοὶ
3621 3996 3725 4064 γὰρ
3756 3995 4008 4057 ἐκείνοις

769 4091 825 4134 et
855 4082 1197 4152 litigandum.
1230 4081 1379 4138 Multi
1414 4087 1562 4138 enim
1607 4087 1721 4142 lucc
1757 4088 1872 4156 ipsa
1905 4088 2008 4143 illis
2046 4088 2174 4142 dum
2208 4104 2332 4158 pro-

772 4181 1003 4242 ponunt.
1039 4183 1094 4228 et
1123 4173 1249 4228 dum
1287 4175 1340 4228 in
1370 4177 1618 4230 rationali
1659 4193 1770 4231 sua:
1804 4179 1995 4233 animae
2025 4191 2174 4249 parte
2208 4196 2334 4235 con-

775 4262 1069 4316 tentionem
1104 4264 1365 4327 excitant,
1408 4276 1468 4317 ut
1499 4266 1552 4318 in
1587 4281 1746 4320 scena
1789 4268 2173 4330 introductam.
2209 4273 2331 4339 qni-

773 4354 872 4408 bus
900 4370 1021 4408 cum
1068 4369 1288 4425 propter
1318 4359 1723 4413 inclinationem
1765 4376 2030 4414 summam
2067 4364 2131 4415 ad
2162 4364 2329 4417 animi

772 4445 1078 4511 passiones,
1103 4444 1368 4513 judicium
1402 4446 1674 4500 sincerum
1705 4463 2042 4516 nequaquam
2076 4451 2327 4514 habeant,

771 4523 1067 4596 improviso
1104 4533 1424 4600 semetipsos
1470 4533 1820 4598 subruerunt,
1856 4544 1910 4589 et
1959 4537 2109 4604 lapsu
2144 4537 2332 4591 formi-

767 4618 959 4671 doloso
1011 4619 1330 4687 praecipitati
1389 4631 1565 4674 sunt:
1602 4622 1826 4677 devictis
1873 4640 1992 4690 qua:
2040 4626 2326 4680 meliorum

769 4714 922 4757 erant
951 4707 1205 4773 partium,
1238 4723 1267 4760 a
1298 4707 1606 4774 pcjorihus;
1643 4710 1714 4762 ita
1761 4720 1818 4763 ut
1844 4713 2207 4779 spectaculum
2236 4728 2326 4767 se-

767 4814 878 4857 met
932 4807 1114 4873 potius
1161 4809 1456 4876 tragicum,
1516 4825 1677 4876 quam
1737 4821 2064 4878 spectatores
2105 4816 2320 4869 tandem

766 4896 1297 4959 repraesentaverint.
1334 4893 1488 4960 Quod
1521 4898 1566 4951 si
1600 4897 1668 4950 ab
1701 4898 1928 4952 invicem
1957 4903 2321 4970 pugnantibus

765 4980 1218 5050 COgitationibus,
1278 4993 1331 5036 ct
1375 4985 1542 5038 animi
1605 4985 1952 5053 Opinionibus
1993 4992 2322 5058 processeris

764 5069 831 5121 ad
887 5071 1130 5124 actiones
1184 5082 1370 5125 Inutuo
1419 5073 1730 5139 allideutes,
1785 5088 1837 5130 et
1887 5077 2124 5144 ipsorum
2176 5081 2318 5136 circa

764 5159 1007 5227 actiones
1031 5161 1149 5214 illas
1163 5161 1569 5230 dispositiones,
1600 5181 1939 5235 progressum
1968 5170 2153 5224 eodem
2180 5173 2322 5226 inceo

760 5253 975 5305 dentem
1025 5255 1450 5310 animadvertes.
1501 5256 1622 5312 Vita
1656 5261 1917 5324 honesta,
1961 5271 2015 5316 et
2063 5278 2186 5316 cum
2222 5264 2324 5318 fide

761 5343 1065 5399 orthodoxa
1093 5347 1406 5415 conjuncta,
1433 5349 1486 5402 in
1510 5365 1627 5418 quae
1659 5367 1761 5404 non
1788 5368 1945 5407 secus
1965 5370 2125 5423 quam
2149 5355 2324 5410 solent

763 5435 1069 5501 margaritae
1099 5444 1152 5488 et
1201 5452 1287 5489 res
1319 5447 1520 5491 sancta:
1554 5439 1733 5493 radios
1777 5441 1992 5505 emittit,
2030 5459 2134 5496 non
2165 5445 2323 5499 debet

759 5522 1036 5585 haeretica,
1073 5524 1279 5588 faetida,
1315 5527 1531 5582 sordida
1563 5533 1966 5589 conversatione
1989 5537 2210 5602 versari,
2231 5548 2326 5593 aut

827 5656 872 5688 “
901 5659 1031 5713 Luc.
1066 5676 1139 5724 Ix,
1181 5663 1270 5716 58.
1347 5666 1390 5695 δ’
1419 5665 1433 5718 Ι
1465 5665 1601 5722 Tim.
1637 5683 1685 5720 ν.
1719 5667 1805 5722 ‘22.

2431 4089 2604 4143 ταῦτα
2648 4089 2958 4159 προθέντες,
2999 4090 3094 4142 καὶ
3147 4089 3244 4160 τὴν
3273 4088 3475 4141 τούτων
3503 4091 3559 4140 ὲν
3590 4087 3666 4158 τῷ
3694 4089 4008 4158 λογιστικῷ

2430 4178 2532 4247 τῆς
2551 4181 2725 4248 ψυχῆς
2765 4178 3019 4247 ἅμιλλαν,
3056 4177 3130 4242 ὡς
3169 4179 3432 4249 σκηνικὴν
3463 4179 3590 4232 θίαν
3636 4179 4004 4248 ποιούμενοι,

2432 4270 2525 4322 καὶ
2553 4269 2616 4338 δὴ
2649 4270 2739 4321 καὶ
2770 4269 2874 4321 ὑπὸ
2895 4268 2992 4337 τῆς
3033 4269 3161 4337 περὶ
3187 4268 3255 4321 τὰ
3300 4269 3446 4338 πάθη
3477 4268 3855 4337 προσπαθείας
3903 4269 4007 4338 τὴν

2432 4360 2612 4429 κρίσιν
2636 4360 2932 4412 ἀδέκαστον
2965 4359 3067 4413 οὐκ
3096 4359 3335 4429 ἔχοντες,
3379 4357 3568 4412 ἔλαθον
3597 4358 3826 4418 ἑαυτοὺς
3858 4359 4000 4415 ἀναι-

2429 4447 2725 4516 τρέψαντες
2755 4447 2849 4500 καὶ
2875 4448 3126 4510 πεσόντες
3153 4447 3353 4516 πτῶμα
3383 4447 3637 4512 ἐξαίσιον,
3675 4448 4008 4514 ἑκνικηθέν-

2427 4551 2534 4586 των
2579 4534 2760 4596 αὐτοῖς
2807 4535 2914 4586 τῶν
2959 4533 3282 4605 κρειττόνων
3325 4537 3436 4596 τοῖς
3468 4533 3693 4603 χείροσι.
3724 4535 3824 4585 καὶ
3865 4533 4004 4586 θέαν

2431 4624 2628 4689 μᾶλλον
2650 4626 2918 4694 τραγικὴν
2945 4624 3172 4686 ἑαυτοὺς
3206 4625 3239 4694 ἢ
3272 4624 3472 4688 θεατὰς
3509 4625 3906 4690 ἐπιδείξαντες.
3939 4627 4002 4678 Et

2425 4714 2481 4766 δὲ
2505 4715 2596 4767 καὶ
2617 4715 2725 4768 ἀπὸ
2754 4715 2862 4767 τῶν
2887 4715 3210 4784 μαχομένων
3239 4715 3454 4768 ἐννοιῶν
3494 4716 3586 4768 καὶ
3607 4715 3998 4784 ἐνθυμήσεων,

2427 4806 2513 4857 ἐπ’
2543 4806 2714 4867 αὐτὰς
2745 4807 3066 4877 προσέλθοις
3090 4806 3189 4870 τὰς
3209 4806 3588 4876 ἀντικειμένας
3620 4805 3878 4873 πράξεις,
3901 4809 4000 4858 καὶ

2426 4897 2550 4960 τοὺς
2573 4898 2711 4950 κατὰ
2751 4898 2849 4960 τὰς
2888 4898 3113 4967 πράξεις
3173 4899 3345 4960 αὐτὰς
3391 4897 3779 4964 διακειμένους,
3839 4898 3999 4949 οὐδὲν

2424 4985 2584 5060 ἦττον
2614 4991 2867 5059 εὑρήσεις
2912 4989 3012 5059 τὴν
3054 4990 3286 5060 θεωρίαν
3321 4989 3735 5060 προϐαίνουσαν.
3777 4987 3846 5042 ’0
3884 4989 3997 5057 γὰρ

2426 5082 2714 5144 σπουδαῖος
2770 5081 2884 5151 βίος
2931 5082 3027 5134 καὶ
3101 5079 3414 5152 ὀρθόδοξος,
3473 5078 3833 5150 μαργαριτῶν
3896 5083 3995 5132 καὶ

2428 5177 2597 5243 ἁγίων
2623 5174 2778 5244 δίκην
2791 5174 3151 5234 ἀποστίλϐων,
3180 5173 3279 5226 οὐκ
3308 5172 3514 5241 ὀφείλει
3542 5174 3656 5231 ταῖς
3675 5170 3994 5235 digerunt;

2422 5268 2514 5318 καὶ
2539 5264 2792 5317 δυσώδεσι
2817 5267 2911 5318 καὶ
2943 5265 3221 5334 ρυπώσαις
3246 5262 3540 5323 πολιτείαις
3573 5257 3992 5312 συνδιαιτᾶσθαι

2424 5358 2516 5409 καὶ
2570 5357 3058 5425 συναναφύρεσθαι.
3095 5374 3115 5406 r
3176 5353 3450 5420 Ἐξέλθετε
3501 5354 3627 5421 γὰρ,
3665 5351 3872 5418 ᾳησὶν,
3927 5351 3993 5401 ἐκ

2427 5449 2592 5516 μέσου
2665 5449 2843 5501 αὐτῶν
2901 5449 2996 5500 καὶ
3062 5445 3419 5516 ἀφορίσθητε,
3459 5462 3480 5496 ι
3540 5442 3690 5508 λέγει
3746 5439 3987 5509 Κύριος,

2425 5558 2443 5587 ι
2485 5539 2637 5608 κάγὼ
2683 5539 2992 5610 εἰσδέξομαι
3044 5539 3208 5609 ὑμᾶς.
3269 5555 3288 5589 ›
3344 5535 3473 5602 Καὶ,
3518 5553 3538 5587 ι
3596 5532 3692 5597 Τίς
3730 5530 3988 5584 κοινωνία

1972 5761 2197 5817 ΥᾹΒΗΕ
2259 5762 2647 5822 LECTIONL'S.

832 5832 853 5859 ι
883 5825 1265 5893 αἰτησάμενον.
