4162 6442
119 496 215 559 945

986 509 1085 568 ΑΙ)
1118 509 1709 573 AMPHILOCHIUM
1750 511 2096 584 QUAESTIO
2131 513 2483 575 CCI-CCIII.

3239 516 3347 582 946

120 609 249 681 φωτὶ
279 612 414 683 πρὸς
458 614 679 682 σκότοςς
718 635 737 669 s
787 619 900 684 καὶ,
934 640 954 673 ε
1015 620 1275 692 Ἐξάρατε
1297 624 1390 678 τὸν
1442 626 1677 697 πονηρὸν

1785 628 2145 684 commisceri.
2191 647 2210 681 ι
2281 627 2613 700 Egredimini
2647 630 2835 702 (enim)
2868 630 2937 687 de
2982 631 3161 688 medio
3196 632 3344 702 ipso-

117 704 200 797 έιιΔ
220 703 397 797 μέσου
444 706 627 777 ὑμῶν·
666 726 686 761 ι
728 712 842 777 καὶ,
890 730 910 763 ι
947 711 1038 783 Τῷ
1077 714 1303 787 τοιούτῳ
1351 718 1486 789 μηδὲ
1537 735 1681 772 συν-

1785 734 1928 783 rum.
1983 729 2041 775 et
2095 721 2485 791 separemini“
2533 742 2552 775 ι
2606 724 2705 795 (ait
2754 724 3061 793 Dominus);
3122 733 3197 789 et,
3246 742 3349 797 ego

118 793 352 849 εσθίειν’
389 817 408 849 ι
456 802 548 852 καὶ
598 800 725 855 ἄλλο
774 803 973 875 πλῆθος
1001 805 1251 877 ἄπειρον.
1297 808 1457 863 Ἀλλά
1506 809 1682 865 ταῦτα

1785 811 2075 879 suscipiam
2101 828 2200 867 vos
2218 814 2285 877 ";
2314 824 2386 878 et,
2416 832 2435 866 ι
2463 814 2595 882 Qua:
2622 817 2937 870 communio
2962 817 3200 871 tenebris
3224 834 3348 872 enm

120 889 214 955 μὲν
243 889 342 959 σὴν
381 892 832 966 πεφιλοτιμῆσθω
863 896 1021 968 χάριν
1041 913 1059 931 ο
1115 893 1224 952 οἵδε
1275 898 1333 952 δὲ
1363 899 1459 953 καὶ
1486 900 1548 954 τὸ
1578 904 1678 971 τῆς

1785 900 1901 957 luce
1924 900 2011 953 "'i
2040 920 2059 953 ι
2087 899 2175 966 Ει,
2198 900 2395 957 Tollite
2416 902 2642 973 impium
2665 904 2732 957 de
2754 904 2933 959 medio
2962 915 3207 960 vestrum
3244 908 3308 959 ⁸³.
3326 927 3345 959 ι

115 981 459 1074 ἀναγωγικῆς
482 982 716 1054 θεωρίας
742 988 961 1057 χωρίον,
992 989 1069 1059 τῷ
1090 990 1281 1045 πλάτει
1303 991 1399 1074 καὶ
1422 994 1489 1063 τῇ
1523 990 1679 1059 εὑρέ-

116 1086 193 1123 σει
221 1072 329 1124 τῶν
358 1072 733 1145 θεωρημάτων
763 1078 1290 1147 ἐγκαλλωπίζεσθαι.

1777 987 1864 1053 Ει,
1908 985 2122 1043 tNolite
2145 1004 2269 1043 cum
2309 989 2616 1045 istiusmodi
2656 1004 2850 1060 panem
2883 993 3231 1048 comedere“
3271 1012 3284 1047 :
3327 1013 3343 1043 ι

1774 1086 1828 1133 et
1854 1077 2119 1132 similium
2170 1077 2361 1146 ingens
2410 1079 2718 1136 multitudo.
2762 1077 2870 1136 Sed
2914 1081 3027 1137 hate
3072 1082 3353 1138 sufficiant

114 1180 229 1235 quae
253 1174 398 1221 tuam
428 1171 655 1238 gratiam
685 1173 1087 1231 demereantur.
1113 1177 1273 1233 Certe
1302 1177 1570 1233 familiare
1596 1184 1682 1233 est
1718 1182 1779 1230 ut
1808 1172 2135 1243 anagogices
2179 1172 2655 1243 contemplationis
2701 1188 2953 1245 campus,
3017 1175 3220 1234 dilatus
3283 1178 3354 1231 ab

115 1261 418 1316 istiusmodi
463 1263 869 1323 inventionibus
909 1279 964 1324 et
1002 1270 1469 1340 speculationibus
1527 1270 1849 1329 efﬂorescat-

646 1376 980 1435 ΕΡΩΤΗΣΙΣ
1009 1382 1129 1437 ZA'.

113 1463 243 1531 Πῶς
303 1466 400 1520 δεῖ
442 1468 672 1537 κρίνειν
734 1472 808 1524 τὰ
852 1473 1004 1527 κατὰ
1054 1474 1162 1528 τὸν
1220 1475 1368 1541 βίον
1418 1475 1673 1545 συμϐαι-

777 1558 962 1597 rma
986 1558 1006 1608 ;

1837 1373 2163 1447 QUESTIO
2186 1375 2294 1433 CCI
2323 1375 2509 1449 |Coisl.
2532 1376 2790 1444 CCXXX,
2838 1378 3000 1434 Taur.
3031 1379 3287 1453 CCXXI].

1774 1472 2051 1541 Quomodo
2103 1470 2460 1542 judicandttm
2515 1471 2580 1542 de
2634 1472 2700 1524 iis
2755 1487 2874 1541 quas
2947 1472 3005 1526 in
3070 1473 3170 1527 hoc
3243 1473 3355 1527 vita

2427 1540 2676 1595 occidunt
2693 1544 2719 1597 .’

475 1651 616 1702 Edita
636 1666 664 1702 a
684 1651 981 1704 lontacutio
1004 1660 1106 1718 (ep.
1130 1654 1192 1705 58
1213 1655 1273 1704 ad
1290 1654 1445 1706 Leon.
1470 1668 1519 1718 p.
1543 1654 1653 1714 us.
1678 1653 1809 1716 113).
1831 1677 1893 1690 -
1910 1652 1986 1703 De
2011 1648 2346 1701 retributione
2372 1649 2612 1700 bonorum
2642 1657 2697 1701 et
2726 1651 2986 1701 malorum.

189 1756 485 1828 ’Υπέχουσί
515 1776 662 1825 τινες
687 1760 797 1815 τῶν
828 1762 1183 1833 ἀδικημάτων
1214 1764 1368 1828 δίκας
1394 1767 1453 1818 έν
1478 1764 1555 1837 τῷ
1581 1765 1678 1819 νῦν

1848 1762 2133 1831 lnjustitia:
2167 1775 2359 1832 poenas
2425 1761 2646 1831 quidam
2693 1760 2747 1814 in
2779 1761 2879 1816 hac
2908 1761 3019 1817 vita
3048 1762 3199 1817 dant.
3249 1759 3357 1817 Ha.

111 1850 214 1920 βίῳ
237 1866 249 1880 ·
277 1852 421 1920 ἔχεις
443 1854 845 1924 ἐναργεστάτην
885 1854 1161 1921 ἀπόδειξιν
1201 1856 1285 1909 ὅτι
1315 1854 1431 1909 ἐστι
1449 1856 1680 1927 Πρόνοια

110 1942 397 2010 ὲφεστῶσα
434 1944 529 1998 καὶ
558 1944 918 2013 λογοθετοῦσα
969 1947 1064 1999 καὶ
1109 1948 1447 2018 περιέπουσα
1489 1947 1561 2001 τά
1594 1949 1680 2003 ὲν-

108 2032 309 2087 ταῦθα.
339 2034 458 2087 Οὐκ
519 2034 726 2089 ιδωκαν
777 2036 964 2091 πολλοὶ
1002 2036 1160 2101 δίκας
1202 2037 1313 2093 τῶν
1354 2039 1681 2112 ἀδικώτερον

106 2124 586 2195 πολιτευσαμένων
605 2144 621 2159 ·
653 2127 811 2181 τοῦτο
840 2129 1043 2198 μείζων
1090 2130 1369 2196 ἀπόδειξις
1391 2170 1407 2195 ,
1434 2132 1518 2184 ὅτι
1546 2130 1682 2198 πρὸς

106 2218 310 2289 ἑτέραν
335 2218 453 2272 τινὰ
483 2219 817 2291 πικροτέραν
848 2221 943 2274 καὶ
973 2222 1366 2295 χαλεπωτέραν
1385 2225 1683 2295 συνετηρή-

105 2308 287 2379 θηααν
341 2309 545 2381 κρίσιν.
580 2310 929 2381 Εὐδαιμόνως
970 2311 1205 2366 ἐϐίωσαν
1243 2313 1428 2367 πολλοὶ
1454 2313 1564 2367 τῶν
1590 2312 1682 2366 δι-

106 2401 284 2455 καίων
303 2417 319 2433 °
355 2403 513 2473 δέχου
537 2405 701 2457 πάλιν
712 2404 972 2477 προοίμια
988 2405 1085 2458 καὶ
1111 2404 1354 2476 σύμϐολα
1375 2406 1476 2470 τῆς
1503 2407 1679 2460 έκεῖσε

106 2496 734 2564 μισθαποδοσίας.⁹Αλλά
766 2498 861 2550 καὶ
897 2497 1083 2551 πολλοὶ
1115 2498 1338 2561 πολλαῖς
1381 2498 1681 2570 ένήθλησαν

103 2586 544 2657 ταλαιπωρίαις·
576 2589 737 2643 τοῦτο
780 2590 871 2642 καὶ
907 2590 1033 2653 τοὺς
1072 2590 1191 2645 λίαν
1222 2591 1560 2661 ἐπιστομίζει
1591 2608 1682 2661 cpt-

103 2679 413 2747 λονείκους,
444 2682 526 2735 ὅτι
551 2683 768 2747 πάντως
796 2683 952 2749 ἀλλος
983 2684 1129 2754 ἡμᾶς
1155 2682 1413 2753 ἀναμένει
1446 2681 1559 2752 βίος
1591 2681 1683 2735 καὶ

102 2776 398 2846 κριτήριον
430 2775 579 2841 ἄλλο,
609 2778 666 2829 εν
689 2768 734 2844 ᾧ
763 2776 870 2829 τῶν
902 2777 1023 2829 κατ’
1052 2775 1211 2842 ἀξίαν
1232 2775 1461 2839 ἕκαστος
1490 2772 1685 2844 βεϐιω-

103 2865 297 2934 μένων
328 2865 670 2939 ἀπολήψεται
695 2869 795 2939 τὴν
824 2866 1196 2938 ἀντιμισθίαν.

657 3062 993 3117 ΕΡΩΤΗΣΙΣ
1028 3063 1144 3120 EB’.

1786 1856 1881 1911 bes
1895 1853 2326 1909 cﬂicacissimam
2344 1852 2863 1908 demonstrationem
2896 1854 3036 1909 hanc
3069 1854 3358 1923 providen.

1784 1949 1915 2003 tiam
1948 1945 2330 2017 praesidentem
2358 1944 2543 2010 rebus,
2574 1946 2816 1999 rationes
2839 1945 3138 2010 ineuntem,
3166 1946 3358 2001 sedulo

1783 2049 2062 2096 curantem
2089 2054 2213 2108 quae
2240 2037 2330 2092 hic
2365 2046 2623 2108 aguntur.
2667 2037 2766 2093 Ast
2811 2038 2967 2091 multi
3016 2052 3207 2108 pinnas
3248 2054 3358 2093 non

1783 2131 2001 2196 dedere,
2034 2130 2127 2199 qui
2156 2130 2331 2201 magis
2361 2128 2626 2198 iniuriose
2649 2130 2957 2185 conversati
2990 2140 3137 2185 sunt.
3181 2130 3357 2184 Etiam

1785 2220 1889 2277 hoc
1932 2220 2107 2291 major
2143 2228 2229 2275 est
2266 2212 2697 2285 demonstratio,
2753 2236 2949 2290 nempe
2999 2222 3188 2290 reponi
3238 2222 3360 2277 illos

1784 2313 2146 2371 reservandos
2173 2312 2383 2384 judicio
2423 2312 2691 2367 acerbiori
2734 2313 2950 2368 cuidam
2991 2324 3044 2367 ct
3096 2316 3358 2385 graviori.

1782 2403 2047 2475 Prespere
2097 2405 2349 2460 vixerunt
2407 2406 2699 2474 proborum
2755 2405 2929 2458 multi.
2983 2406 3123 2461 Hinc
3181 2406 3361 2476 arripe

1785 2496 1977 2552 iterum
2003 2497 2223 2567 prtemia
2251 2506 2304 2550 et
2330 2505 2566 2551 tesseras
2595 2496 2971 2551 retributionis
3004 2497 3113 2551 illic
3140 2496 3356 2552 futurae.

1784 2587 1938 2643 Multi
1985 2604 2109 2641 eum
2150 2584 2336 2641 multis
2377 2586 2616 2642 miseriis
2664 2587 2945 2642 colluctati
2980 2597 3126 2643 sunt.
3163 2586 3225 2642 Et
3258 2588 3362 2644 hoc

1786 2676 1872 2732 vel
1912 2675 2319 2731 obluctantibus
2368 2674 2637 2745 imprimis
2683 2690 2746 2729 os
2791 2677 3029 2740 obturat,
3072 2686 3124 2731 et
3161 2675 3362 2731 confir-

1783 2774 1917 2829 mat,
1950 2764 2112 2817 aliam
2158 2777 2258 2818 nos
2295 2772 2613 2831 exspectare
2665 2764 2829 2816 vitam
2852 2804 2867 2827 ,
2903 2764 3137 2819 tribunal
3188 2764 3359 2825 aliud.

1784 2854 1851 2908 ad
1900 2852 2046 2923 quod
2088 2851 2323 2922 quisque
2375 2865 2692 2923 recepturus
2720 2860 2806 2906 est
2860 2853 3168 2909 mercedem
3202 2854 3363 2908 retri-

1787 2942 1972 2996 butam
1998 2944 2151 3012 juxta
2182 2958 2304 3012 qua:
2330 2942 2383 2995 in
2411 2942 2513 2995 hac
2540 2944 2649 2995 vita
2678 2942 2867 3012 gessit.

1789 3057 2116 3128 QUES'I‘IO
2143 3057 2276 3114 CCII
2338 3055 2525 3130 [CoisL
2556 3053 2838 3120 CCXXXI,
2887 3054 3045 3111 Taur.
3079 3055 3359 3128 CCXXII].

1851 3151 2123 3219 Quomodo
2171 3150 2420 3221 apostoli,
2470 3166 2585 3203 cum
2615 3149 2797 3203 idiotas
2846 3162 3037 3217 essent,
3076 3152 3309 3207 r'ltctores

96 3146 247 3216 Πῶς
269 3152 326 3205 ot
346 3152 675 3209 ἀπόστολοι
705 3155 928 3228 ἰδιῶται
961 3157 1416 3228 ὄντες-ρητόρων
1442 3159 1689 3215 πάντων

2286 3237 2461 3274 omnes
2514 3230 2830 3289 superarunt
2847 3221 2873 3275 Ρ

659 3226 1109 3297 κατεκράτησαν
1131 3226 1149 3292 ;

997 3378 1138 3429 Edita
1156 3393 1184 3430 a
1208 3380 1503 3432 Iontacutio
1522 3382 1627 3445 (ep.
1646 3380 1698 3430 6|
1713 3416 1727 3441 ,
1747 3376 1807 3429 ad
1828 3375 2010 3438 Georg.
2029 3371 2175 3433 diac.,
2200 3386 2249 3436 p.
2275 3372 2325 3423 tI
2339 3372 2406 3437 ι).

180 3456 253 3511 El
287 3457 411 3522 νοῦς
438 3460 537 3529 μὲν
556 3458 920 3532 γραμμάτων,
951 3462 1044 3517 νοῦ
1060 3463 1117 3517 δὲ
1139 3466 1173 3537 ἡ
1192 3465 1314 3521 θεία
1333 3466 1493 3537 χάρις
1512 3468 1684 3534 ἀσυγ-

1855 3460 1914 3516 Si
1952 3475 2107 3515 mens
2138 3460 2279 3514 ultra
2319 3459 2547 3521 litteras.
2583 3463 2725 3512 ultra
2756 3469 2991 3513 mentem
3026 3472 3155 3511 vero
3179 3456 3361 3511 divina

96 3551 291 3623 κρίτῳ
351 3552 535 3623 μέτρῳ
592 3553 926 3621 πλεονεκτεῖ,
988 3558 1153 3626 μηδὲν
1204 3557 1523 3630 θαυμάζῃς,
1555 3560 1606 3612 εί
1639 3560 1684 3612 oi

1785 3553 1977 3623 gratia.
2015 3567 2140 3607 cunt
2184 3566 2443 3607 mensura
2492 3550 2911 3621 incomparabili
2946 3550 3224 3613 abundet;
3255 3550 3363 3603 noli

95 3642 432 3707 ἀπόστολοι,
479 3643 542 3696 τδ
586 3644 746 3698 πλέον
796 3646 892 3700 καὶ
946 3649 1204 3717 μέγιστον
1255 3650 1546 3717 λαϐόντες,
1577 3650 1684 3704 τῶν

1785 3644 1989 3708 mirari,
2034 3642 2080 3698 si
2129 3642 2347 3714 quidem
2402 3642 2668 3712 apostoli,
2730 3642 2824 3710 qui
2872 3642 3245 3712 plenissimam
3308 3652 3365 3697 et

96 3732 211 3785 ἐπὶ
236 3732 318 3803 τῷ
334 3733 597 3806 ἐλαχίστῳ
619 3738 761 3806 μέγα
790 3739 1197 3810 φρονησάντων,
1224 3742 1489 3811 ρητόρων,
1516 3741 1679 3808 λέγω,

1785 3736 2076 3790 maximam
2123 3750 2435 3790 mensuram
2487 3745 2835 3804 acceperunt,
2890 3735 3010 3789 illos
3043 3734 3362 3804 longissime

95 3826 212 3878 καὶ
252 3825 578 3896 φιλοσόφων,
610 3828 752 3882 κατά
774 3830 974 3900 κράτος
1005 3831 1403 3900 περιεγένοντο.

1785 3827 2182 3895 superaverint,
2213 3826 2307 3897 qui
2329 3826 2396 3881 de
2428 3826 2655 3880 minimo
2682 3841 2909 3896 magnos
2943 3836 3170 3880 sumunt
3196 3825 3358 3895 spiri-

1792 3930 1880 3974 tus
1899 3957 1915 3982 .
1952 3919 2200 3974 rhetoras
2229 3934 2331 3989 ego
2369 3919 2607 3989 intelligo
2629 3930 2683 3973 et
2713 3918 3089 3989 philosophos.

674 4028 1000 4083 ΕΡΩΤΗΣΙΣ
1028 4030 1144 4085 ΣΡ.

1796 4030 2120 4098 ρυιεῖδτιο
2160 4030 2312 4086 CCIII
2349 4030 2533 4103 [CoisL
2555 4029 2857 4090 CCXXXII.
2881 4029 3044 4083 Timr.
3061 4028 3364 4098 CCXXIII].

93 4120 224 4173 Διὰ
252 4116 928 4192 τζ-ΠαῦλοςἉθῃναίόις
953 4120 1394 4192 διαλεγόμενος.
1423 4122 1542 4175 ἀπὸ
1567 4120 1684 4176 τῶν

1792 4122 1903 4178 Cur
1931 4122 2135 4178 Paulus
2165 4124 2232 4175 ad
2261 4124 2597 4177 Athenienses
2646 4124 2799 4176 verba
2832 4123 3028 4191 faciens
3057 4139 3089 4174 α
3135 4124 3366 4192 propriis

250 4188 417 4241 ίδίων
475 4189 828 4260 ψαμμάτων
873 4191 1080 4256 αὐτοῖς
1135 4188 1524 4259 διαλέγεταω

1950 4210 2129 4247 eorum
2154 4196 2579 4263 inscriptionibus
2599 4188 2909 4264 argumento
2933 4188 3206 4248 desumit?

1044 4302 1185 4352 Edita
1205 4315 1232 4350 a
1252 4302 1544 4351 Montaeutio
1570 4306 1673 4365 (ep.
1694 4302 1757 4351 62
1774 4303 1835 4352 ad
1853 4305 1994 4353 Joau.
2024 4301 2206 4353 Philas.
2231 4316 2278 4365 p.
2304 4304 2321 4352 1
2340 4303 2436 4365 ιι).

189 4411 342 4475 Τοὺς
375 4411 473 4482 μὲν
506 4412 699 4476 ἄλλους
738 4414 885 4478 είκός
918 4414 1065 4468 ἐστιν
1103 4414 1367 4485 ἀπορεῖν,
1402 4415 1456 4467 τί
1488 4414 1684 4486 δήποτε

1865 4412 2168 4469 Verisimile
2193 4422 2277 4469 est
2306 4414 2443 4469 alios
2476 4412 2816 4473 addubitare,
2848 4428 3010 4482 quam
3048 4413 3117 4467 ob
3142 4428 3369 4468 causam

87 4504 127 4557 ὁ
163 4502 469 4566 θεσπέσιος
516 4502 743 4569 Παῦλος,
777 4507 806 4559 ὁ
848 4506 1272 4575 πνευματικοῖς
1318 4507 1684 4569 πνευματικὰ

1798 4503 2016 4558 divinus
2041 4502 2243 4559 Paulus
2299 4505 2392 4574 qui
2460 4505 2767 4573 spiritualia
2796 4504 3169 4572 spiritualibus
3224 4505 3367 4574 judi-

90 4595 443 4666 συγκρίνειν
468 4595 731 4650 διδάσκων
753 4614 768 4629 ’
795 4600 824 4651 δ
843 4598 936 4651 καὶ
959 4600 1059 4651 αὐτ
1070 4598 1128 4669 ὴν
1152 4602 1253 4666 τὴν
1273 4600 1573 4671 Μωσαῖκὴν
1603 4619 1684 4667 φι-

1800 4608 1926 4648 care
1955 4595 2229 4664 pmcepit,
2258 4596 2349 4664 qui
2376 4603 2426 4649 et
2444 4593 2735 4649 Mosaicam
2772 4597 2912 4648 illam
2938 4597 3365 4666 philosOphiatn,

87 4687 401 4757 λοσοφίαν,
435 4688 572 4757 πρὸς
594 4690 692 4759 τὴν
710 4690 1086 4761 ὑπερέχουσαν
1114 4692 1207 4745 τοῦ
1229 4692 1466 4761 Χριστοῦ
1500 4694 1684 4762 σοφίαν

1797 4698 2049 4757 respectu
2078 4688 2390 4743 excellentis
2420 4688 2622 4743 Christi
2651 4691 2954 4758 sapientire,
2984 4691 3369 4758 rejectamenta

86 4778 373 4834 σκύϐαλα
408 4779 726 4848 ἡγούμενος,
756 4781 809 4834 τί
837 4781 1028 4853 δήποτ’
1050 4782 1143 4837 οὗν
1177 4787 1206 4838 ὁ
1228 4783 1453 4838 τοιαῦτα
1482 4785 1574 4837 καὶ
1600 4786 1684 4840 λέ-

1800 4778 2144 4849 opinabatur,
2184 4796 2446 4849 quorsum
2488 4780 2755 4850 (inquam)
2792 4782 2857 4841 is,
2892 4783 2985 4849 qui
3023 4781 3124 4836 iSta
3154 4791 3208 4835 et
3236 4780 3373 4835 dixit

83 4888 237 4935 γων
285 4870 381 4922 καὶ
433 4868 720 4930 διδάσκων,
758 4870 865 4924 ἀπὸ
926 4871 1035 4925 τῶν
1088 4873 1528 4943 ἐπιγραμμάτων
1576 4877 1684 4937 τοῖς

1798 4881 1852 4924 et
1899 4870 2106 4932 docuit,
2162 4886 2287 4925 cum
2341 4873 2483 4941 apud
2542 4874 2904 4927 Athenienses
2947 4874 3272 4934 dissereret,
3304 4875 3374 4927 ab

81 4963 468 5032 Ἀθηναίοις,
509 4962 545 5016 ἃ
574 4962 652 5033 τῷ
687 4962 818 5033 παρ’
841 4964 1028 5027 αὐτοῖς
1079 4964 1463 5033 ἐπεγέγραπτο
1501 4964 1684 5036 βωμῷ¹

1793 4961 2164 5029 inscriptione,
2231 4979 2353 5031 qua:
2416 4964 2569 5017 altari
2630 4966 2771 5033 apud
2834 4967 2981 5033 ipsos
3031 4966 3367 5035 adigebatur,

82 5057 421 5123 διελέγετο’
448 5055 666 5119 ἀνάξιον
683 5057 793 5125 γὰρ
813 5055 913 5125 τῆς
931 5058 989 5108 έν
1008 5056 1202 5125 Παύλῳ
1218 5055 1366 5119 θείας
1388 5056 1684 5121 ἐπιπνοίας,

1793 5063 2171 5129 argumentum
2211 5058 2522 5118 sumpserit.
2579 5054 2866 5125 Indignum
2906 5058 3051 5110 enim
3080 5058 3248 5110 rideri
3286 5058 3372 5110 di—

77 5153 165 5205 ὲκ
205 5148 407 5219 μύθων
446 5151 763 5217 συγκροτεῖν
793 5149 893 5219 τὴν
929 5149 1213 5219 ἀλήθειαν.
1260 5148 1420 5202 Ἀλλά
1442 5150 1567 5212 τοὺς
1600 5151 1684 5219 μὲι

1792 5144 1917 5195 vina
1966 5132 2055 5195 iila
2108 5142 2161 5195 in
2191 5142 2356 5197 Paulo
2419 5147 2771 5214 aspiratione,
2828 5162 2857 5200 a
2902 5146 3103 5202 fabulis
3153 5150 3371 5202 veritati

76 5242 322 5303 ἄλλους
353 5237 512 5292 τοῦτο
539 5238 933 5310 διαποροῦντας
952 5240 1012 5293 ού
1031 5240 1152 5293 λίαν
1184 5241 1315 5303 ἴσως
1356 5241 1423 5294 ἂν
1456 5240 1684 5310 μεμφοί-

1794 5250 2078 5289 assensum
2109 5251 2371 5305 quaerere.
2439 5236 2823 5293 Verumtamen
2859 5240 3018 5302 alios,
3046 5242 3137 5310 qni
3174 5242 3241 5293 de
3268 5242 3372 5295 hoc

79 5348 256 5405 μην⁶
292 5330 355 5384 σε
382 5331 441 5384 de
474 5333 539 5385 ἐκ
563 5332 771 5402 μυρίων
802 5332 1032 5402 γραφῶν
1052 5349 1110 5386 τε
1129 5334 1223 5387 καὶ
1251 5333 1529 5405 λογισμῶν
1564 5334 1684 5405 έχωι

1793 5327 2132 5389 addubitaut,
2164 5342 2270 5381 non
2300 5345 2399 5397 ego
2430 5332 2659 5383 multum
2698 5330 3039 5385 incusavero.
3074 5332 3151 5386 Te
3185 5343 3367 5387 autem

74 5424 396 5490 εὐθύνειν,
427 5424 518 5477 τὸν
544 5424 808 5496 διάπυρον
832 5425 928 5495 τῆς
947 5425 1295 5494 διαλεκτικῆς
1318 5427 1575 5496 ἐραστὴν,
1605 5426 1684 5495 μά

1791 5418 2067 5471 ardentem
2123 5416 2435 5473 dialeCtices
2491 5430 2816 5485 amatorem,
2881 5437 3007 5475 cum
3049 5437 3080 5476 e
3115 5422 3368 5491 plurimis

70 5521 283 5572 λιστα
310 5514 378 5568 ἂν
404 5514 464 5580 ἐξ
494 5516 613 5578 ἑνὸς
637 5517 745 5570 τῶν
778 5516 886 5571 σῶν
904 5517 1221 5573 δικαιότατα
1245 5519 1312 5573 ἂν
1349 5520 1691 5590 μεμψοίμην,

68 5611 177 5671 ὡς
232 5604 464 5660 κάκεῖνο
490 5606 915 5677 ἐπιλελησμένον
965 5608 1235 5678 δήπουθεν
1275 5608 1337 5662 τὸ
1387 5609 1695 5679 σοφώτατον

70 5696 300 5767 αὐτῆς
328 5696 422 5748 καὶ
446 5697 857 5767 χρησιμώτατον
886 5698 1234 5768 νομοθέτημα
1257 5715 1270 5729 °
1297 5701 1358 5753 τὸ
1386 5704 1537 5755 ποῖον
1563 5720 1577 5767 ;
1610 5703 1694 5770 etp‘

67 5786 175 5846 ὧν
222 5789 267 5858 ἠ
293 5789 404 5841 τῶν
434 5788 719 5860 ἀκροατῶν
770 5790 1042 5859 αἴσθησις,
1095 5792 1153 5857 ἐξ
1192 5792 1412 5845 οἰκείων
1444 5795 1535 5847 καὶ
1560 5793 1696 5863 ἀλη-

66 5882 226 5937 θῶν
284 5877 737 5951 ἐπιδεικνυμένην
781 5880 843 5933 ού
889 5880 1244 5950 προσδέχεται
1285 5884 1382 5951 τὴν
1414 5882 1693 5955 ἀλήθειαν,

64 5971 231 6031 ἀλλ’
271 5970 678 6040 ἀποτυφλώττει
732 5973 866 6043 πρὸς
900 5973 999 6043 τὴν
1032 5973 1224 6045 αἴγλην
1264 5975 1452 6044 αὐτῆς,
1503 5976 1595 6029 καὶ
1630 5978 1687 6029 τὺ

1796 5510 2018 5579 scriptis
2045 5520 2097 5564 et
2119 5511 2392 5564 rationum
2427 5514 2713 5567 momentis
2751 5514 2984 5584 dirigere
3009 5515 3240 5584 possim,
3262 5516 3367 5569 im-

1792 5600 1981 5671 primis
2033 5610 2209 5656 tamen
2259 5602 2326 5655 ab
2378 5618 2487 5656 uno
2538 5619 2603 5655 ex
2648 5604 2713 5659 iis
2743 5620 2865 5672 qua:
2902 5616 3055 5661 tenes
3085 5608 3220 5677 ipse,
3261 5622 3367 5660 nec

1792 5708 1925 5748 Sane
1974 5693 2161 5746 infimo
2211 5694 2625 5761 reprehendam,
2671 5697 2762 5764 qui
2795 5697 3002 5751 oblitus
3024 5698 3144 5765 ejus
3168 5697 3338 5751 fueris

1794 5804 1918 5841 cum
1944 5797 1996 5841 et
2017 5788 2477 5855 sapientissimum
2498 5790 2693 5843 scitum
2722 5790 2957 5846 fueritet
2980 5792 3363 5846 utilissimum.

1794 5879 2079 5945 Quodnam
2112 5880 2241 5934 illud
2274 5883 2490 5935 autem?
2548 5882 2812 5937 Nimirum
2860 5900 2984 5939 cum
3014 5886 3355 5940 audientium

1795 5990 2007 6039 sensus,
2042 5974 2321 6031 veritatem
2356 5991 2459 6031 non
2484 5977 2716 6032 admittit
2744 5977 3223 6033 demonstratame
3245 5982 3363 6033 suis
