4162 6442
790 383 894 446 947

787 585 856 638 ad
885 586 1004 653 ejus
1033 585 1372 654 splendorem
1411 599 1465 643 et
1497 591 1787 660 puritatem
1838 593 2141 652 intellectus
2175 612 2348 654 occa:-

791 684 969 738 catur,
1028 677 1189 731 etiam
1222 679 1272 731 in
1305 679 1370 733 iis
1400 680 1466 735 ad
1496 697 1616 752 qua
1641 699 1749 737 non
1775 694 1903 740 sunt
1934 685 2350 757 impossibiliter

789 780 821 818 a
852 775 1043 820 natura
1069 769 1348 823 constituti
1389 788 1403 825 :
1459 787 1524 827 ex
1559 773 1627 828 iis
1683 789 1806 844 qua:
1853 776 2040 832 haberi
2091 790 2344 849 possunt,

789 859 1044 913 convenit
1071 875 1234 914 manu
1269 863 1604 931 apprehensa
1632 864 1853 929 dueere,
1902 877 1957 922 et
1999 882 2094 936 per
2121 884 2185 925 ea
2214 886 2350 926 con-

788 953 1013 1008 stituere
1030 955 1329 1021 veritatem,
1359 967 1413 1010 et
1427 973 1522 1027 per
1543 959 1787 1029 ipsorum
1803 961 2179 1034 cogitationes,
2205 966 2347 1022 veri-

788 1045 917 1100 tatis
953 1047 1252 1103 claritatem
1283 1049 1685 1107 subillustrare.

857 1179 1186 1248 QUAESTIO
1239 1183 1399 1240 CCIV
1461 1185 1649 1258 [CoisL
1707 1187 2054 1257 CCXXXIII,
2114 1189 2283 1245 Taur.

1414 1273 1727 1347 ccxxw].

785 1361 895 1416 Cur
915 1365 1190 1435 prophetia
1225 1366 1459 1420 obscuris
1486 1367 1800 1437 imaginibus
1840 1369 2152 1425 obumbrata
2203 1373 2306 1442 fuit
2329 1375 2356 1430 .’

1933 399 2194 461 PHOTII
2235 402 2735 470 PATRIARCIMi
2772 411 2879 472 CP.

789 491 1043 563 propriis,
1099 508 1220 562 qua:
1247 504 1395 563 sunt,
1425 506 1478 552 et
1517 497 1824 568 conjunctis
1847 516 1972 558 cum
1996 519 2054 560 re
2086 504 2224 575 ipsa,
2252 509 2346 563 sed

2454 513 2687 583 καθαρὸν
2719 516 2814 568 τοῦ
2844 518 3138 588 νοήματος,
3162 523 3254 576 ἐπὶ
3286 526 3491 579 τούτων
3519 528 3580 594 ἐξ
3601 523 3648 584 ὦ

3938 428 4032 492 ω

3651 548 3681 584 ν
3711 535 4030 602 πεφύκασιν

2451 604 2550 657 οὐκ
2582 605 2832 661 ἀδύνατοι
2861 624 2874 637 ·
2907 611 2972 663 ἐκ
3014 611 3220 666 τούτων
3269 615 3370 670 ὅσα
3423 619 3725 690 ἐνδέχεται,
3786 630 4030 696 προσῆκε

2451 703 2810 768 χειραγωγεῖν
2836 703 2930 756 καὶ
2948 709 3379 772 κατασκευάζειν
3405 713 3590 778 αὐτοῖς
3611 716 3718 784 τὴν
3742 719 4028 788 ἀλήθειαν,

2450 792 2544 842 καὶ
2571 793 2691 854 ταῖς
2722 793 2902 847 αὐτῶν
2925 794 3186 863 διανοίαις
3202 800 3536 871 ὑπαυγάζειν
3561 807 3736 879 αὐτῆς
3762 811 3878 882 τὴν
3899 813 4032 883 λαμ-

2451 880 2715 952 πρότητα.

2987 1200 3323 1259 ΕΡΟΤΗΣΙΣ
3345 1204 3460 1262 ZA’.

2451 1369 2555 1424 Διὰ
2582 1371 2638 1425 τί
2657 1370 2696 1438 ἠ
2723 1376 3054 1443 προφητεία
3093 1378 3220 1446 τοῖς
3246 1380 3385 1456 ,τῆς
3434 1384 3747 1454 ἀσαφείας
3799 1391 4036 1456 τρόποις

2994 1450 3437 1504 συνεσκίασται
3461 1470 3482 1516 ;

1279 1536 1421 1588 Edita
1444 1551 1472 1586 a
1501 1538 1797 1592 Iiontacotio
1819 1542 1920 1606 (ep.
1947 1542 2010 1593 63
2029 1544 2087 1594 ad
2105 1545 2247 1595 Joan.
2267 1545 2454 1596 Philas.
2474 1561 2522 1610 p.
2552 1549 2683 1612 115).
2709 1577 2769 1591 --
2788 1552 2864 1604 De
2889 1554 3188 1608 obscuritate
3213 1562 3512 1623 prophetia.

855 1639 939 1695 Ad
993 1641 1467 1714 interrogationem
1517 1647 1666 1703 illam
1711 1658 1880 1713 tuam,
1933 1666 2195 1721 quorsum
2223 1668 2346 1722 pro-

2519 1657 2815 1732 Πυθομένῳ
2864 1679 2967 1727 σοι,
3008 1663 3064 1717 τί
3103 1664 3304 1736 δήποτε
3355 1669 3390 1740 ἡ
3433 1673 3758 1742 προφητεία
3796 1677 3922 1738 τοῖς
3948 1677 4036 1744 τῆς

787 1732 970 1800 phetia
999 1734 1346 1791 obscuritatis
1366 1740 1537 1807 tropis
1569 1741 1887 1795 obvclatur?
1916 1745 2101 1811 paucis
2122 1760 2348 1815 respou-

788 1825 889 1878 deo
915 1841 931 1878 :
961 1840 1027 1880 eo
1057 1827 1200 1896 quod
1225 1827 1460 1883 historia
1487 1845 1594 1885 non
1624 1841 1707 1887 est
1728 1834 2027 1902 prophetia.
2047 1835 2344 1892 Historiam

783 1924 954 1980 certe,
1010 1916 1057 1971 si
1100 1933 1220 1988 quae
1274 1919 1376 1974 alia
1417 1922 1615 1986 virtus,
1664 1927 2026 1990 commendat,
2063 1929 2348 1997 perspicue

783 2008 970 2062 omnia
995 2010 1305 2076 enuntiare,
1360 2027 1459 2067 nec
1513 2015 1807 2085 quidquam
1839 2016 2020 2074 aﬂ‘oris
2046 2019 2345 2089 cogitatum

786 2095 1152 2153 introducere.
1212 2099 1377 2155 Docet
1398 2103 1542 2157 enim
1558 2121 1680 2175 quae
1715 2106 1768 2161 in
1804 2110 1980 2164 medio
2008 2112 2191 2180 populi
2229 2129 2348 2167 ver-

785 2197 1004 2252 santur,
1035 2205 1264 2259 queque
1289 2205 1479 2248 omnes
1507 2210 1574 2249 ex
1604 2212 1780 2266 :equo,
1818 2198 1996 2267 ignavi
2027 2209 2082 2256 et
2108 2202 2347 2274 impigri,

787 2280 882 2346 qui
911 2280 962 2331 iu
994 2294 1174 2334 rerum
1205 2293 1395 2336 natura
1435 2298 1743 2354 versantur,
1792 2289 2115 2360 intelligunt,
2158 2309 2257 2348 nec
2282 2296 2350 2350 ab

785 2383 976 2422 eorum
1034 2370 1304 2426 intellectu
1356 2391 1501 2430 nunc
1544 2377 1708 2447 aliqui
1743 2380 2153 2439 submoventur.
2217 2385 2349 2439 ιντο.

787 2459 972 2526 phetia
1010 2470 1190 2515 autem
1220 2473 1323 2526 est,
1380 2466 1538 2534 cuius
1579 2483 1715 2536 Opus
1737 2485 1902 2540 quam
1943 2475 2349 2531 convenientis-

793 2549 931 2603 sime
962 2554 1266 2622 peragitur,
1308 2557 1547 2628 indignis
1599 2562 1893 2618 revelando
1929 2581 2049 2635 quae
2080 2579 2212 2622 sunt
2248 2571 2350 2621 oh-

787 2655 976 2709 scura,
1027 2644 1270 2713 profanis
1317 2658 1498 2705 autem
1553 2651 1812 2723 impervia
1854 2667 2112 2725 praestare
2138 2659 2350 2726 eadem,

791 2732 1047 2802 quocirca
1108 2736 1456 2796 adumbratas
1509 2757 1618 2808 res,
1640 2744 2047 2815 ctaniginatice
2072 2763 2166 2817 per
2198 2750 2354 2804 invo-

791 2824 945 2879 lucra
979 2830 1245 2897 proponit.
1301 2829 1437 2888 Iiiuc
1463 2835 1592 2889 mihi
1625 2837 1837 2892 videtur
1867 2849 1971 2893 tuae
2004 2840 2183 2896 dubia;
2207 2858 2356 2911 qua:-

2449 1746 2714 1817 ἀσαφείας
2742 1753 2967 1823 τρόποις
2997 1759 3402 1821 συνεσκίασται,
3450 1761 3541 1815 διὰ
3577 1762 3852 1835 βραχίων
3885 1770 4038 1837 ἀμία

2448 1837 2610 1906 ϐομαι
2634 1855 2652 1872 ·
2685 1841 2828 1898 Διότι
2856 1844 2956 1897 οὐκ
2988 1843 3135 1900 ἐστιν
3177 1849 3389 1920 ἱστορία
3432 1854 3467 1921 ἡ
3505 1857 3864 1924 προφητεία.
3895 1857 4038 1911 Ἰσ-εο⁹

2451 1928 2571 1996 ρίας
2614 1930 2716 2001 μὲν
2770 1933 2912 2003 γὰρ,
2949 1935 3108 2007 εῖπερ
3131 1953 3184 1990 τι
3227 1939 3378 2005 ἄλλο,
3412 1941 3609 2013 ἁρετὴ,
3636 1946 3846 2015 σαφῶς
3877 1965 3937 2000 τε
3965 1952 4034 2002 είς

2447 2022 2590 2083 πεῖν,
2620 2022 2714 2076 καὶ
2747 2023 2913 2092 μηδὲν
2960 2028 3407 2098 περινενοημένον
3465 2031 3913 2103 ἐξεργάσασθαι.
3963 2038 4036 2090 Τὰ

2447 2110 2555 2179 γὰρ
2594 2114 2650 2164 ὲν
2673 2111 2750 2182 τῷ
2775 2113 2925 2184 μέσῳ
2945 2118 3286 2188 γεγενημένα
3320 2121 3586 2184 διδάσκει.
3609 2126 3712 2178 καὶ
3741 2129 3992 2191 ἅπαντες
4009 2140 4033 2169 ⁸

2447 2200 2646 2268 ὁμοίως
2662 2203 2756 2256 καὶ⁸
2771 2205 3048 2260 σπουδαῖοι
3069 2208 3162 2260 καὶ
3183 2208 3377 2278 φαῦλοι
3403 2213 3523 2267 κατ’
3543 2215 3731 2269 ἐκεῖνο
3752 2218 3991 2287 καιροὺς
4007 2219 4032 2258 δ

2448 2290 2771 2358 ἠπίσταντο,
2796 2295 2892 2346 καὶ
2913 2293 3012 2349 νῦν
3036 2294 3234 2354 ειδέναι
3260 2302 3362 2354 οὐκ
3383 2303 3750 2373 ἀπείργονται
3769 2322 3789 2338 ο
3822 2324 4034 2379 apem;-

2447 2380 2568 2432 τεία
2595 2381 2672 2447 δὲ,
2700 2377 2769 2453 ἧς
2802 2383 2965 2456 ἔργον
2993 2389 3106 2451 τοῖς
3133 2388 3306 2454 ἀξίοις
3337 2392 3758 2448 ἀποκαλύπτειν
3795 2377 3880 2451 τά
3906 2377 4032 2465 ἄδή-

2448 2469 2535 2533 λα,
2561 2477 2672 2538 τοῖς
2699 2475 2756 2534 δὲ
2785 2476 3031 2548 βεϐήλοις
3051 2479 3227 2533 ἄϐατα
3269 2485 3468 2548 ποιεῖν,
3515 2485 3578 2538 τὸ
3617 2490 4030 2558 συνεσκιασμέ-

2451 2580 2539 2617 νον
2573 2567 2666 2619 καὶ
2695 2568 3107 2639 αἰνιγματῶδες,
3138 2574 3228 2625 καὶ
3259 2573 3321 2626 τὸ
3359 2574 3447 2627 διὰ
3494 2581 4029 2648 παραπετασμάτων

2451 2660 2936 2729 πρεπωδέστατον·
2961 2660 3022 2728 ἐξ
3047 2655 3143 2729 ὧν,
3172 2661 3349 2735 οἶμαι,
3390 2667 3648 2724 λελῦσθαί
3696 2688 3795 2723 σου
3852 2673 3950 2725 καὶ
3977 2675 4036 2724 τὸ

2452 2749 2677 2818 ἄπορον,
2715 2751 2791 2814 ὡς
2839 2751 2904 2807 El
2935 2752 3010 2824 μὴ
3056 2753 3161 2807 ἔδει
3195 2756 3405 2824 μαθεῖν,
3433 2758 3543 2813 οὐδ’
3567 2759 3704 2823 ὅλως
3747 2762 3929 2831 ἐχρῆν
3958 2767 4035 2814 εξ-

2457 2842 2576 2892 πεῖν
2599 2857 2610 2870 ·
2645 2843 2694 2895 εἰ
2730 2842 2992 2916 δ’ἑκρίθη
3051 2847 3268 2914 μαθεῖν,
3313 2849 3414 2902 οὐκ
3466 2851 3694 2919 ἀσαφῶς
3732 2853 3888 2923 ἔχειν
3938 2857 4036 2922 τὴν

790 2916 958 2971 stioni
985 2919 1356 2989 satisfactum,
1409 2925 1687 2994 nimirum,
1737 2925 1792 2982 Si
1853 2929 2198 2999 intelligenda
2246 2948 2352 2986 non

2459 2932 2810 3001 προφητείαν,
2833 2934 2926 2987 καὶ
2953 2936 3145 2999 ὲνίσως
3173 2949 3197 2978 ε
3223 2939 3426 3009 σχεδὸν,
3455 2941 3548 2994 τοῦ
3572 2916 3708 3014 μηδὲ
3737 2916 4030 3013 sip-ﬁcosi,

787 3018 965 3076 erant,
1021 3010 1164 3065 haud
1203 3012 1418 3069 fuerant
1448 2993 1703 3074 sermone
1732 2993 2107 3075 enuntianda:
2143 3022 2227 3076 siu
2258 3023 2352 3077 ad-

2454 2993 2639 3094 ὲέρῖίνξ
2700 2993 2937 3097 Διῃτήθη
2967 3027 3076 3098 γὰρ
3105 2993 3170 3083 tat
3200 2993 3312 3084 τὲν
3339 2993 3671 3103 εἰρημένων,

792 3099 1049 3156 discenda
1071 3114 1246 3170 erant,
1283 3121 1392 3161 non
1423 3111 1666 3177 oportuit
1702 3111 2037 3181 prophetiam
2062 3113 2352 3168 obscuram

2454 3110 2564 3164 θεῖν
2593 3112 2869 3183 προσῆκον
2915 3111 3012 3184 ἦν,
3045 3117 3138 3170 καὶ
3184 3099 3481 3188 ἀναγκαῖον
3519 3122 3594 3192 μὴ
3637 3121 3890 3193 βεϐήλοις
3931 3099 4038 3177 3w.

791 3205 936 3256 esse,
962 3203 1056 3249 aut
1086 3210 1240 3267 aeque
1264 3212 1387 3253 esse
1414 3215 1478 3254 ac
1506 3202 1551 3255 si
1579 3202 1722 3257 edita
1752 3218 1858 3257 non
1885 3204 2095 3260 fuisset.
2130 3205 2262 3260 Nam
2289 3221 2355 3260 ex

792 3293 918 3338 ante
971 3284 1129 3341 dictis
1194 3297 1458 3344 statutum
1517 3301 1622 3358 est,
1686 3295 2016 3352 conveniens
2069 3296 2238 3352 fuisse
2294 3307 2355 3352 ut

789 3371 1113 3444 disceretur,
1146 3388 1198 3433 et
1223 3382 1595 3438 necessarium
1624 3393 1686 3440 ut
1700 3385 1929 3454 profano
1959 3389 2351 3444 autcommuui

2451 3203 2645 3265 κοινῶς
2678 3205 2853 3256 εἰπεῖν
2877 3221 2892 3236 ·
2925 3207 3063 3260 ἀλλὰ
3092 3211 3206 3272 τοῖς
3225 3209 3325 3280 μὲν
3358 3210 3589 3281 μύσταις
3623 3212 3888 3284 εἰρῆσθαι
3929 3233 4032 3268 σι-

2449 3293 2548 3364 φῆ,
2577 3295 2745 3349 ἄδυτα
2789 3295 2848 3350 δὲ
2876 3299 2987 3361 τοῖς
3019 3298 3286 3371 ἀμυήτοις
3323 3302 3714 3376 διαηρηθῆναι
3733 3343 3749 3369 ,
3805 3307 3910 3359 καὶ
3936 3306 4039 3361 οὐχ

2451 3387 2674 3455 ὲφικτά.

795 3481 947 3520 more
974 3484 1081 3522 non
1112 3471 1490 3528 enuntiaretur
1525 3491 1539 3530 :
1567 3475 1865 3547 sedmystis
1893 3478 2039 3532 clare
2067 3487 2125 3533 ut
2145 3479 2361 3544 edatur,
2397 3480 2608 3534 occulta
2661 3490 2842 3535 autem
2883 3489 2941 3537 et
2985 3481 3213 3539 minime
3246 3485 3431 3555 pervia
3485 3487 3727 3543 nondum
3792 3487 4038 3544 initiatis

791 3569 1163 3616 οοηεοι-νειιιτ.

788 3667 1119 3734 QUIESTIO
1148 3672 1279 3728 CCV
1313 3673 1498 3748 [CoiaL
1517 3676 1846 3746 CCXXXIV,
1884 3678 2047 3735 Taur.
2075 3678 2355 3754 CCXXV].

794 3760 871 3815 De
898 3763 1252 3835 ediguratione
1278 3777 1327 3821 et
1367 3770 1666 3826 charactere
1695 3771 1998 3842 imaginum
2026 3783 2352 3829 sanctarum.

3019 3674 3353 3731 ΕΡΩΤΗΣΙΣ
3393 3677 3512 3734 ΣΕ¹.

2461 3765 2600 3837 Περὶ
2638 3765 3097 3837 διαμορφώσεως
3143 3768 3243 3849 καί
3264 3837 3277 3849 ⁸
3296 3768 3674 3839 χαρακτῆρος
3699 3771 3827 3829 τῶν
3853 3774 4043 3849 ἀτιυγ

3149 3837 3419 3893 είκόνῖων.

1005 3939 1146 3990 Edita
1165 3954 1190 3990 a
1218 3938 1514 3992 Hontacutlo
1538 3942 1643 4006 (ep.
1673 3940 1736 3992 64
1755 3943 1816 3993 ad
1835 3941 2024 3993 Theod.
2043 3944 2246 4008 hegum.
2271 3961 2323 4011 p.
2349 3946 2481 4013 115).
2501 3973 2564 3985 -
2583 3947 2658 3999 De
2678 3947 2830 3997 forma
2852 3952 2905 3998 et
2923 3948 3211 3999 charactere
3234 3956 3512 4001 sanctarum
3530 3954 3818 4017 imaginum.

867 4046 1228 4104 Sciscitantur
1272 4048 1498 4120 (inquis)
1533 4049 1627 4120 qui
1667 4049 1807 4106 inter
1839 4050 2228 4109 Iconomachos
2256 4069 2356 4110 au-

791 4141 1043 4196 daciores
1072 4149 1200 4196 sunt
1239 4151 1292 4196 et
1331 4141 1673 4208 maleferiati,
1725 4143 1929 4213 quique
1979 4145 2352 4200 curiositatem

2527 4054 2923 4125 Προτείνουσιν,
2952 4053 3108 4126 ἔφης,
3124 4055 3235 4109 τῶν
3260 4057 3646 4131 Είκονομάχων
3674 4063 3789 4116 ὅσοι
3823 4067 4038 4136 Opust?-

2456 4163 2603 4217 τεροι
2632 4147 2726 4200 καὶ
2751 4145 3095 4216 κακόσχολοι,
3123 4149 3220 4200 καὶ
3250 4147 3412 4215 σοφδν
3435 4149 3694 4217 ἡγοῦνται
3713 4153 3774 4205 τὸ
3801 4157 4040 4227 περίερο

796 4233 1115 4302 sapientiam
1146 4233 1482 4288 arbitrantur
1508 4247 1650 4298 esse,
1700 4248 1949 4304 quasnam
1980 4239 2053 4292 sit
2091 4251 2350 4307 germana

2454 4254 2570 4306 γον,
2602 4236 2731 4291 ποία
2755 4235 2866 4288 τῶν
2897 4235 3124 4290 εἰκόνων
3163 4237 3401 4307 Χριστοῦ
3445 4239 3647 4311 ἀληθὴς
3670 4280 3687 4305 ,
3721 4244 3963 4313 πότερον
4007 4251 4037 4315 ἡ

796 4325 1001 4381 Christi
1025 4325 1245 4396 elligies,
1281 4335 1463 4379 utrum
1496 4327 1584 4381 illa
1609 4343 1774 4398 quam
1803 4328 2075 4385 delineaut
2102 4329 2355 4394 Romani,

795 4431 868 4470 an
901 4431 1064 4486 quam
1093 4414 1228 4480 Indi,
1268 4431 1337 4470 an
1366 4432 1528 4487 quam
1560 4417 1756 4480 Graeci,
1823 4435 1893 4473 an
1925 4435 2088 4489 quam
2119 4417 2356 4490 Egyptti

800 4515 1209 4576 repraesentant,
1255 4522 1378 4562 cum
1427 4508 1568 4565 inter
1593 4524 1653 4565 se
1700 4508 2061 4566 similitudine
2088 4526 2198 4566 non
2225 4526 2360 4566 con-

801 4597 1055 4652 sentiant.
1085 4596 1480 4670 Quamcuuque
1515 4601 1742 4656 istarum
1763 4603 2054 4672 genuinam
2079 4617 2203 4657 esse
2233 4602 2360 4679 quis

800 4687 1020 4754 dixerit,
1044 4688 1265 4742 omnino
1294 4688 1382 4744 ille
1423 4691 1680 4760 reprobat
1703 4706 1894 4747 omnes
1935 4693 2194 4761 reliquas.
2256 4691 2359 4747 Sed

803 4777 943 4833 hanc
965 4779 1207 4848 ipsorum
1247 4779 1631 4848 objectionem,
1691 4790 1786 4837 aut
1824 4783 2151 4838 malitiosam
2185 4783 2362 4853 potius

804 4869 1259 4924 machinationem
1291 4870 1346 4939 (ο
1373 4879 1430 4924 ιιι
1467 4873 1723 4942 praeclara
1748 4873 2084 4928 orthodoxi:e
2108 4874 2290 4943 imago
2309 4885 2365 4929 et

809 4962 1257 5030 represent-otio),
1288 4961 1472 5017 multis
1499 4963 1676 5018 modis
1709 4963 1936 5033 colapho
1965 4962 2167 5018 inﬂicto
2184 4962 2364 5031 repel-

812 5048 922 5103 lere
944 5064 1259 5119 possumus,
1287 5060 1341 5105 et
1361 5051 1643 5121 multiplici
1684 5052 1933 5107 refertam
1968 5067 2092 5107 cum
2131 5052 2361 5106 stultitia

2458 4328 2608 4399 παρὰ
2644 4327 3036 4398 Ῥωμαίοιςνῆ
3085 4327 3265 4398 ἤνπερ
3327 4329 3483 4384 Ἰνδοὶ
3541 4334 3888 4402 γράφουσιν.
3920 4339 3955 4406 ἢ
4007 4341 4036 4406 ἡ

2457 4421 2588 4490 παρ’
2621 4419 2877 4489 Ἕλλησιν
2901 4459 2916 4484 ,
2949 4417 2984 4489 ἢ
3009 4420 3044 4487 ή
3065 4420 3195 4490 παρ’
3213 4419 3554 4490 Αίγυπτίοις,
3594 4424 3690 4494 οὐχ
3720 4425 3917 4495 ὅμοιαι
3944 4429 4040 4482 ἀλ.

2456 4511 2644 4582 λήλαις
2675 4511 2858 4576 αὐταὶ,
2890 4510 2986 4564 καὶ
3011 4509 3200 4564 ὁποίαν
3221 4511 3285 4565 ἄν
3309 4528 3396 4575 τις
3421 4511 3596 4567 αὐτῶν
3617 4514 3793 4585 ἀληθῆ
3816 4520 4035 4588 φήσειε.

2457 4602 2695 4672 δηλονότι
2742 4599 3168 4672 παραγράφεται
3219 4601 3322 4664 τὰς
3369 4599 3565 4665 λοιπάς
3589 4618 3604 4634 ο
3632 4603 3767 4656 ἀλλὰ
3827 4608 4038 4676 ταύτην

2459 4695 2640 4749 αὐτῶν
2686 4696 2787 4766 τὴν
2837 4693 3093 4764 ἀπορίαν,
3125 4693 3325 4764 μᾶλλον
3357 4693 3416 4746 δὲ
3464 4694 3568 4764 τὴν
3616 4698 4038 4765 κακομηχανίαν

2463 4779 2529 4854 (ὦ
2557 4785 2721 4838 καλὸν
2757 4782 3070 4853 ὀρθοδοξίας
3125 4784 3347 4854 ἄγαλμα
3407 4783 3496 4852 σὺ)
3546 4785 3840 4854 πολλαχῶς
3891 4787 4040 4840 ἐστιν

2464 4874 2845 4947 ἐπιρραπίσαι,
2880 4873 2973 4926 καὶ
3007 4873 3206 4943 πολλῆς
3245 4873 3522 4942 γέμουσαν
3590 4877 3904 4943 παρανοίας
3948 4878 4037 4929 καὶ

2463 4964 2776 5027 δυσσεϐείας
2798 4964 3116 5032 ἀπελέγξαι.
3142 4965 3250 5017 Καὶ
3278 4963 3493 5034 πρῶτον
3517 4963 3663 5018 ἐστιν
3681 4965 3866 5018 εἰπεῖν
3906 4967 4038 5036 πρὸς

2474 5057 2695 5120 αὐτοὺς,
2721 5057 2804 5110 ὅτι
2846 5057 3017 5120 Τέως,
3045 5055 3106 5120 ἐξ
3125 5049 3201 5109 ὧν
3241 5055 3441 5124 ἔγνωτε
3461 5059 3528 5128 τῇ
3559 5058 3919 5129 είκονοιιργίᾳ⁵
3945 5060 4038 5128 μά-

809 5148 924 5195 tum
957 5142 1229 5212 impietate
1256 5143 1597 5200 convincere.
1644 5144 1711 5199 Et
1734 5144 1996 5214 imprimis
2024 5145 2090 5199 ad
2137 5159 2231 5199 eos
2261 5145 2352 5198 hoc

2471 5150 2686 5218 χεσθαι,
2712 5150 2806 5202 καὶ
2836 5148 3062 5211 ἄκοντες
3085 5148 3253 5217 αὐτῆς
3271 5148 3544 5219 πανταχοῦ
3555 5148 3654 5217 τῆς
3681 5149 4034 5219 οἰκουμένης.

805 5229 1090 5283 dicendum
1145 5239 1266 5286 est:
1334 5229 1413 5285 Ex
1437 5232 1526 5286 illo
1573 5233 1689 5302 ipso
1718 5232 1860 5287 unde
1894 5232 2089 5287 bellum
2132 5233 2352 5287 IIIIIICCN

2467 5240 2595 5296 ἔνθα
2649 5241 2710 5294 τὺ
2737 5239 3076 5310 Χριστιανῶν
3123 5239 3280 5308 γένος
3316 5241 3417 5310 τὴν
3461 5239 3695 5309 ὓπαρξιν
3733 5243 3837 5295 καὶ
3867 5259 4034 5313 προσ-

809 5320 1105 5391 imaginum
1165 5322 1492 5379 conlectioni
1546 5324 1940 5395 pr0posuistis,
2015 5325 2168 5378 inviti
2216 5325 2364 5390 licet,

809 5421 988 5468 tamen
1013 5412 1254 5471 fatemini
1278 5431 1376 5486 per
1410 5418 1723 5474 universum
1745 5417 1953 5481 orbem,
1988 5418 2077 5471 ubi
2109 5417 2371 5472 Christia-

2470 5332 2692 5400 κύνησιν
2749 5334 3196 5403 ἐμαρτυρήσατε.⁹
3237 5331 3378 5387 ὥστε
3405 5333 3437 5386 ὃ
3479 5333 3764 5403 καθαιρεῖν
3830 5335 4038 5405 ἐπιχει-

2473 5424 2646 5494 ροῦσι,
2700 5423 2898 5493 μᾶλλον
2938 5423 3248 5489 συνιστῶσι’,
3281 5425 3376 5478 καὶ
3425 5427 3538 5488 τοῖς
3573 5425 3792 5489 οίκείοις
3847 5427 4032 5496 λόγοις

812 5501 1021 5559 uismus
1043 5504 1276 5574 exsistit,
1332 5506 1629 5577 imaginum
1676 5508 2044 5564 exsistentiam
2086 5516 2139 5563 et
2163 5508 2352 5562 cultuu'

2472 5513 2802 5569 ἁλίσκονται.
2850 5514 3108 5586 Δεύτερον
3145 5517 3227 5569 ὅτι
3265 5515 3555 5587 λελήθασιν
3581 5516 3832 5583 ἑαυτοὺς,
3863 5519 3936 5572 δι’
3967 5511 4044 5573 ὧν

2070 5664 2301 5720 VARUS
2337 5666 2735 5727 LECTIONES.

884 5791 904 5818 ο
931 5776 964 5830 ἆ
999 5778 1194 5843 πάντες
1227 5779 1444 5839 IIlBSCIl.
1515 5781 1540 5823 ιδ
1579 5782 1671 5836 τοῦ
1697 5780 1882 5851 καιροῦ
1911 5778 2130 5836 Ilmsch.

2229 5791 2249 5818 τ
2291 5781 2371 5836 ἴεν.
2405 5782 2459 5834 ἓν
2492 5784 2615 5848 ἴσως
2643 5785 2857 5841 ΙΙωδιεΙι.
