4162 6442
155 427 257 491 949

1014 426 1113 485 AD
1142 418 1737 486 AMPIIILOCHIUM
1763 418 2108 489 QUESTIO
2130 420 2315 493 CCIV,
2348 418 2500 480 CCV.

3301 416 3406 480 950

162 535 332 588 ταῦτα
361 534 630 601 λέγουσιν,
654 534 733 596 εἰς
760 534 858 603 τὴν
885 533 992 587 τῶν
1032 534 1302 606 Ἑλλήνων
1325 533 1479 597 τάξιν
1501 528 1731 593 ἑαυτοὺς

1837 530 2043 585 haberi.
2087 529 2161 585 Ita
2188 531 2243 585 in
2266 545 2332 587 eo
2353 529 2499 600 quod
2522 527 2710 584 tollere
2728 526 3033 590 voluerunt,
3067 526 3240 597 magis
3266 541 3402 582 con-

162 625 497 686 ὲντάττοντες
515 639 530 654 ·
564 624 648 676 ἐπ’
684 623 803 691 ῖσης
820 624 929 694 γάρ
954 627 1073 678 ἐστι
1091 625 1160 678 τὰ
1183 624 1449 694 εἰρημένα
1468 622 1598 693 περὶ
1624 621 1732 675 τῶν

166 715 374 768 σεπτῶν
393 714 615 767 εἰκόνων
635 714 808 767 εἰπεῖν
830 715 925 767 καὶ
947 716 1079 785 περὶ
1100 714 1208 767 τῶν
1220 714 1395 769 ἄλλων
1419 713 1732 784 μυστηρίων

159 804 336 874 ἡμῶν.
368 804 559 864 Ποίους
584 802 693 873 γὰρ
725 802 920 870 λόγους
942 802 1273 872 Εὑαγγελίου
1308 801 1726 864 θεοπνεύστους,

163 896 368 949 εἴποιεν
394 893 551 965 ama
606 892 743 956 ὅλως
790 894 1122 961 Εὐαγγέλιον
1186 896 1338 948 ποῖον
1387 891 1730 963 όνομάζετες

162 988 341 1049 ἄλλοις
368 986 479 1056 γὰρ
502 986 742 1055 σχήμασι
771 987 865 1040 καὶ
892 985 1085 1050 τύποις
1111 968 1457 1057 γραμμάτων
1489 986 1549 1039 τὺ
1594 986 1730 1040 Ῥω-

164 1078 360 1149 μαῖκδν
378 1118 396 1145 ,
436 1077 616 1139 ἄλλοις
640 1077 698 1131 δδ
727 1078 787 1131 τὸ
831 1076 1030 1144 Ἰνδῶν,
1061 1078 1157 1132 καὶ
1181 1078 1392 1149 ἑτέροις
1417 1078 1482 1131 τὸ
1509 1077 1729 1149 Ἐδραῖο

164 1170 280 1232 κδν,
333 1167 431 1221 καὶ
489 1166 670 1230 ἄλλοις
698 1168 758 1220 τὸ
782 1166 1055 1222 Αἰθιόπων
1084 1168 1496 1239 ἀπαρτίζονται.
1532 1168 1644 1223 Καὶ
1666 1166 1728 1221 οὐ

166 1258 325 1328 μόνον
345 1257 539 1320 τύποις
586 1258 957 1327 γραμμάτων,
999 1260 1094 1313 καὶ
1138 1262 1414 1330 σχήμασιν
1454 1257 1763 1329 ἀνομοίοις·

163 1348 486 1418 γράφονται,
514 1344 651 1400 ἀλλὰ
683 1347 778 1401 καὶ
821 1348 1098 1419 ἀπηχήσει
1130 1351 1228 1403 καὶ
1262 1350 1511 1420 σημασίᾳ
1544 1351 1729 1419 φωνῆς

164 1440 448 1511 ἑτεροειδεῖ
504 1458 564 1494 τε
611 1441 709 1495 καὶ⁸
756 1440 1161 1513 ἀλλοτριωτατῃ
1199 1440 1601 1513 προφέρονται’
1627 1441 1728 1494 οὐκ

163 1526 258 1585 οὖν
292 1534 451 1600 φαῖεν
479 1530 567 1596 ἂν,
601 1531 821 1587 Μᾶλλον
858 1532 915 1586 δὲ
944 1532 1035 1587 διὰ
1062 1532 1115 1586 τί
1142 1534 1219 1603 μὴ
1266 1533 1476 1601 λέγοιτε
1518 1532 1595 1596 ῶς
1635 1531 1727 1587 οὐ·

162 1622 276 1675 δενὶ
302 1621 569 1692 προσήκει
598 1620 879 1714 πείθεσθαι
898 1622 933 1692 ἢ
959 1622 1359 1694 προσέρχεσθαι
1382 1622 1724 1692 Εὐαγγελίῳ,

162 1715 247 1768 ὃτι
272 1712 548 1783 ἀνομοίοις
589 1714 684 1767 καὶ
715 1712 1011 1784 σχημάτων
1031 1714 1223 1778 τύποις
1279 1716 1373 1769 καὶ
1396 1714 1590 1783 φωνῶν
1617 1715 1727 1769 ὰπ-

1842 622 2060 678 lirmant
2085 623 2369 695 imagines,
2401 630 2456 679 et
2478 620 2715 692 propriis
2743 619 2937 675 irretiti
2959 628 3210 674 tenemur
3235 619 3405 673 ratio-
3430 691 3435 700 '

1838 716 2019 771 ciniis.
2080 715 2352 782 Secundo,
2407 713 2698 770 dicendum
2754 710 2901 782 quod
2949 711 3079 765 dum
3120 710 3226 766 ista
3272 724 3405 780 pro-

1839 807 2039 873 ferunt,
2078 808 2229 862 inviti
2261 822 2320 863 se
2351 808 2404 861 in
2431 806 2675 862 ordinem
2714 820 3050 876 paganorum
3073 806 3400 861 inscribunt.

1838 899 1914 954 Ex
1948 914 2104 968 aequo
2150 902 2294 954 enim
2348 898 2474 953 licet
2535 912 2599 953 ea
2642 912 2765 967 qua:
2820 906 3011 951 contra
3058 896 3401 951 venerandas

1838 990 2106 1061 imagines
2139 990 2458 1054 afferuntur,
2512 1000 2567 1045 et
2615 997 2805 1044 contra
2834 989 3041 1057 reliqua
3065 996 3252 1043 nostra
3278 1002 3403 1056 my-

1838 1082 2005 1137 steria
2032 1096 2248 1153 urgere.
2302 1078 2458 1145 Nam,
2495 1094 2700 1150 qum,
2740 1093 2876 1149 quas
2907 1079 2983 1133 illi
3012 1087 3196 1147 partes
3219 1075 3400 1130 Evan-

1836 1172 1963 1244 gelii
1994 1172 2252 1228 divinitus
2284 1171 2576 1242 inspiratas
2628 1171 2826 1228 dicturi
2878 1170 3041 1227 sunt?
3096 1178 3193 1223 aut
3220 1170 3406 1237 potius

1837 1266 2115 1334 quodnam
2166 1266 2522 1337 Evangelium
2570 1265 2791 1320 nomine
2840 1261 3173 1333 suscipient?
3246 1259 3405 1315 Certe

1834 1355 2070 1414 diversis
2091 1356 2287 1413 formis
2314 1357 2569 1428 etflguris
2595 1357 2919 1418 litterarum,
2940 1353 3196 1407 Latinum
3224 1350 3402 1404 Evan-

1834 1448 2056 1517 gelium,
2085 1450 2206 1507 aliis
2240 1448 2518 1513 Indorum,
2565 1445 3003 1517 discrepantibus
3051 1442 3401 1503 llebraicum,

1837 1548 1895 1593 et
1921 1538 2100 1595 adhuc
2128 1539 2251 1594 aliis
2280 1538 2647 1609 Ethiopicum
2670 1546 2947 1593 exaratttr.
2972 1533 3157 1605 Neque
3187 1541 3402 1588 lanium

1832 1630 2138 1687 litterarum
2192 1630 2580 1687 diversimodis
2623 1628 2812 1699 figuris
2848 1636 2905 1684 et
2940 1624 3401 1683 delineationibus

1829 1723 2213 1779 describuntur
2235 1723 2361 1787 ista,
2384 1723 2483 1779 sed
2516 1724 2737 1793 insuper
2758 1722 2910 1778 sonis
2940 1729 2995 1776 et
3026 1716 3384 1788 signiﬁcatio-

164 1805 396 1877 ηχήσεσί
424 1822 485 1859 τε
507 1807 601 1861 καὶ
636 1806 931 1877 σημασίαις
950 1807 1415 1878 ἀναγγέλλοντας
1445 1808 1566 1863 Τῶν
1585 1808 1723 1880 ὑμε-

1837 1817 1999 1873 nibus
2046 1816 2198 1873 vocis
2220 1816 2379 1873 valde
2394 1816 2917 1887 discrepantibus,et
2935 1830 2967 1869 a
2994 1828 3054 1869 se
3074 1812 3377 1868 dissentien

166 1898 340 1968 τέρων
373 1897 481 1969 γὰρ
533 1897 936 1971 ένθυμημάτων
974 1902 1072 1955 καὶ
1124 1900 1287 1956 τοῦτο
1332 1901 1394 1956 τὸ
1441 1901 1730 1972 τόλμημ’

1838 1912 1986 1968 tibus
2011 1910 2387 1966 enuntiantur.
2432 1881 2702 1977 Quocirca
2750 1923 2857 1963 non
2904 1904 3140 1962 absurde
3170 1904 3401 1960 dixero:

167 1992 292 2046 οὐδὲ
316 1992 425 2062 γὰρ
446 1990 554 2044 οὐδ’
580 1990 783 2061 Ἕλλην
808 2010 890 2056 τις
912 1994 1043 2063 ἡμῖν
1074 1994 1203 2065 ῥᾷον
1234 1992 1304 2047 τὰ
1353 1992 1576 2048 τοιαῦτα
1604 2009 1740 2063 προ-

168 2084 418 2135 τείνειεν.
457 2080 637 2135 Πολλὰ
670 2083 780 2152 γὰρ
807 2082 901 2137 καὶ
931 2084 1061 2152 παρ’
1082 2082 1269 2146 αὐτοῖς
1289 2082 1400 2135 τῶν
1425 2082 1738 2152 σεθασμίων

171 2173 553 2244 παραπλήσια.
581 2175 692 2228 Καὶ
718 2172 908 2245 ῶσπερ
939 2174 1087 2227 ἐστὶν
1139 2175 1321 2237 αὐτοῖς
1369 2173 1531 2244 φύσις
1583 2173 1737 2246 κοινή

170 2264 309 2333 πρὸς
340 2264 505 2335 ἡμᾶς,
533 2266 626 2319 καὶ
659 2265 815 2333 νοῦς,
843 2266 937 2319 καὶ
987 2265 1165 2335 λόγος.
1220 2265 1315 2321 καὶ
1368 2265 1552 2337 ψυχῆς
1598 2265 1737 2336 πρὸς

174 2354 339 2424 σῶμα
369 2353 669 2425 σύγκρασις
696 2356 1051 2426 ὁμοιότροπος
1072 2357 1166 2412 καὶ
1191 2356 1360 2430 μυρία
1391 2357 1528 2412 ἄλλα
1545 2375 1562 2393 ο
1595 2356 1739 2411 οὕτω

171 2446 267 2499 καὶ
300 2450 428 2519 περὶ
458 2446 556 2518 τὴν
582 2447 676 2501 τοῦ
709 2448 866 2503 Θείου
899 2450 1175 2517 ὑπόνοιαν,
1203 2450 1305 2504 κᾶν
1327 2452 1440 2514 τοῖς
1468 2450 1739 2513 πλείστοις

170 2541 266 2590 καὶ
296 2540 652 2610 κυριωτάτοις
680 2541 983 2595 διίστανται
1004 2558 1019 2573 ⁶
1048 2542 1163 2596 ἀλλ’
1188 2538 1282 2595 οῦν
1303 2541 1451 2596 ιστιν
1477 2542 1628 2612 ὅμως
1655 2536 1740 2606 οἷς

168 2630 262 2684 διὰ
310 2630 408 2702 τὴν
453 2632 739 2703 ἐνάργειαν
783 2634 890 2687 τῶν
930 2632 1125 2687 κοινῶν
1175 2634 1415 2701 ἐννοιῶν,
1448 2634 1558 2688 οὐδ’
1585 2634 1740 2688 αὐτοὶ

169 2720 415 2791 τολμῶσι
476 2723 857 2792 διαμάχεσθαι.
911 2724 1119 2779 Οὐκοῦν
1151 2725 1261 2779 οὐδ’
1300 2724 1504 2797 Ἕλλην
1561 2727 1737 2795 ἀμφι-

172 2814 502 2883 σῦητήσειεν
553 2815 687 2883 ἡμῖν
716 2814 846 2885 περὶ
869 2813 1084 2878 τούτου.
1114 2815 1250 2870 ἀλλά
1272 2833 1357 2880 τις
1400 2816 1559 2877 ἄλλος
1601 2818 1740 2881 ὅλως

171 2902 334 2964 ἄθεος
359 2904 451 2956 καὶ⁵
479 2902 876 2972 ἁθρήσκιυτος,
937 2905 1077 2975 μήτε
1110 2905 1254 2960 θείου
1317 2906 1547 2973 ῐννοιαν,
1602 2909 1740 2978 μήτε

171 2990 430 3059 λατρείαν
473 2992 609 3054 ὅλως
652 2993 1114 3063 παραδεξάμενος.
1158 2994 1354 3065 Τρίτον
1403 2996 1482 3060 δὲ,
1516 2993 1738 3048 καὶτοῦ

169 3081 427 3153 δευτέρου
464 3082 743 3152 σύστοιχον
766 3123 782 3147 ,
837 3086 989 3137 ποῖον
1042 3086 1276 3156 σταυρὸν
1333 3084 1737 3156 προσερήσεσθε

170 3172 393 3236 πάντως
415 3172 508 3226 τοῦ
543 3174 903 3245 πρωτοτύπου
939 3174 1231 3246 νομιοῦμεν
1276 3176 1480 3245 ὅμοιον,
1508 3177 1565 3240 δς
1598 3177 1741 3247 μετὰ

168 3262 269 3316 τοῦ
331 3263 511 3317 τίτλου
542 3263 955 3333 σχηματίζεται,
984 3250 1023 3337 η’
1062 3266 1123 3329 ὃς
1155 3268 1285 3321 ἄνευ
1313 3267 1520 3322 ἑκείνου
1551 3268 1735 3322 διατυ-

169 3353 371 3406 ποῦται
427 3354 521 3408 καὶ
571 3350 1102 3424 διαγράφεταιςὮν
1158 3356 1267 3425 γὰρ
1321 3357 1450 3429 ἃνὴ
1479 3358 1735 3429 ὁμοιότης

168 3448 309 3515 ἡμῖν
346 3445 727 3517 ὁμολογηθείη,
762 3449 826 3501 ὲκ
867 3447 1057 3502 τούτου
1101 3448 1264 3519 (κατὰ
1313 3450 1410 3503 τὸν
1473 3451 1737 3520 ὑμέτερον

172 3539 341 3606 σοφὸν
371 3538 750 3609 συλλογισμὸν)
778 3541 811 3610 ἡ
837 3539 945 3593 τῶν
968 3541 1173 3595 >οιπιῖιν
1204 3541 1422 3613 ποίησις
1451 3544 1546 3597 καὶ
1569 3560 1738 3614 προσ-

171 3630 405 3700 κύνησις
458 3630 595 3701 (ἀλλ’
622 3630 750 3699 ὑμῖν
776 3648 841 3699 γε
863 3633 976 3696 τοῖς
996 3632 1224 3688 τοιαῦτα
1250 3634 1379 3706 περὶ
1402 3634 1738 3705 τηλικούτων

168 3719 467 3789 τολμῶσιν)
513 3720 995 3792 ἀπαρνηθήσεταιο
1061 3722 1094 3793 ἢ
1141 3725 1237 3778 καὶ
1284 3725 1385 3796 ἠδη
1413 3725 1734 3797 ἑξήρνηται.

169 3813 467 3883 Τέταρτον,
494 3812 592 3883 τὴν
619 3813 879 3885 διαφορὰν
899 3815 1031 3885 ἡμῖν
1062 3816 1158 3869 καὶ
1179 3815 1543 3887 ἀνομοιότητα
1558 3819 1656 3890 τὴν
1679 3821 1738 3873 έν

169 3905 298 3967 ταῖς
329 3905 615 3972 μυστικαῖς
640 3903 873 3969 θυσίαις,
900 3906 996 3959 καὶ
1022 3908 1141 3970 ταῖς
1167 3906 1356 3971 ἄλλαις
1378 3909 1732 3979 ἱερουργίαις,

171 3996 254 4057 είς
308 3994 559 4068 διαϐολὴν
616 3996 836 4067 ἀπάσης
914 3998 1007 4051 καὶ
1063 4000 1372 4071 ἀνατροπὴν
1423 4004 1520 4072 τῆς
1580 4002 1739 4075 ἡμῶν

170 4086 445 4157 ἀχράντου
477 4086 699 4156 τελετῆς
728 4090 821 4141 καὶ
844 4088 1099 4158 λατρείας
1129 4091 1517 4162 προκομιεῖσθε
1536 4110 1552 4125 ο
1580 4093 1639 4160 ἒξ
1663 4088 1739 4148 ὧν

171 4180 287 4247 γὰρ
321 4176 460 4231 κατὰ
475 4178 571 4247 τῆς
594 4176 836 4247 Χριστοῦ
857 4178 1068 4243 είκόνος
1095 4181 1338 4252 πονηρὰν
1366 4182 1597 4253 μελέτην
1620 4186 1739 4247 ταῖς

171 4270 204 4321 ὑ
212 4268 334 4339 μῶν
355 4268 610 4332 διανοίαις
634 4268 1019 4339 έμελετήσατε,
1038 4270 1219 4324 πᾶσαν
1236 4272 1337 4344 τὴν
1353 4272 1461 4325 τῶν
1480 4273 1739 4344 Χριστια-

170 4359 283 4414 νῶν
318 4361 469 4433 ίερὰν
507 4360 751 4430 τελετὴν,
783 4361 879 4414 καὶ
906 4362 976 4416 τὰ
1000 4361 1118 4416 θεῖα
1149 4364 1423 4435 μυστήρια
1439 4365 1503 4418 lx
1525 4364 1738 4437 βάθρων

170 4451 358 4506 αὐτῶν
394 4450 693 4522 ἠλέγχθητε
742 4453 1142 4516 κατασείοντες.
1198 4455 1451 4524 Πέμπτον
1486 4455 1679 4525 ῥητέον
1709 4455 1739 4509 δ

1843 2003 1958 2059 Cur
1988 2018 2099 2058 non
2140 2001 2437 2065 afﬁrmatis,
2462 2000 2606 2071 quod
2644 1998 2853 2056 nullum
2899 1998 3188 2054 admittere
3224 1995 3409 2050 Evan-

1840 2097 2062 2167 gelium,
2092 2103 2189 2150 aut
2210 2094 2682 2161 illiobtemperare
2708 2098 2973 2161 oporteat,
2997 2104 3064 2144 eo
3085 2088 3231 2158 quod
3248 2085 3411 2143 dissi-

1839 2186 2082 2242 millimis
2138 2185 2434 2257 figurarum
2490 2181 2724 2251 formis,
2772 2196 3030 2237 sonorum
3070 2178 3296 2233 vocibus
3352 2184 3411 2231 et

1838 2274 2329 2347 signiﬁcationibus
2375 2257 2772 2343 publicantur?
2820 2265 2979 2325 Certe
3015 2266 3213 2324 vestris
3237 2267 3409 2320 ratio-

1839 2367 2206 2423 cinationibus
2243 2366 2495 2438 congruit
2533 2366 2635 2421 hoc
2681 2362 2913 2419 facinus.
2973 2361 3211 2417 Omnino
3245 2358 3407 2416 nobis

1838 2478 2082 2534 paganus
2107 2461 2377 2534 quispiam
2395 2460 2551 2515 facile
2580 2460 2707 2515 talia
2732 2458 3013 2525 obiiceret.
3069 2453 3208 2510 Sunt
3255 2453 3406 2509 enim

1838 2552 1981 2623 apud
2011 2567 2107 2608 eos
2162 2555 2345 2607 multae
2386 2548 2697 2620 huiusmodi
2746 2544 3116 2602 venerationis
3164 2543 3403 2613 species.

1839 2644 1907 2700 Et
1956 2644 2410 2717 quemadmodum
2485 2643 2563 2698 illi
2621 2652 2870 2697 naturam
2922 2639 3208 2694 nobiscum
3252 2650 3409 2691 com-

1839 2754 2057 2795 munem
2083 2738 2303 2803 habent,
2323 2746 2578 2798 mentem,
2609 2734 2872 2789 rationem
2905 2731 3175 2792 eamdem,
3208 2730 3408 2783 anima:

1842 2828 1910 2884 ad
1948 2841 2148 2897 c0rpus
2196 2825 2479 2898 syncrasin
2530 2822 2814 2893 aequalem,
2869 2828 2922 2874 et
2979 2826 3233 2874 sescenta
3262 2817 3403 2872 alia:

1840 2920 1916 2975 ita
1932 2928 2199 2991 quantum
2228 2917 2419 2972 attinet
2445 2916 2510 2970 ad
2553 2915 2796 2970 rationes
2818 2912 2886 2967 de
2915 2910 3045 2977 Deo,
3082 2910 3134 2962 in
3156 2908 3406 2979 plurimis

1838 3020 1892 3066 et
1918 3008 2206 3080 praecipuis
2240 3006 2569 3063 dissentiunt
2630 3024 2644 3058 :
2709 3009 2794 3057 est
2824 3011 3002 3056 tamen
3036 2999 3151 3061 ubi,
3188 3006 3407 3067 propter

1839 3102 2210 3160 communium
2232 3098 2621 3170 principiorum
2649 3092 2989 3149 manifestam
3008 3090 3404 3159 operationem,

1764 3224 1809 3286 Ο
1841 3212 1948 3251 non
1973 3196 2172 3250 audent
2218 3208 2249 3247 a
2282 3191 2437 3246 nobis
2462 3189 2767 3246 dissentire.
2800 3185 3069 3253 Quocirca
3238 3197 3405 3253 paga-

1843 3301 1947 3342 nus
1978 3285 2259 3341 nobiscum
2291 3284 2357 3338 de
2391 3283 2510 3337 istis
2568 3287 2991 3343 contestaretur,
3046 3276 3141 3330 sed
3168 3275 3255 3330 ille
3281 3285 3405 3329 tau-

1845 3388 1959 3432 tum
1990 3379 2083 3448 qui
2136 3377 2293 3447 plane
2335 3375 2549 3435 atheus.
2578 3372 2703 3437 sine
2749 3370 2861 3425 ullo
2904 3369 3183 3436 religionis
3216 3367 3403 3421 cultu:

1842 3467 1937 3537 qui
1970 3483 2145 3537 neque
2164 3464 2413 3521 Numinis
2441 3462 2867 3525 venerationem,
2902 3476 2968 3515 ne
2998 3460 3215 3529 quidem
3252 3460 3407 3528 cogi-

1845 3561 2100 3616 tationem
2139 3560 2301 3613 ullam
2334 3557 2601 3613 admittet.
2655 3554 2835 3610 Tertia
2882 3554 3115 3623 oltjcctio
3152 3554 3408 3609 secunda:

1845 3652 2037 3707 similis
2081 3658 2165 3706 est
2198 3647 2528 3718 :Ecqualem
2568 3662 2782 3702 crucem
2828 3646 3077 3701 statuetis
3122 3653 3409 3715 prototypo

1843 3742 2066 3797 omnino
2087 3741 2343 3806 similem,
2374 3755 2442 3794 an
2478 3739 2758 3807 illamqure
2788 3752 2911 3791 cum
2933 3736 3090 3791 titulo
3111 3735 3403 3805 eﬂigiatur,

1845 3834 2133 3904 autpotius
2168 3848 2287 3903 quae
2326 3832 2442 3886 sine
2479 3830 2572 3884 illo
2600 3829 2902 3883 delineatur
2953 3836 3007 3883 et
3044 3827 3409 3883 ell‘ortnntur?

1843 3923 2014 3994 Cujus
2040 3924 2183 3979 enim
2224 3937 2439 3993 cunque
2468 3920 2874 3977 similitudinem
2907 3917 3263 3982 confitemini,
3311 3932 3409 3986 per

1845 4013 1990 4068 illam
2032 4011 2147 4083 (qui
2190 4020 2365 4067 vester
2407 4020 2492 4066 est
2536 4009 2791 4079 praclare
2838 4016 3126 4062 contextus
3182 4005 3409 4077 syllogi-

1844 4108 2017 4178 smus)
2040 4107 2269 4162 aliarum
2303 4103 2618 4160 fabrefactio
2647 4112 2700 4159 et
2729 4102 3025 4165 veneratin,
3051 4117 3147 4172 per
3173 4115 3293 4161 vos.
3312 4103 3408 4171 qtti

1844 4198 1959 4254 haec
1982 4198 2107 4253 talia
2136 4196 2346 4253 audetis
2370 4195 2657 4261 afﬁrmare,
2694 4194 2917 4249 omnino
2951 4194 3258 4263 negabitur,
3314 4203 3411 4248 aut

1844 4290 2027 4360 potius
2055 4289 2165 4359 jam
2194 4295 2439 4356 negatur.
2490 4287 2697 4353 Quarto
2724 4285 2843 4339 loco
2869 4284 3232 4340 differentiam
3259 4286 3407 4340 illam

1843 4389 1899 4435 et
1924 4378 2421 4435 dissimilitudinem
2448 4392 2583 4446 quas
2611 4376 2665 4429 in
2698 4375 2940 4444 mysticis
2968 4374 3217 4432 videmus
3240 4376 3411 4430 sacri-

1845 4471 1984 4527 ficiis
2014 4478 2069 4525 et
2111 4470 2229 4525 aliis
2259 4468 2592 4539 quibuslibet
2622 4465 2825 4520 sanctis
2854 4464 3065 4529 olliciis,
3120 4467 3170 4520 in
3228 4481 3411 4535 repre-

169 4546 270 4598 καὶ
297 4545 415 4598 λίαν
439 4544 619 4598 αὐτῶν
646 4545 951 4615 στηλιτεύει
971 4546 1034 4599 τὸ
1075 4545 1330 4608 δυσσεϐὲς
1360 4548 1455 4600 καὶ
1485 4548 1735 4618 μισόχρι-

1844 4562 2162 4619 hensionem
2210 4570 2264 4617 et
2327 4559 2735 4615 subversionem
2802 4559 2967 4611 totius
3042 4558 3409 4613 immaculata!

171 4652 324 4689 στον·
344 4636 409 4689 Τί
440 4636 550 4706 γὰρ
580 4636 675 4689 ἐπὶ
696 4637 795 4706 τῆς
813 4636 1019 4699 εἰκόνος
1037 4636 1281 4700 ῖστασθε,
1306 4637 1543 4702 καὶτοὺς
1563 4638 1737 4693 τοιοῦ-

169 4745 304 4791 τους
355 4728 666 4798 φληνάφους
711 4729 1018 4783 ἀνελίσσετε
1041 4770 1057 4795 ,
1089 4728 1207 4783 δέον
1256 4730 1393 4799 πρὸς
1445 4730 1608 4784 αὐτὸν
1647 4730 1739 4783 τὸν

169 4819 595 4889 εἰκονιζόμενον,
623 4819 652 4872 ὃ
679 4818 976 4889 κρύπτουσι
1002 4821 1162 4884 τέως,
1186 4820 1591 4888 ἀποδύσασθαις
1622 4822 1739 4875 ἰνα

166 4910 221 4963 τί
263 4908 376 4978 γὰρ
411 4908 439 4962 δ
469 4910 589 4972 ταῖς
619 4909 875 4973 διανοίαις
900 4909 1053 4979 ὑμῶν
1084 4910 1323 4976 ὠδίνετε,
1355 4910 1445 4965 τδν
1471 4912 1736 4967 ἄσπονδον

170 4998 320 5053 κατὰ
342 4997 575 5069 Χριστοῦ
606 4997 864 5069 πόλεμον,
896 4998 1083 5052 τοῦτον
1115 4999 1190 5071 μὴ
1234 5002 1330 5052 καὶ
1374 5002 1486 5064 τοῖς
1536 5002 1739 5071 χείλεσι

170 5089 269 5143 καὶ
319 5087 511 5159 γυμνῷ
555 5087 635 5158 τῷ
685 5089 980 5160 προσώπῳ,
1036 5089 1150 5143 ἀλλ’
1184 5091 1288 5144 ὑπὸ
1318 5092 1646 5162 προσωπείῳ
1670 5096 1735 5163 τῇ

170 5181 367 5246 εἰκόνι,
410 5180 821 5245 ἐπιδείκνυσθες
884 5181 1204 5249 Λεγέτωσαν
1256 5183 1395 5253 γὰρ,
1428 5183 1504 5247 ῶς
1551 5184 1739 5255 ἐπειδὴ

170 5273 436 5344 ’Έλληνες
476 5273 577 5342 μὲν
600 5274 782 5336 αὐτοῖς
797 5274 980 5342 ὅμοιον
997 5274 1089 5327 ἐπὶ
1107 5274 1209 5344 γῆς
1231 5277 1463 5345 φανῆναι
1490 5276 1581 5330 τὸν
1602 5277 1646 5329 Χ
1654 5293 1733 5348 9t.-

172 5368 300 5419 στὸν
332 5363 611 5434 νομίζουσι
628 5380 643 5392 ’
679 5364 939 5435 Ῥωμαῖοι
964 5365 1019 5419 δὲ
1046 5365 1245 5434 μᾶλλον
1262 5368 1474 5430 ἑαυτοῖς
1495 5369 1733 5423 ἐοικότα·

180 5458 338 5512 Ἰνδοὶ
363 5456 421 5509 δὲ
450 5456 610 5509 πάλιν
636 5460 816 5527 μορφῇ
853 5460 918 5527 τῇ
950 5456 1129 5511 αὐτῶν
1156 5500 1172 5523 ,
1214 5460 1308 5511 καὶ
1342 5458 1593 5522 Αἰθίοπες
1639 5461 1736 5529 δῆ-

168 5553 265 5606 λον
315 5550 391 5613 ὡς
436 5550 684 5611 ἑαυτοῖς·
723 5550 847 5604 ἐπεὶ
893 5551 1085 5615 ταῦτα,
1144 5552 1227 5611 τίς
1269 5553 1417 5605 ἐστιν
1470 5556 1497 5607 ὁ
1528 5554 1736 5625 ἀληθὴς

172 5643 433 5713 Χριστὸς,
461 5643 489 5693 ὁ
516 5640 665 5713 παρὰ
698 5642 806 5694 τίσι
832 5640 1207 5712 νομιζόμενος,
1236 5646 1334 5698 οῦκ
1363 5646 1471 5717 ἄρα
1502 5646 1581 5699 δεῖ
1601 5636 1732 5717 ὀμο-

171 5736 353 5801 λογεῖν
404 5733 524 5785 οὐδὲ
572 5733 846 5786 πιστεύειν
908 5735 1068 5803 σαρκὶ
1113 5737 1447 5807 ἐπιδημῆσαι
1471 5741 1561 5792 τὸν
1600 5742 1734 5810 Χρι-

175 5826 333 5890 στόν;
364 5825 527 5888 ὄντως
575 5825 681 5896 7'19
712 5828 891 5891 αὐτοῖς
916 5829 1028 5890 τοῖς
1077 5828 1279 5892 ἀθλίοις
1314 5830 1422 5883 οὐδ’
1452 5832 1729 5901 intamin-

1838 4653 2130 4709 oblationis
2163 4661 2361 4707 nostra
2391 4660 2446 4706 et
2474 4650 2643 4704 latriaa
2671 4650 3021 4718 praetendetis
3048 4669 3061 4705 :
3105 4668 3229 4705 nam
3266 4652 3411 4707 unde

1838 4746 2096 4799 adversus
2152 4742 2350 4797 Christi
2398 4741 2712 4810 imaginem,
2774 4740 2999 4806 impiam
3059 4741 3112 4794 in
3166 4741 3409 4795 animum

1836 4846 2075 4892 vestrum
2157 4833 2539 4903 cogitationem
2612 4830 3022 4895 subintulistis,
3096 4833 3407 4886 universam

1836 4925 2267 4982 Christianorum
2297 4932 2352 4978 et
2379 4930 2647 4979 sacratam
2688 4921 2990 4991 liturgiam,
3028 4924 3120 4977 sed
3148 4932 3202 4977 et
3228 4922 3411 4976 divina

1838 5029 2175 5087 quaecunque
2222 5018 2501 5084 mysteria,
2544 5013 2903 5067 fundamento
2934 5025 3092 5068 tenus
3117 5024 3413 5069 concutere

1837 5104 2254 5159 convincemini.
2334 5103 2591 5167 Quintam
2649 5100 3014 5170 adjiciamus,
3080 5118 3200 5172 qua:
3256 5104 3412 5157 valde

1837 5197 2076 5266 ipsorum
2096 5196 2447 5265 impietatem,
2477 5204 2531 5247 et
2552 5193 2604 5247 in
2632 5192 2914 5249 Christum
2935 5193 3121 5248 odium
3143 5198 3410 5263 propalat.

1837 5287 1972 5343 Nam
2001 5302 2263 5359 quorsum
2295 5284 2595 5341 consistitis
2630 5285 2683 5337 in
2725 5286 2986 5355 imagine,
3011 5295 3066 5340 et
3096 5287 3410 5340 istiusmodi

1837 5395 2008 5451 nugas
2030 5378 2416 5435 deblateratis?
2446 5385 2660 5447 oportet
2697 5380 2837 5433 utin
2881 5379 3057 5432 scient
3098 5379 3410 5448 procedatis

1834 5482 2024 5529 contra
2053 5487 2177 5526 eum
2212 5470 2305 5542 qui
2346 5470 2579 5537 imagine
2600 5480 3053 5540 repraaseutatur,
3084 5470 3176 5541 qui
3226 5479 3406 5523 tamen

1836 5565 2011 5620 adhuc
2038 5564 2234 5618 latetis.
2276 5562 2573 5629 Quorsum,
2608 5564 2755 5629 quod
2773 5562 2955 5617 tacitis
2983 5561 3407 5631 cogitationibus

1836 5655 1974 5711 bella
2012 5664 2198 5709 contra
2228 5652 2504 5708 Christum
2538 5655 2899 5719 mcditamini,
2930 5654 3059 5708 illud
3088 5669 3193 5707 non
3220 5654 3397 5715 labiis.

1834 5758 1889 5801 ct
1927 5746 2124 5800 nudata
2150 5744 2307 5811 facie,
2348 5745 2439 5800 sed
2469 5755 2685 5801 tantum
2727 5748 3023 5817 personati,
3075 5763 3170 5816 per
3203 5746 3393 5813 imagi.

1837 5847 1956 5889 ttcm
1990 5832 2260 5888 iudicilis?
2318 5833 2503 5888 Dicant
2548 5836 2713 5903 enim,
2744 5836 3182 5907 quandoquidem
3220 5835 3391 5891 Great
