4162 6442
753 408 853 472 951

1896 408 2159 470 ΡΠΟΤῘῙ
2188 410 2694 473 ΡΑΤΙΠΑΒΕΗΕ
2727 414 2837 478 CP.

755 526 1086 581 asseverant,
1139 517 1416 572 Christum
1487 517 1540 571 in
1579 516 1737 573 terris
1766 518 1870 572 sibi
1905 520 2140 575 similem
2167 536 2318 575 com-

2430 539 2530 576 rev.
2566 527 2632 577 ⁸0
2668 525 2776 594 γάρ
2796 527 2936 580 κατά
2967 527 3068 591 τῆς
3111 531 3319 594 είκόνος
3348 532 3819 601 ἑτωνηρεῦσαντο,
3843 535 3998 586 τοῦτο

754 609 1024 678 paruisse,
1051 606 1472 660 ﬂomaniautem
1490 605 1595 659 sibi
1619 607 1821 674 potius,
1841 605 1954 661 Indi
1985 607 2160 676 ligura
2187 623 2313 672 sua,

757 699 1040 767 £tliiopes
1069 712 1168 752 sua
1201 711 1219 752 :
1249 711 1374 751 cum
1404 696 1522 752 haec
1556 696 1630 750 ita
1662 696 1929 761 dicantur,
1960 713 2070 752 non
2102 708 2318 753 constat

753 794 876 860 quis
909 805 1008 860 pro
1052 805 1180 843 vero
1213 787 1450 852 Christo,
1491 804 1522 842 a
1553 790 1753 857 quibus
1773 790 2034 843 habeatur
2066 807 2082 852 ;
2113 791 2320 846 ideirco

754 899 863 936 non
887 891 1098 951 oportet
1115 879 1382 938 conﬁteri.
1440 894 1551 933 non
1585 880 1827 940 credere,
1873 882 2017 949 quod
2067 881 2320 936 Christus

755 974 806 1024 in
831 987 996 1027 carne
1014 982 1259 1026 versatus
1281 973 1352 1026 sit
1373 971 1396 1023 τ
1415 969 1575 1026 Certe
1596 971 1738 1041 apud
1760 971 2027 1026 infaustos
2045 972 2183 1028 istos
2209 989 2318 1028 non

753 1071 838 1117 est
871 1065 1096 1118 omnino
1127 1074 1392 1118 versatus.
1447 1062 1508 1117 ln
1542 1078 1653 1134 quo
1687 1064 1828 1118 enim
1861 1064 2096 1134 improbi
2127 1075 2315 1120 contra

755 1153 1045 1224 imaginem
1072 1155 1419 1218 exstiterunt,
1438 1154 1494 1208 in
1518 1155 1621 1208 boc
1647 1157 1764 1222 ipso
1796 1155 1947 1223 prius
1968 1165 2157 1210 contra
2186 1157 2324 1210 ima-

755 1248 1001 1314 ginstum
1034 1246 1360 1302 insolentius
1386 1247 1599 1315 opinati
1630 1247 2132 1317 deprehenduntur.
2182 1246 2318 1301 Nam

755 1355 787 1393 a
832 1340 1198 1408 discrepantia
1251 1340 1572 1407 npinionum
1616 1340 1970 1403 concludunt,
2017 1340 2316 1395 tollendum

755 1445 984 1500 prorsus
1001 1445 1125 1484 eum
1157 1429 1250 1498 qui
1288 1429 1639 1500 opinionibus
1687 1431 1948 1498 subjaeet.
2003 1429 2165 1484 Vides
2197 1433 2322 1500 quis

757 1520 972 1574 illorum
1007 1533 1206 1588 scopus
1236 1519 1420 1583 fuerit,
1454 1529 1508 1574 et
1557 1533 1822 1589 quorsum
1843 1531 2048 1590 spectet
2080 1521 2319 1589 ipsorum

756 1619 946 1665 contra
973 1611 1262 1678 imaginem
1284 1609 1802 1665 machinamentum.
1855 1609 1956 1666 Sed
1994 1611 2221 1667 ulterius
2252 1611 2319 1666 ad

754 1716 819 1753 ea
859 1716 982 1769 qua
1010 1700 1156 1754 dicta
1186 1707 1335 1762 sunt,
1376 1699 1740 1766 adjiciendum
1765 1700 1896 1756 illud
1919 1702 2164 1770 quidem,
2213 1719 2321 1757 non

758 1792 864 1848 illis
905 1792 1054 1861 (sunt
1077 1792 1221 1846 enim
1253 1779 1506 1862 indigni).
1547 1793 1642 1847 sed
1670 1793 1917 1848 lidelibus
1949 1804 2003 1848 et
2035 1794 2316 1850 Christum

757 1883 1091 1938 amantibus.
1135 1881 1693 1953 DissimilitudO‘quz
1732 1885 1974 1939 cernitur
2018 1886 2162 1939 inter
2185 1886 2319 1939 ima-

758 1975 933 2045 gines.
971 1989 1080 2029 non
1112 1985 1340 2029 evacuat
1384 1990 1606 2044 prorsus
1635 1976 1888 2047 imaginis
1933 1985 2187 2032 naturam
2225 1987 2326 2034 aut

2422 614 2556 667 πολὺ
2583 616 2851 686 πρότερον
2873 620 3012 673 κατά
3044 620 3141 672 τοῦ
3183 622 3586 691 είκονιζομένου
3639 622 3998 691 πεφώρανται

2420 706 2813 774 φρυαξάμενοι,
2859 708 2969 762 ἀπὸ
3019 709 3120 778 τῆς
3157 711 3269 763 τῶν
3320 714 3663 780 νομισάντων
3712 713 3996 780 διαφοράς.

2420 799 2704 868 ἀναίρεσιν
2749 801 2993 871 παντελῆ
3066 801 3160 854 τοῦ
3212 803 3558 869 νομισθέντος
3600 804 3997 871 ψηφισάμενοι.

2431 890 2598 961 Ὁρᾷς
2645 886 2757 956 oio;
2804 893 2984 946 αὐτῶν
3010 895 3039 946 ό
3062 894 3265 955 σκοπὸς
3288 933 3304 957 ,
3337 895 3431 946 καὶ
3474 896 3554 956 εἰς
3586 889 3700 947 οἷον
3729 896 3921 954 αὐτοῖς
3947 895 4001 943 τὸ

2421 985 2561 1034 κατά
2617 983 2719 1051 τῆς
2771 984 2978 1045 εἰκόνος
3028 985 3304 1037 ἀπέϐλεπε
3360 985 3663 1053 τέχνασμα.
3727 986 3879 1037 Ἀλλ’
3917 987 4000 1037 ἐπὶ

2421 1077 2533 1136 τοῖς
2573 1075 2904 1143 εἰρημένοις,
2963 1077 3141 1128 έκεῖνο
3177 1076 3392 1145 ῥητέον,
3435 1077 3534 1128 οὐκ
3577 1077 3818 1138 έκείνοις
3853 1074 3999 1145 (avd-

2423 1165 2524 1230 ξιοι
2575 1167 2684 1236 γὰρ
2703 1168 2744 1232 ),
2779 1167 2916 1220 ἀλλά
2948 1183 3012 1234 γε
3061 1171 3173 1229 τοῖς
3218 1169 3430 1229 πιστοῖς
3488 1169 3580 1220 καὶ
3611 1168 3997 1236 φιλοχρίστοις,

2420 1255 2612 1325 ὅτιπερ
2631 1257 2692 1308 οὐ
2719 1257 2939 1321 πάντως
2997 1257 3321 1327 λυμαίνεται
3358 1258 3467 1310 τῶν
3514 1261 3925 1328 εἰκονισμάτυν
3949 1261 4002 1311 τὸ

2422 1347 2675 1415 ἀνόμοιον
2702 1348 2802 1417 τὴν
2831 1351 2932 1418 τῆς
2962 1349 3168 1411 είκόνος
3202 1348 3364 1416 φύσιν
3419 1349 3514 1402 καὶ
3561 1349 3662 1419 τὴν
3719 1349 3999 1418 ἀλήθειαν.

2423 1437 2498 1488 Οὐ
2531 1437 2640 1506 γάρ
2671 1438 2818 1506 μόνῳ
2868 1439 3110 1508 σχήματι
3141 1438 3394 1507 σώματος
3443 1440 3536 1490 καὶ
3563 1440 3786 1509 μορφῆς
3811 1442 4004 1493 stravi-

2424 1528 2574 1591 ζεται
2608 1529 2860 1599 χρώματι
2901 1529 2963 1582 τὸ
2993 1529 3422 1600 είκονιζόμενον,
3452 1529 3587 1583 ἀλλά
3609 1534 3707 1584 καὶ
3733 1534 3876 1602 ποιᾷ
3895 1532 4002 1585 δια-

2423 1619 2594 1680 θέσει,
2622 1621 2716 1672 καὶ
2751 1621 3112 1692 παρεπομένῃ
3145 1622 3366 1689 πράξει,
3389 1623 3484 1675 καὶ
3523 1623 3716 1676 παθῶν
3745 1626 4004 1692 ἔμφάσει,

2424 1712 2519 1762 καὶ
2551 1711 2731 1763 τόπων
2763 1711 2924 1782 ίερῶν
2947 1711 3222 1776 ἀναθέσει,
3277 1713 3376 1766 καὶ
3413 1714 3871 1783 έπιγραμμάων
3919 1717 4003 1780 έρ-

2430 1805 2646 1873 μηνείᾳ,
2678 1805 2775 1856 καὶ
2813 1805 3105 1873 συμϐόλοις
3162 1805 3464 1875 ἐξαιρέτοις
3500 1807 3708 1871 ἀλλοις,
3736 1801 3821 1860 ὧν
3850 1807 4008 1876 μηδὲν

2421 1898 2696 1964 παρεῖναι,
2734 1895 2768 1965 ἢ
2796 1898 2872 1967 μὴ
2910 1897 2976 1949 τά
3016 1897 3240 1950 πλείονα
3289 1901 3407 1960 ταῖς
3454 1900 3604 1969 παρά
3631 1899 3746 1951 τῶν
3801 1900 4008 1950 πιστῶν

2420 1988 2624 2041 είκόσιν
2681 1989 2970 2050 παντελῶς
3031 1989 3315 2043 ἀδύνατον.
3349 1992 3428 2042 Δι’
3449 1983 3544 2054 ὧν,
3578 1990 3738 2042 obob
3759 1990 4007 2050 ἔλαττον,

758 2065 1060 2121 veritatem.
1111 2064 1230 2119 Non
1264 2065 1410 2120 enim
1456 2075 1665 2122 tantum
1699 2083 1794 2136 per
1821 2069 2070 2138 corporis
2095 2069 2322 2140 ﬁguram

2430 2080 2456 2148 ἢ
2493 2080 2588 2132 καὶ
2615 2079 2794 2132 πάντα
2823 2082 3052 2150 προσῆν,
3091 2083 3173 2143 είς
3215 2081 3426 2133 ἔννοιαν
3475 2082 3571 2133 καὶ
3600 2083 3773 2149 τιμὴν
3807 2079 3908 2132 τοῦ
3940 2082 4008 2132 εί-

758 2167 811 2212 et
843 2157 1084 2211 habitum
1119 2157 1397 2212 coloribus
1428 2159 1756 2227 exprimitur
1811 2161 2188 2227 imaginatum,
2229 2161 2324 2216 sed

2430 2170 2784 2234 κονισθέντος,
2837 2171 2975 2241 ὅπερ
3028 2171 3146 2224 ἑστι
3191 2174 3292 2241 τῆς
3340 2173 3724 2241 είκονουργίας
3783 2173 4007 2232 σκοπὸς.

759 2249 997 2318 quadam
1036 2247 1124 2304 sui
1151 2249 1528 2318 dispositione,
1587 2252 1905 2318 congruenti
1950 2251 2132 2320 aliqua
2160 2253 2330 2306 actio.

764 2356 854 2408 ne,
882 2342 1198 2412 passionum
1231 2344 1502 2412 emphasi,
1536 2353 1589 2398 et
1618 2345 1670 2398 in
1713 2345 1847 2400 locis
1875 2349 2076 2402 sanctis
2109 2347 2327 2402 dedica-

2430 2261 2768 2330 ἀναγόμεθα.
2812 2263 2972 2314 ’Λλλά
3024 2261 3199 2314 ταῦτα
3260 2265 3359 2332 μὲν
3411 2263 3890 2331 κατ’έπιδρομὴν,
3924 2265 4010 2314 καὶ

2427 2349 2502 2412 ὼς
2533 2351 2591 2401 ἐν
2621 2352 3111 2422 ἑπιστολῆςτύπῳ.
3155 2353 3222 2406 ’ῐί
3269 2353 3329 2405 δὲ
3376 2354 3475 2422 τῆς
3530 2354 3802 2424 ἐργασίας
3859 2355 4010 2421 ἀχρὶ·

761 2433 930 2498 tione,
961 2434 1373 2504 inscriptionum
1399 2437 1760 2504 expositione,
1793 2438 2323 2508 etaliisqnibusdam

2430 2441 2562 2502 δεια,
2593 2440 2727 2494 Θεοῦ
2753 2441 3042 2506 διδοῦντος,
3084 2446 3164 2507 είς
3213 2444 3311 2515 τὴν
3360 2444 3568 2496 οἰκείαν
3610 2443 3886 2498 ὑπόθεσιν
3923 2447 4012 2497 ἀν-

761 2523 1150 2594 iusignioribus
1177 2526 1460 2596 symbolis,
1521 2543 1645 2596 qua
1696 2529 1780 2580 vel
1817 2543 1922 2582 non
1953 2528 2196 2591 omnino,
2225 2539 2321 2584 aut
2418 2533 2738 2603 αχθήσεται.

760 2615 952 2670 saltem
990 2630 1096 2670 non
1131 2630 1163 2670 e
1198 2617 1393 2684 majori
1419 2627 1593 2687 parte,
1650 2632 1681 2672 a
1713 2618 1951 2672 lidelium
1985 2619 2314 2688 imaginibus
2353 2625 2544 2678 abesse
2611 2625 2810 2680 debent
2839 2642 2852 2677 :
2883 2640 2978 2694 per
3000 2640 3141 2694 qua),
3175 2641 3282 2680 non
3311 2627 3493 2680 minus
3514 2641 3683 2696 quam
3750 2626 3799 2681 si
3828 2631 4010 2680 omnia

758 2708 1034 2772 adessent,
1087 2707 1140 2762 in
1172 2710 1490 2764 memoriam
1517 2719 1571 2764 et
1607 2712 1864 2764 honorem
1900 2711 2177 2780 imaginati
2212 2711 2322 2782 (qui
2364 2715 2486 2768 linis
2516 2728 2598 2770 est
2627 2715 2892 2786 imagines
2927 2715 3338 2786 fabrefacieudi)
3405 2717 3766 2773 deducemnr.
3838 2721 4014 2782 Atque

759 2800 878 2854 hac
936 2800 1231 2863 succincte,
1277 2810 1332 2856 et
1371 2801 1425 2855 in
1469 2801 1752 2870 epistolari
1814 2800 2012 2856 forma.
2072 2799 2324 2857 Esactior
2363 2815 2542 2858 autem
2577 2808 2825 2875 operatio
2873 2822 2998 2861 cum
3032 2808 3176 2862 bono
3208 2806 3343 2868 Deo.
3395 2808 3449 2863 in
3514 2810 3802 2879 proprium
3883 2812 4014 2863 sub'

755 2895 964 2966 jectum
995 2895 1314 2951 deducetur.

760 3007 1254 3074 QUA‘ISTIOCCVI
1303 3007 1487 3080 [CoisL
1510 3008 1810 3070 CCXXXV,
1835 3009 1996 3063 Tuur.
2018 3007 2326 3081 CCXXVI].

759 3100 871 3155 Cur
897 3103 1085 3156 Imbro
1115 3112 1164 3156 et
1195 3102 1458 3155 somnium
1499 3111 1545 3154 et
1577 3100 1750 3167 fumus
1783 3111 1831 3153 et
1866 3105 2069 3155 uanitas
2097 3103 2328 3169 appella.

1288 3181 1375 3224 tur
1414 3172 1524 3224 vita
1558 3172 1788 3224 humana
1811 3175 1836 3226 .’

2960 3011 3293 3065 sperari:
3340 3013 3474 3078 επ».

2429 3099 2531 3153 Διὰ
2569 3101 2624 3153 τί
2648 3100 2811 3161 σκιὰ,
2845 3102 2942 3154 καί
2973 3102 3120 3166 ὄναρ
3148 3104 3245 3154 καὶ
3281 3103 3512 3166 καπνὸς
3556 3102 3650 3155 καί
3677 3104 4013 3169 ιιαταιότης

2709 3173 2741 3223 ό
2770 3170 3141 3238 ἀνθρώπινος
3175 3172 3317 3238 βίος
3346 3171 3686 3242 orandam:
3702 3190 3722 3238 ;

911 3326 1054 3380 Edita
1078 3341 1106 3376 a
1129 3326 1426 3378 Montacntio
1457 3327 1563 3388 (ep.
1584 3326 1648 3375 ’12
1671 3325 1729 3374 ad
1754 3325 1899 3389 Serg.
1925 3339 1974 3388 p.
2003 3326 2108 3382 121,
2136 3325 2263 3382 122).
2289 3350 2352 3360 —
2380 3322 2455 3372 De
2481 3327 2592 3373 vita
2616 3326 2838 3373 humana
2865 3324 3013 3374 variis
3048 3326 3100 3374 in
3134 3324 3288 3372 sacris
3317 3323 3521 3373 Litteris
3545 3323 3855 3372 nominibus.

829 3409 950 3466 Non
982 3414 1262 3465 rhetorum
1325 3425 1478 3465 more
1537 3421 1728 3464 contra
1763 3411 2322 3479 contemptibilitatem

2499 3412 2572 3462 Οὐ
2623 3407 3142 3480 καταρητορεύουσα
3188 3409 3286 3478 τῆς
3335 3410 3607 3478 ἡμετέρας
3645 3409 3930 3469 εὐτελείας
3980 3412 4011 3477 ἡ

761 3515 1005 3560 nostram
1043 3503 1345 3558 declamant
1371 3515 1540 3557 sacrae
1569 3501 1802 3568 Littera),
1825 3518 1943 3571 qua:
1981 3504 2252 3568 umbram,
2275 3513 2328 3557 ct

761 3613 1038 3661 somnum,
1071 3606 1126 3650 et
1160 3595 1391 3658 fumum,
1425 3604 1480 3650 et
1510 3595 1823 3659 vanitatem,
1865 3605 1916 3650 et
1945 3595 2214 3650 similibus
2258 3597 2327 3649 ti-

763 3689 894 3743 tulis
922 3688 1088 3741 vitam
1117 3687 1407 3740 humanam
1435 3686 1849 3756 insigniverunt.
1891 3686 2011 3752 Quo
2039 3687 2181 3740 enim
2211 3688 2329 3741 loco

764 3779 1050 3833 habiturus
1076 3792 1135 3833 es
1171 3777 1432 3847 puerilem
1459 3776 1779 3831 aetatulam?
1817 3774 2021 3846 Ecquid
2065 3792 2126 3830 ea
2159 3777 2329 3846 magis

764 3883 989 3932 vanum,
1025 3867 1204 3932 inane,
1235 3875 1290 3920 et
1324 3867 1705 3921 insensatum?
1736 3867 1847 3920 imo
1877 3877 1930 3920 et
1983 3867 2327 3935 juventutetn

765 3959 962 4030 ipsam,
1003 3975 1123 4028 qua:
1150 3957 1250 4013 ﬂos
1277 3958 1498 4028 quidam
1532 3967 1744 4012 naturae
1780 3956 1996 4013 videtur
2031 3972 2176 4020 esse,
2235 3957 2328 4011 sed

765 4049 952 4104 multis
973 4049 1210 4104 abundat
1242 4049 1654 4117 tempestatibus
1685 4064 1702 4114 ;
1731 4047 1824 4104 sed
1851 4048 2096 4102 levitates
2124 4047 2328 4107 multm,

763 4140 1030 4194 vanitates
1043 4148 1096 4193 et
1111 4139 1472 4193 inconstantia
1490 4139 1540 4191 in
1554 4138 1738 4192 eadem
1751 4147 1907 4193 sunt:
1928 4137 2019 4193 sed
2037 4138 2188 4191 ocius
2201 4152 2330 4206 quo-

766 4230 848 4281 vis
871 4227 1139 4282 insomnio
1162 4226 1496 4297 prasterlluit,
1515 4227 1652 4281 nihil
1681 4237 1938 4296 prmterea
1963 4227 2109 4280 aliud
2133 4227 2321 4296 largita

763 4319 846 4372 vel
864 4319 1306 4382 subministratis,
1326 4335 1488 4390 quam
1508 4319 1653 4389 quod
1675 4319 1938 4374 tumultus
1966 4320 2251 4381 ﬂuctuum,
2275 4328 2327 4372 et

762 4410 1176 4464 exaestuationes
1193 4411 1504 4479 passionum
1519 4419 1706 4465 contra
1721 4411 1963 4465 animum
1979 4409 2325 4477 concitando,

764 4501 1000 4570 primum
1032 4501 1326 4572 inemptum
1359 4502 1427 4555 ad
1466 4504 1683 4558 virtutis
1729 4518 1953 4559 cursum
2019 4503 2328 4558 institutum

765 4592 1018 4649 ﬂuctibus
1055 4597 1430 4650 submerserit.
1471 4595 1543 4650 De
1568 4597 1746 4652 medio
1776 4597 1950 4652 aetatis
1979 4606 2168 4650 tenore
2197 4596 2328 4666 quid

763 4684 910 4740 aliud
948 4685 1255 4750 dicendum,
1287 4701 1448 4754 quam
1473 4686 1618 4756 quod
1655 4703 1684 4739 a
1720 4685 1854 4740 fumi
1897 4687 2077 4740 volatu
2135 4701 2325 4756 parum

2435 3501 2556 3554 θεία
2584 3501 2795 3574 Γραφῇ.
2825 3499 3013 3565 σκιάν,
3063 3502 3159 3553 καὶ
3185 3501 3339 3569 δναρ,
3387 3500 3480 3552 καὶ
3518 3503 3738 3561 καπνὸν,
3768 3500 3875 3553 καὶ
3910 3518 4014 3568 μα-

2433 3591 2712 3658 ταιότητα,
2765 3591 2860 3643 καὶ
2915 3589 3138 3642 τοιαῦτα
3180 3589 3317 3642 ἄλλα
3363 3589 3454 3642 τὸν
3503 3588 3841 3657 ἀνθρώπινον
3894 3589 4014 3656 βίον

2435 3683 2682 3751 ὠνόμασε
2721 3680 2806 3751 (τί
2850 3681 2959 3750 γὰρ
2996 3679 3062 3733 ἂν
3091 3681 3268 3741 εἴποις
3296 3680 3394 3749 τὴν
3426 3683 3484 3732 ἐν
3521 3681 3703 3732 παισὶν
3733 3679 3960 3749 ἠλικίαν
3997 3701 4010 3742 ;

2437 3775 2530 3828 καὶ
2559 3773 2610 3825 τί
2638 3772 2825 3825 τούτου
2850 3771 3258 3841 ματαιότερονῆ
3291 3769 3738 3840 ἀναισθητότερον
3756 3770 3832 3837 ;),
3870 3773 4012 3823 ἀλλὰ

2434 3867 2533 3936 τὴν
2554 3867 2799 3934 νεότητα·
2829 3864 2858 3917 ὃ
2878 3864 2972 3917 καὶ
3000 3863 3156 3924 ἄνθος
3182 3862 3380 3922 δόξειεν
3397 3863 3462 3915 ἂν
3485 3857 3625 3916 εἶναι
3641 3863 3735 3930 τῆς
3758 3862 4013 3930 φύσεως,

2436 3958 2568 4010 ἀλλά
2600 3958 2758 4026 γέμει
2802 3955 2970 4026 ζάλης
3007 3971 3020 3984 ⁶
3067 3954 3203 4008 ἀλλὰ
3256 3953 3390 4006 πολὺ
3437 3953 3500 4006 τδ
3529 3952 3724 4021 κοῦφον
3753 3954 3819 4006 ὲν
3869 3956 4013 4020 αὐτῇ

2437 4051 2530 4103 καὶ
2555 4049 2816 4102 ὑπόκενον
2850 4048 2942 4101 καὶ
2973 4046 3288 4115 εὺρίπιστον
3319 4063 3333 4075 ·
3383 4045 3522 4097 ἀλλά
3559 4045 3752 4106 παντὸς
3785 4044 4012 4114 ὀνείρου

2438 4141 2626 4193 θάττον
2659 4139 3008 4210 παρέρχεται,
3045 4138 3196 4190 οὐδὲν
3222 4137 3351 4190 ἄλλο
3375 4136 3712 4206 χαρισαμένη
3740 4137 3843 4188 καὶ
3874 4153 4016 4206 προ-

2440 4232 2727 4302 ξενήσασα.
2758 4232 2896 4302 πλὴν
2918 4231 2999 4285 ὃτι
3031 4229 3196 4283 πολὺν
3214 4230 3375 4282 σάλον
3407 4229 3505 4282 καὶ
3532 4227 3778 4281 κλύδωνα
3811 4227 4014 4280 παθῶν

2439 4326 2506 4394 τῇ
2549 4324 2693 4394 ψυχῇ
2759 4322 3162 4392 ἑπικυμήνασα,
3198 4319 3366 4388 αὐτὴν
3422 4319 3522 4388 τὴν
3566 4317 3782 4390 πρώτην
3824 4320 4016 4388 ὁρμὴν

2439 4415 2537 4484 τῆς
2565 4416 2648 4468 ἐπ’
2693 4413 2892 4484 ἀρετὴν
2932 4413 3232 4484 κινήσεως,
3275 4411 3423 4464 ἐστιν
3459 4403 3539 4473 οἷς
3576 4409 3832 4478 ἐποίησεν
3878 4412 4017 4462 ὑπο-

2438 4505 2677 4577 ϐρύχιον.
2722 4506 2786 4557 Τί
2827 4505 2885 4558 δὲ
2926 4508 2984 4557 τδ
3025 4505 3123 4574 τῆς
3153 4503 3367 4573 ἡλικίας
3417 4503 3704 4573 μεθόριον;
3738 4501 3883 4553 ἀλλά
3914 4502 4019 4554 καὶ

2435 4595 2592 4650 τοῦτο
2629 4595 2837 4649 καπνοῦ
2872 4597 3042 4666 φοράς
3083 4595 3236 4647 οὐδὲν
3273 4595 3610 4662 διενήνοχεν,
3638 4587 3736 4646 ὦδε
3771 4594 4016 4644 unius

2436 4689 2667 4752 διᾶττον,
2696 4686 2790 4740 καὶ
2823 4687 3078 4757 καθαρῶς
3096 4685 3330 4754 οὐδαμοῦ
3360 4684 3776 4754 καθιστάμενον.
3810 4683 3858 4734 Τ
3861 4683 3930 4750 ἧς
3953 4699 4017 4735 τε

762 4776 1035 4830 dissidet?
1069 4779 1175 4831 huc
1194 4778 1336 4831 enim
1372 4777 1497 4831 illuc
1527 4777 1830 4832 essiliendo
1855 4780 2103 4841 cursitat,
2169 4778 2324 4847 plane

2430 4779 2537 4848 γάρ
2591 4777 2727 4830 κατὰ
2756 4776 2853 4847 τὴν
2881 4776 3106 4846 νεότητα
3133 4775 3341 4846 κούφης
3390 4774 3487 4827 καὶ
3513 4775 3746 4827 ἀτάκτου
3773 4773 4013 4841 μετέχει

762 4873 945 4918 autem
978 4880 1247 4934 nusquam
1280 4866 1547 4920 consistit.
1578 4867 1856 4937 Particeps
1887 4870 2029 4920 enim
2065 4871 2329 4936 quodam-

762 4957 924 5009 modo
962 4966 1044 5010 est
1075 4957 1360 5011 levissima:
1389 4966 1442 5011 et
1475 4958 1794 5013 inordinata:
1843 4959 1987 5013 illius
2052 4959 2327 5023 motionis,

760 5065 883 5118 qua
909 5049 1135 5118 juvenili
1165 5051 1305 5103 aetati
1333 5050 1612 5114 convenit,
1643 5066 1744 5106 nec
1797 5051 1940 5106 enim
1975 5047 2210 5120 perlecte
2234 5066 2330 5104 ex-

763 5141 966 5209 pedivit
992 5141 1267 5196 hominem
1297 5143 1364 5194 ab
1395 5143 1501 5196 illis
1559 5143 1796 5198 tenebris
1861 5151 1915 5199 et
1974 5144 2319 5198 tumultibus.

762 5232 897 5286 Cum
923 5247 1050 5288 vero
1088 5235 1352 5288 senectuti
1393 5234 1571 5288 vicina
1604 5233 1790 5298 fuerit,
1818 5235 2096 5289 cineribus
2123 5235 2321 5289 exinde

761 5323 972 5392 ejectis,
1002 5323 1214 5378 occulte
1241 5332 1295 5377 et
1326 5325 1530 5378 sensim
1571 5325 1690 5380 sine
1719 5340 1882 5380 sensu
1916 5325 2277 5394 subimpletur
2302 5341 2316 5390 ;

764 5414 908 5468 unde
945 5414 1329 5469 deﬂorescendi
1382 5413 1760 5486 deﬂuendique
1793 5415 2118 5485 principium
2160 5417 2327 5470 sorti-

766 5517 856 5560 tur
882 5524 896 5561 :
929 5506 1140 5562 videtur
1169 5507 1386 5578 quidem
1416 5508 1678 5562 remotior
1708 5523 1830 5563 esse
1857 5523 1888 5562 a
1920 5507 2065 5562 malo
2123 5515 2178 5561 et
2230 5506 2326 5560 de--

766 5597 1044 5663 trimento,
1070 5596 1216 5666 quod
1246 5595 1313 5652 ab
1372 5596 1631 5654 extremis
1671 5597 1926 5669 utrinque
1972 5596 2200 5652 infertur
2237 5603 2329 5650 :et

2432 4887 2547 4933 πως
2577 4871 2657 4922 ἔτι
2692 4870 2979 4940 κινήσεως,
3017 4867 3170 4922 οῦπω
3197 4867 3419 4930 τελείως
3451 4867 3549 4936 τῆς
3573 4864 3774 4919 ικεῖθεν
3802 4865 4015 4933 ἀχλύος

2429 4967 2523 5017 καὶ
2564 4963 2806 5032 ταραχῆς
2863 4960 3180 5026 άπαλλάξαν
3225 4961 3318 5013 τὸν
3377 4958 3664 5028 ἄνθρωπον
3713 4973 3730 4989 ·
3772 4957 3884 5010 καὶ
3934 4957 4015 5026 τῷ

2427 5056 2564 5124 πρὸς
2604 5055 2666 5107 τὸ
2694 5053 2870 5123 γῆρας
2927 5053 3280 5122 γειτονήματι
3329 5050 3430 5118 τῆς
3460 5048 3521 5114 ἐξ
3553 5044 3715 5101 αὐτοῦ
3747 5047 4014 5117 αίθάλης,

2427 5147 2608 5216 ἡρέμα
2631 5163 2747 5207 πως
2777 5146 2873 5197 καὶ
2898 5142 3311 5213 ἀνεπαισθήτως
3345 5137 3865 5209 ὑποπιμπλάμενον,
3910 5157 4012 5192 κα-

2435 5240 2657 5308 ταῤῥεῖν
2714 5236 2892 5307 ἀρχὴν
2934 5235 3164 5306 παρέχει
3206 5233 3300 5286 καὶ
3333 5228 3802 5302 ὑπομαραίνεσθαι
3842 5246 3858 5261 ·
3920 5235 4016 5282 καὶ

2434 5329 2580 5382 δοκεῖ
2618 5328 2715 5397 μὲν
2759 5327 2857 5397 τῆς
2893 5328 2986 5397 ἀφ’
3013 5326 3272 5395 ἑκατέρου
3321 5324 3428 5376 τῶν
3477 5324 3659 5393 ἄκρων
3692 5319 3908 5392 βλάϐης
3949 5339 4014 5375 τε

2439 5419 2532 5470 καὶ
2560 5416 2754 5479 κακίας
2775 5417 3076 5484 ἀφεστάναι
3105 5431 3120 5446 ο
3167 5414 3320 5468 οὐδὲν
3339 5413 3394 5467 δὲ
3412 5407 3572 5485 ἦττον
3602 5412 3698 5482 τῆς
3722 5412 3778 5464 έν
3798 5413 4015 5481 ἀμφοῖν

2439 5507 2818 5576 θεωρουμένης
2871 5505 3170 5576 μοχθηρίας
3233 5502 3481 5573 μετέχον,
3539 5503 3620 5566 είς
3665 5502 3900 5568 καπνὸν,
3934 5503 4014 5565 ὡς

2437 5594 2671 5661 άληθῶς,
2702 5595 2800 5677 καὶ
2833 5595 2913 5659 είς
2944 5593 3120 5664 δναριί
3142 5591 3444 5646 διαλύεται’
3477 5591 3610 5646 αὐτὸ
3638 5591 3693 5645 δὲ
3731 5589 3792 5644 τὸ
3824 5588 4012 5662 γῆρας

2030 5710 2257 5766 VARUS
2301 5706 2706 5767 LECTIONES.

872 5805 897 5844 ⁴
929 5801 986 5856 τὸ
1022 5803 1217 5874 γῆρας.
