4162 6442
99 406 192 472 953

934 398 1033 457 AD
1052 392 1639 456 AMPHILOCHIUM
1671 386 2016 463 QUIESTIO
2050 386 2237 459 CCVI,
2268 387 2486 448 CCVII.

3222 394 3327 458 954

98 519 175 577 ei;
210 511 307 565 κᾶν
338 507 487 563 οὐδὲν
515 506 675 576 ἡμεῖς
717 502 972 573 ἐροῦμεν,
1007 501 1142 555 αὐτὸ
1170 502 1337 554 πᾶσιν
1370 498 1536 553 αὑτοῦ
1585 500 1656 552 τὰ

1773 503 1945 547 lamen
1982 491 2214 545 miseriae
2239 505 2402 559 quam
2440 492 2693 561 utrinque
2726 492 2848 548 licet
2900 494 3325 565 drprchenderv,

99 606 252 670 πάθη.
281 600 372 653 καὶ
398 598 461 651 τὸ
486 596 669 666 βάρος,
700 596 792 647 καὶ¹
811 594 910 663 τὴν
929 592 1275 662 χαλεπότητα
1296 591 1647 659 διακίκραγε·

97 694 185 747 καὶ
231 692 312 744 ὅτι
352 689 446 741 καὶ
506 683 786 755 κονιορτοῦ
837 683 929 736 καὶ
966 680 1175 736 καπνοῦ
1217 680 1312 732 καὶ
1358 681 1515 743 σκιᾶς
1557 680 1657 737 καὶ⁴

96 785 317 851 όνείρου,
345 782 440 834 καὶ
471 778 687 831 πάντων
709 778 854 829 ἐστὶν
879 772 1260 842 εὐτελέστερόν
1292 788 1350 824 τε
1384 771 1479 824 καὶ
1509 772 1653 839 ἀμυ-

99 876 358 945 δρότερον.
413 869 540 931 Πῶς
566 865 659 921 οὖν
692 868 806 920 ἔστι
829 866 1020 933 φυγεῖν
1042 865 1110 917 τὰ
1135 863 1284 916 κακά
1305 880 1319 928 ;
1344 860 1501 915 Κατά
1525 862 1654 913 παῖ-

97 968 156 1019 δα
213 964 331 1031 μὲν,
373 961 593 1030 ἀγωγῆς
646 960 897 1027 τυχόντα
920 957 1161 1027 χρηστῆς
1207 956 1302 1007 καὶ
1352 953 1657 1023 ’σωφρόνων

101 1048 453 1115 παιδαγωγῶν
486 1064 501 1077 °
538 1048 675 1115 ὅπερ
701 1045 807 1098 οὐδ’
835 1047 892 1097 ὲν
930 1045 1061 1114 ἡμῖν
1093 1046 1266 1104 ἐστιν,
1308 1042 1422 1096 ἀλλ’
1452 1044 1509 1095 ὲν
1537 1043 1655 1104 ταῖς

99 1141 196 1193 τῶν
224 1140 489 1191 τεκόντων
523 1138 555 1206 ἢ
586 1136 698 1188 τῶν
733 1135 1047 1206 ἰπιτρόπων
1072 1135 1353 1205 φροντίσιν
1377 1150 1391 1166 ο
1434 1135 1492 1186 ὲν
1537 1132 1658 1186 νεό-

97 1246 211 1298 τητι
236 1228 315 1290 δὲ,
344 1226 447 1280 καθ
464 1228 478 1249 ’
502 1229 569 1297 ἠν
596 1228 823 1295 ἄρχεται
853 1225 947 1277 καὶ
974 1224 1036 1277 τὸ
1083 1224 1385 1294 ἡμέτερον,
1409 1222 1498 1276 διὰ
1524 1240 1659 1291 σφο-

98 1322 348 1392 δροτάτου
385 1320 605 1390 χαλινοῦ
639 1321 732 1373 καὶ
770 1317 1171 1389 ἀκριϐεστάτης
1216 1315 1556 1379 παιδεύσεως
1602 1332 1659 1369 τε

97 1415 189 1465 καὶ
208 1411 516 1480 γυμνασίας
545 1411 640 1463 καὶ
663 1410 1050 1479 συνασκήσεως
1074 1426 1089 1439 ο
1113 1409 1256 1462 κατὰ
1277 1408 1335 1461 δὲ
1364 1409 1463 1476 τὴν
1490 1408 1664 1476 μέσην

98 1502 329 1571 ἠλικίαν,
362 1500 453 1554 διά
480 1517 539 1552 τε
560 1499 654 1553 τοῦ
681 1498 1242 1571 προκαταρτισθεντος
1273 1497 1369 1552 καὶ
1402 1514 1665 1567 προεντυ-

97 1592 367 1654 πωθέντος
399 1595 464 1661 τῇ
497 1590 641 1661 ψυχῇ
672 1589 826 1653 ῑθους
854 1606 869 1620 ·
903 1589 932 1643 ὃ
961 1591 1054 1643 καὶ
1083 1588 1347 1660 μεγίστην
1389 1587 1502 1658 ἔχει
1527 1587 1666 1657 πρὸς

99 1683 164 1736 τὰ
195 1683 321 1753 ἑξῆς
351 1682 751 1754 κατορθώματα
778 1682 877 1751 τὴν
909 1682 1084 1750 ίσχὺν,
1108 1680 1202 1732 καὶ
1229 1678 1316 1733 διὰ
1341 1679 1444 1745 τῆς
1475 1678 1666 1748 ὁμοίας

98 1774 334 1843 σπουδῆς
359 1775 453 1827 καὶ
480 1772 797 1843 ἑπιμελείας
813 1775 913 1842 τῆς
942 1772 1060 1826 κατ’
1085 1770 1285 1841 ἀρετὴν
1312 1768 1661 1831 τελειώσεως.

1755 582 2026 652 particeps
2055 579 2134 642 tit,
2163 579 2337 632 donec
2394 579 2447 632 in
2479 590 2837 648 senectutem,
2894 581 3104 639 fumum
3135 594 3194 639 et
3240 587 3327 640 in-

1754 673 2025 727 somnium
2056 684 2266 724 merum
2310 671 2658 727 dissolvatur.
2715 672 2851 728 Nam
2904 675 3036 745 quid
3095 677 3328 747 (quaeso)

1757 764 1873 831 ipsa
1901 771 2156 817 senectus
2201 763 2515 817 censenda?
2540 764 2822 834 Utcunque
2858 781 2959 820 nos
2998 766 3091 821 hic
3138 779 3326 822 tacue-

1756 855 1951 917 riinus,
1990 853 2107 922 ipsa
2140 866 2233 920 per
2257 867 2316 906 se
2344 853 2574 922 singulis
2624 869 2754 911 suas
2804 860 3110 926 passiones,
3163 875 3329 929 grave

1758 957 1919 1002 onus.
1955 941 2298 995 dillicultates
2334 941 2731 1009 proclamabit;
2761 958 2885 997 esse
2953 944 3128 1013 ipsam
3166 946 3330 998 nimi-

1758 1049 1879 1087 rum
1908 1034 2147 1102 pulvere,
2183 1032 2354 1095 fumo,
2386 1033 2599 1099 umbra,
2630 1050 2843 1099 somno,
2876 1038 3136 1091 omnibus
3164 1039 3331 1092 rebus

1761 1125 1934 1193 magis
2002 1122 2387 1193 despicabilem
2463 1136 2517 1179 et
2584 1127 2978 1184 obscuriorem.
3044 1129 3330 1193 Quomodo

1761 1216 2030 1284 possimus
2071 1216 2239 1285 igitur
2287 1216 2429 1270 mala
2482 1216 2766 1272 devitarc?
2812 1217 3066 1283 Omnino,
3124 1219 3169 1273 si
3235 1233 3333 1288 per

1762 1315 1976 1361 aetatem
2013 1307 2272 1376 puerilem
2309 1316 2457 1361 recta
2517 1318 2737 1362 utamur
2800 1309 3164 1371 institutione,
3201 1325 3335 1379 pru-

1762 1400 1951 1454 dentes
1992 1400 2135 1453 nacti
2171 1398 2576 1453 inforinatores.
2602 1398 2718 1454 Non
2744 1408 2826 1455 est
2876 1401 2977 1455 boc
3040 1402 3094 1455 in
3148 1412 3334 1455 nostra

1764 1490 1925 1543 situm
1954 1498 2245 1559 potestate,
2273 1489 2365 1545 sed
2400 1501 2607 1559 spectat
2645 1492 2710 1544 ad
2740 1500 2990 1559 parentes
3008 1491 3093 1545 vel
3125 1501 3336 1546 tutores

1766 1580 1817 1633 id
1857 1595 2067 1635 curare.
2115 1580 2215 1635 Per
2266 1580 2684 1637 adolescentiam
2744 1597 2895 1643 vero,
2950 1597 3071 1636 cum
3131 1592 3335 1637 nostra:

1765 1682 1945 1740 partes
1995 1671 2080 1742 agi
2132 1675 2428 1741 coeperint,
2489 1688 2582 1743 per
2628 1673 2944 1727 adductiora
2996 1673 3179 1738 frena,
3238 1689 3337 1727 ex-

1765 1762 2095 1817 artissimam
2129 1763 2555 1826 institutionem.
2586 1764 2907 1819 exercitium
2926 1776 2980 1818 et
3009 1765 3222 1819 ascesin
3243 1778 3338 1818 co-

98 1866 188 1936 Τῷ
232 1866 277 1919 δ’
307 1866 450 1920 οὕτω
495 1865 682 1919 λοιπὸν
724 1863 1143 1934 οἰκονομήσαντι
1185 1862 1280 1916 καὶ
1316 1860 1668 1931 διακυϐερνῆ-

1773 1864 1991 1908 euntem
2038 1856 2182 1909 :sub
2244 1866 2399 1910 a:tste
2453 1865 2687 1920 matura,
2742 1872 2836 1925 per
2888 1856 3227 1923 compositos
3281 1865 3339 1910 et

100 1974 251 2012 σαντι
274 1958 364 2011 τὸν
394 1957 528 2027 βίον,
554 1956 716 2027 λιμὴν
746 1956 1049 2024 ἀπαντήσει
1073 1955 1134 2007 τὸ
1158 1954 1356 2025 γῆρας,
1380 1954 1474 2005 καὶ⁵
1494 1952 1671 2005 πόνων

102 2048 430 2111 ἀνάπαυσις,
459 2048 556 2115 τῆς
579 2049 719 2100 κατὰ
745 2046 923 2115 ψυχὴν
951 2044 1163 2114 ἡδονῆς,
1185 2046 1279 2098 καὶ
1304 2044 1454 2105 θείας
1478 2043 1675 2111 εὐφροο

102 2140 269 2209 σύνης
298 2139 395 2203 τὰς
428 2139 535 2191 ἀπὸ
559 2138 652 2191 τοῦ
680 2138 933 2207 σώματος
962 2136 1135 2199 λίπας
1162 2136 1587 2207 παρωθουμένης
1612 2151 1671 2187 τε

102 2232 194 2284 καὶ
223 2230 711 2299 ἀποκρυπτούσης,
744 2231 837 2283 καὶ
867 2231 1155 2300 μακάριον,
1181 2228 1257 2291 ὼς
1281 2226 1515 2297 άληθῶς,
1539 2228 1674 2279 ἀπο-

101 2323 400 2392 φαινούσης
426 2322 517 2374 τὸν
548 2321 855 2392 ἄνθρωπον.
883 2320 954 2373 Σὺ
981 2320 1039 2372 δέ
1081 2337 1193 2391 μοι,
1225 2319 1435 2383 τέκνον,
1467 2318 1541 2390 μὴ
1570 2316 1667 2388 μό-

99 2429 187 2465 νον
206 2411 243 2465 ἃ
265 2413 461 2483 γράφω
482 2411 774 2483 προθύμως
799 2412 1160 2478 ἀναγίνωσκε,
1191 2410 1326 2465 ἀλλὰ
1345 2411 1435 2464 καὶ
1458 2410 1544 2464 διὰ
1560 2409 1669 2463 τῶν

98 2502 279 2572 ἔργων
316 2502 723 2574 προθυμότερον
755 2501 1105 2568 δπιγίνωσκε.

1771 1957 2117 2014 comparatos
2152 1948 2323 2016 prius,
2353 1959 2409 2003 et
2444 1950 2612 2003 menti
2662 1949 3075 2018 praeinsculptos
3109 1962 3288 2004 mores
3318 1965 3337 2003 :

1770 2039 1913 2092 unde
1943 2052 2155 2092 summa
2186 2050 2236 2092 et
2267 2040 2535 2109 przecipua
2557 2049 2795 2109 potestas
2815 2041 3077 2095 accrescit
3105 2041 3170 2095 ad
3193 2049 3344 2096 recte

1769 2131 2159 2202 consequentia
2188 2131 2603 2196 conformanda,
2642 2142 2698 2187 ut
2734 2132 2990 2187 nimirum
3024 2148 3120 2202 per
3151 2133 3337 2189 censi-

1770 2226 1896 2279 mile
1918 2225 2155 2280 studium
2178 2232 2234 2278 et
2256 2224 2591 2292 diligentiam
2628 2225 2949 2290 adhibitam,
2984 2228 3163 2281 virtus
3215 2234 3344 2281 tan-

1772 2320 1892 2374 dem
1918 2329 2348 2373 consummetur.
2385 2316 2442 2371 Ei
2474 2333 2657 2388 porro,
2684 2318 2776 2389 qui
2810 2321 2875 2374 ad
2912 2320 3059 2375 hunc
3116 2318 3341 2374 modum

1778 2410 1943 2465 vitam
2004 2425 2159 2465 suam
2227 2410 2595 2474 composuerit
2644 2418 2699 2465 et
2762 2411 3035 2476 direxerit,
3085 2410 3345 2465 olleretur

1777 2503 1993 2556 tandem
2044 2516 2145 2571 pro
2185 2511 2342 2571 portu
2380 2511 2654 2567 senectus,
2683 2502 2925 2557 laborum
2952 2503 3193 2573 requies,
3217 2518 3346 2572 gau-

98 2599 171 2651 dii
198 2599 370 2669 (qnod
396 2597 695 2654 secundum
744 2597 910 2653 Deum
941 2596 1043 2669 est)
1102 2598 1513 2669 repositorium,
1562 2610 1673 2666 quo
1712 2611 1742 2650 ι
1768 2610 1998 2666 corpore
2026 2596 2245 2653 dolores
2296 2597 2681 2661 amamlanlur,
2726 2596 3087 2658 occultantur,
3113 2596 3346 2665 etplane

102 2698 294 2753 beatus
326 2695 489 2749 homo
517 2693 732 2748 tandem
766 2694 1133 2750 renuntiatur.
1177 2695 1258 2751 Tu
1295 2706 1501 2758 autem,
1558 2692 1653 2758 illi,
1695 2691 1801 2758 fac,
1842 2707 1952 2746 non
2017 2702 2224 2747 tantum
2269 2700 2329 2747 ut
2377 2691 2652 2746 lubentius
2708 2692 2951 2762 perlegas
2987 2705 3110 2759 qua:
3174 2704 3205 2745 a
3258 2703 3347 2744 me

102 2789 425 2844 scribuntur
450 2804 465 2854 ;
496 2787 588 2842 sed
622 2787 794 2841 multo
814 2788 1109 2843 studiosius
1134 2788 1325 2844 eadem
1360 2803 1456 2858 per
1486 2787 1831 2858 operationes
1871 2784 2017 2855 ipsas
2046 2799 2397 2855 recognosce.

660 2918 993 2974 ΕΡΩἹἪΣῘΣ
1016 2922 1130 2975 ΣΖ’.

102 3052 242 3118 Περὶ
284 3052 427 3107 τοῦ·
476 3071 495 3105 t
542 3055 652 3117 Θές
683 3054 798 3119 τὴν
828 3055 995 3123 χεῖίὰ
1031 3072 1148 3111 σου
1188 3060 1307 3112 ὑπὸ
1349 3059 1458 3112 τὸν
1480 3060 1673 3129 μηρόν

777 3143 917 3193 μου.
948 3144 967 3177 ι

1881 2913 2220 2984 ρυΑῐδῖἹθ
2241 2915 2670 3045 ΟΕἻΙὲἕέοξεθῃ
2689 2914 3023 3059 ἰῘΖΟΧΧΧἻΙ,
3064 2915 3239 2973 Taur.

1778 3077 1854 3132 De
1917 3077 2031 3131 loco
2085 3079 2199 3145 illo,
2249 3100 2266 3131 ο
2297 3078 2437 3133 Pone
2486 3096 2700 3132 manum
2763 3087 2908 3131 tuam
2963 3094 3119 3147 super
3173 3077 3348 3146 {antur

2444 3166 2557 3202 mea
2568 3166 2636 3201 m.
2669 3168 2686 3201 Ι

472 3238 612 3290 Edita
635 3253 661 3289 a
681 3239 978 3291 lentaeuth
998 3244 1100 3306 (ep.
1124 3244 1184 3292 Ἠ
1203 3245 1263 3294 sd
1287 3244 1507 3310 Eulamp.
1542 3263 1590 3311 p.
1626 3253 1675 3301 1‘3

1773 3262 1889 3326 l23).
1907 3288 1961 3299 —
1981 3263 2274 3328 Explanath
2300 3266 2559 3316 verborum
2586 3265 2710 3317 Gen.
2738 3280 2871 3325 xxiv,
2897 3267 2945 3315 2.

179 3360 201 3394 ε
241 3343 345 3407 θὲς
369 3350 469 3415 τὴν
499 3348 657 3416 χεῖρά
687 3361 777 3399 σου
800 3347 906 3401 ὑπὸ
937 3349 1026 3401 τὸν
1060 3354 1232 3422 μηρόν
1265 3371 1387 3423 μου,
1417 3374 1436 3406 ι
1462 3360 1625 3427 φησὶν
1651 3363 1675 3413 ό

1861 3371 1879 3402 ι
1912 3350 2057 3408 Pone
2092 3369 2310 3409 manum
2343 3364 2490 3409 tuam
2532 3356 2635 3410 sub
2684 3355 2885 3411 femore
2916 3369 3057 3417 meo,
3094 3371 3113 3405 ι
3169 3352 3348 3423 inquit

102 3437 453 3507 πατριάρχης
468 3436 718 3508 Ἀὗραάμ
742 3456 755 3469 ·
772 3438 864 3491 δύο
884 3440 1052 3495 ταῦτα
1074 3445 1398 3512 παραδηλῶν
1412 3448 1485 3518 τῷ
1503 3468 1563 3502 νυ
1572 3470 1682 3521 μφ-

105 3524 320 3595 αγωγῷ
357 3528 681 3595 προστάττει
724 3526 1063 3596 θεράποντι·
1098 3530 1156 3582 ἓν
1199 3532 1295 3601 μὲν
1340 3536 1432 3586 καὶ
1465 3538 1683 3608 πρόχει-

106 3631 225 3683 ρον,
263 3615 351 3668 τὸν
381 3618 544 3685 ὅρκον
569 3618 648 3679 είς
691 3618 751 3669 τὸ
773 3620 869 3686 τῆς
896 3621 1193 3689 περιτομῆς
1244 3624 1539 3695 σεϐάσμιον
1573 3630 1683 3681 είσ-

104 3704 492 3774 πραττόμενος
512 3723 525 3735 ·
564 3706 818 3778 δεύτερον
854 3707 910 3760 δὲ
936 3710 1031 3762 καὶ
1056 3712 1360 3780 νοούμενον,
1407 3718 1485 3777 εἰς
1507 3718 1596 3771 τὸν
1625 3718 1685 3783 ἐξ

105 3796 281 3849 αὑτοῦ
342 3797 745 3867 τεχθησόμενον
787 3799 1019 3869 Χριστὸν
1060 3804 1152 3854 καὶ
1187 3804 1320 3857 Θεὸν
1362 3808 1520 3875 ἡμῶν
1546 3828 1557 3839 ·
1603 3809 1685 3862 δε-

105 3888 336 3955 σμεύων
355 3889 538 3953 αὑτὸν,
554 3892 645 3943 καὶ
675 3891 919 3962 εὐορκεῖν
938 3893 1031 3946 ἐπὶ
1054 3895 1215 3948 πλέον
1232 3898 1681 3969 ἀσφαλιζόμενος,

104 3982 227 4047 ἃμα
278 3980 335 4032 δὲ
372 3984 464 4033 καὶ
502 3982 907 4054 προθυμότερον
938 3986 1099 4040 αὐτὸν
1138 3986 1537 4057 ἐργαζόμενος,
1589 3993 1682 4046 ἅτε

101 4070 171 4137 δὴ
205 4070 404 4140 ἔφορον
429 4074 521 4124 καὶ
554 4075 806 4143 μάρτυρα
838 4075 943 4127 τῶν
968 4076 1058 4128 ἐπὶ
1082 4083 1445 4151 νυμφαγωγίᾳ
1485 4083 1682 4152 ὅρκων,

102 4162 209 4213 οὐκ
258 4162 419 4214 ἄλλον
461 4163 607 4233 αὐτῷ
650 4165 1029 4231 ἐφιστάμενος,
1075 4166 1189 4221 ἀλλ’
1230 4169 1456 4236 ἐκεῖνον,
1506 4172 1565 4235 ὃς
1592 4175 1685 4227 καὶ

104 4253 536 4321 προϋπέσχετο,
588 4255 662 4318 ὼς
709 4256 777 4309 τὰ
839 4259 1013 4327 ἄστρα
1065 4260 1160 4313 τοῦ
1206 4262 1459 4329 οὐρανοῦ.
1530 4265 1591 4317 τὸ
1627 4267 1686 4319 ὲν

114 4342 313 4395 Ἰσαὰκ
345 4343 510 4395 αὑτοῦ
542 4345 761 4417 σπέρμα
794 4346 1263 4417 πληθυνθήσεσθαι
1300 4367 1314 4382 ⁸
1351 4352 1447 4405 καὶ
1464 4353 1685 4420 δυνατός

101 4434 225 4485 ἐστι
267 4434 441 4501 πέρας
471 4435 734 4490 ἐπιθεῖναι
764 4440 881 4501 ταῖς
911 4439 1254 4510 ὑποσχέσεσι,
1297 4444 1389 4496 καὶ
1410 4444 1688 4516 ἀμεταμε-

102 4522 315 4591 λήτους
338 4519 447 4576 οἶδε
475 4526 573 4583 τὰς
616 4527 823 4595 δωρεὰς
862 4534 955 4583 καὶ
980 4532 1076 4594 τὰς
1104 4533 1329 4602 χάριτας
1355 4551 1369 4565 ο
1406 4537 1685 4607 μονονουχὶ

104 4611 204 4663 καὶ
236 4613 590 4681 ἐννοούμενος
610 4615 703 4667 καὶ
736 4616 929 4683 λέγων,
961 4614 1031 4670 Ὦ
1059 4622 1158 4672 παῖ
1172 4619 1265 4673 τοῦ
1299 4622 1432 4691 ἐμοῦ
1461 4627 1683 4693 γνησίου

1784 3441 2131 3498 Abrahamus
2163 3447 2471 3514 patriarcha
2507 3465 2520 3497 :
2557 3446 2665 3501 duo
2690 3447 2789 3501 ista
2844 3446 3197 3501 subimlicans
3241 3446 3347 3499 mi-

1786 3532 1957 3585 nistro
1986 3535 2379 3604 nympbagogo,
2413 3535 2464 3587 in
2496 3535 2765 3589 mandatis
2790 3535 2880 3587 tlat
2911 3552 2925 3588 :
2964 3536 3111 3604 prius
3134 3546 3237 3598 est,
3292 3544 3348 3590 et

1786 3622 1839 3673 in
1876 3632 2151 3691 promptu,
2198 3624 2340 3691 quod
2366 3624 2748 3693 jusjurandum
2789 3626 2841 3677 in
2870 3626 3078 3679 honore
3108 3626 3346 3680 circum-

1784 3711 2005 3767 cisionis
2057 3712 2305 3780 inducit;
2344 3715 2640 3769 secundum
2688 3728 2770 3770 est
2804 3725 2857 3769 et
2885 3716 3345 3781 subintellectuni,

1785 3802 1838 3857 id
1868 3804 2011 3872 quod
2040 3805 2105 3859 ad
2145 3820 2268 3859 eum
2309 3805 2539 3861 refertur
2563 3808 2654 3876 qui
2686 3823 2749 3861 ex
2778 3822 2836 3861 se
2866 3808 3175 3862 nasciturus
3205 3817 3346 3871 erat,

1785 3892 2061 3949 Cbriswm
2089 3893 2257 3949 Deum
2299 3912 2579 3965 nostrum;
2612 3898 2845 3954 vinculis
2899 3914 3023 3953 eum
3080 3900 3349 3953 constrin-

1786 3998 1939 4053 gens,
1967 3993 2019 4037 et
2049 3993 2194 4039 recte
2220 3986 2454 4054 jurando
2496 3988 2821 4042 conﬁrmans
2855 3988 3031 4049 illum,
3067 4004 3131 4043 ac
3163 3990 3343 4057 ipsum

1785 4073 2014 4129 reddens
2038 4074 2424 4143 promptiorem
2458 4077 2523 4129 ad
2547 4078 2887 4146 exsequenda
2941 4079 3217 4141 mandata,
3264 4080 3347 4131 in-

1785 4172 2087 4233 spectorem
2132 4174 2184 4219 et
2207 4174 2420 4231 testem,
2471 4167 2823 4222 conciliandae
2852 4170 3039 4222 ux0ris
3094 4169 3146 4222 in
3180 4185 3349 4239 nego-

1785 4256 1882 4317 tio,
1911 4254 2267 4325 jurisjurandi
2296 4272 2442 4321 eum,
2476 4258 2719 4326 inquam,
2754 4259 3134 4327 prmponendo,
3157 4269 3211 4314 et
3239 4275 3349 4315 non

1786 4346 1973 4412 alium,
2007 4345 2100 4414 qui
2143 4346 2298 4416 prius
2359 4349 2685 4416 promiserat
2738 4348 3003 4414 futurum,
3066 4359 3122 4403 ut
3161 4366 3347 4406 semen

1787 4436 1958 4506 ipsius
1986 4438 2052 4492 de
2122 4438 2308 4493 Isaaco
2375 4440 2825 4508 multiplicaretur
2891 4444 3347 4510 quemadmodum

1786 4530 1907 4583 coeli
1960 4530 2137 4583 sidera
2171 4548 2189 4583 :
2240 4531 2439 4599 quibus
2500 4531 2779 4601 promissis
2822 4532 3347 4586 consummationem

1788 4620 2044 4676 inducere
2076 4633 2288 4691 p0terat
2318 4622 2410 4691 qui
2446 4622 2587 4677 dona
2622 4636 2716 4675 sua
2751 4632 2914 4691 atque
2967 4623 3172 4691 gratias
3230 4624 3349 4678 sine

102 4677 457 4767 νυμςραγωγε
518 4702 703 4765 παιδὸς
728 4744 744 4770 ,
805 4677 1224 4775 προθυμηθῆναι
1255 4677 1365 4762 δέοι
1397 4677 1563 4779 μόνον.
1614 4677 1675 4783 τῇ

1786 4712 2103 4782 poenitentia
2141 4713 2422 4782 elargitur,
2459 4722 2665 4766 tantum
2701 4728 2806 4767 non
2836 4714 3168 4779 cogitatione
3196 4729 3348 4767 com-

108 4790 424 4861 ὐπηρεσίᾳ,
463 4794 788 4863 προαίρεσιν
819 4797 1112 4851 σπουδαίαν
1161 4799 1512 4867 εἰσενεγκεῖν,
1550 4803 1616 4855 τὰ
1641 4805 1675 4857 δ⁴

1783 4803 1971 4872 plexus
2002 4812 2056 4856 et
2089 4801 2282 4857 ell‘atus
2321 4804 2423 4857 ista
2455 4820 2469 4856 :
2501 4804 2541 4856 0
2588 4800 2791 4857 famulo
2843 4802 3221 4873 nympltagoge
3251 4819 3346 4872 ge-

100 4884 250 4937 άλλα
296 4885 494 4953 ῥᾷστον
525 4885 711 4938 ἁνύσει
741 4888 769 4939 ό
818 4888 910 4941 καὶ
935 4888 1032 4955 τῆς
1060 4890 1406 4959 ὁρκωμοσίας
1447 4894 1675 4962 ἐπόπτης

1784 4894 1934 4947 nnini
1964 4894 2067 4947 mei
2102 4894 2219 4958 lilii,
2246 4909 2379 4962 opus
2419 4904 2625 4947 tantum
2658 4893 2751 4948 tibi
2785 4903 2870 4947 est
2901 4902 2959 4947 ttt
2989 4903 3240 4963 prompto
3270 4896 3347 4949 sis

100 4976 201 5026 καὶ
227 4974 464 5042 μάρτυς,
494 4977 587 5028 καὶ
613 4978 711 5038 τὰς
741 4977 840 5045 τῆς
866 4978 1221 5041 πολυπαιδίας
1244 4982 1564 5051 ὑποσχέσεις
1590 4984 1675 5038 δω-

1784 4982 1966 5037 animo
1995 4990 2049 5035 et
2082 4983 2419 5051 propositum
2455 4982 2699 5036 sedulum
2728 4983 2781 5035 in
2808 4983 3157 5051 exsequendo
3203 4999 3347 5051 pra:-

102 5065 452 5134 pqodtssvog.
492 5066 602 5119 Kal
639 5068 738 5136 δρα
767 5067 841 5131 ὼς
889 5070 1149 5137 φιλοθέως
1179 5069 1295 5123 λίαν
1332 5071 1424 5123 καὶ
1465 5074 1675 5137 εἰκότως

1784 5084 1893 5129 stes
1923 5074 2243 5137 ministerio,
2288 5080 2479 5126 caetera
2514 5073 2612 5126 levi
2643 5073 2867 5127 brachio
2894 5074 3202 5142 perlicietis,
3253 5077 3345 5143 qui

95 5158 195 5209 τὸν
231 5157 337 5210 ἐπὶ
376 5156 688 5229 παιδογονίᾳ
733 5158 825 5212 τοῦ
860 5160 990 5213 rios
1017 5164 1243 5232 μεσίτην
1276 5163 1551 5232 ἐσόμενον,
1586 5163 1675 5233 τῆς

1773 5163 2079 5235 jnsjuraudi
2114 5172 2332 5217 curator
2362 5172 2416 5215 et
2449 5164 2598 5217 testis
2650 5164 2954 5225 adhibetur,
2987 5166 3079 5233 qui
3116 5166 3182 5219 de
3208 5167 3347 5218 mul-

98 5249 416 5321 σφραγῖδος
444 5250 767 5320 άπτόμενον,
804 5251 872 5322 ἥν
911 5254 1011 5323 τῆς
1057 5255 1114 5305 ἰν
1153 5254 1332 5307 πίστει
1364 5254 1675 5322 πολυγονίας

1782 5253 2071 5319 tiplicanda
2104 5252 2255 5321 prole
2286 5252 2578 5320 stipulatus
2604 5266 2707 5307 est.
2744 5252 2960 5308 Videsis
2994 5266 3176 5308 autem
3211 5254 3343 5307 mibi

100 5344 350 5410 σημεῖον
382 5341 596 5408 ἐλαϐεν,
616 5342 837 5412 ὀμνύειν
863 5344 1227 5414 προσέταττεν
1252 5363 1267 5378 ο
1298 5346 1385 5400 ἴνα
1404 5346 1584 5416 εἴπῃς,
1624 5345 1675 5398 '0

1778 5354 1983 5412 quanto
2009 5357 2131 5396 cum
2164 5356 2347 5396 amore
2376 5341 2488 5406 Dei,
2516 5351 2568 5395 et
2593 5358 2755 5412 quam
2786 5343 2933 5410 juste
2987 5345 3344 5398 mediatorem

95 5433 232 5495 δούς
266 5448 364 5502 μοι
390 5433 490 5503 τὴν
522 5433 839 5504 περιτομὴν,
878 5434 1038 5499 αὐτὸς
1072 5435 1239 5489 [dum
1284 5438 1345 5490 τὸ
1379 5437 1476 5506 μὲν
1505 5439 1683 5491 Χανα·

96 5530 262 5578 ναίον
294 5525 478 5593 γένος,
497 5526 597 5593 μεθ
614 5526 629 5547 ‘
648 5518 723 5579 ὧν
744 5526 854 5594 ἐγὼ
882 5527 1148 5597 παροικεῖ),
1175 5530 1467 5599 ἐπάρατον,
1494 5530 1551 5581 ἐν
1587 5527 1679 5580 εὑ-

92 5615 398 5685 λογίαιςδὶ
424 5616 483 5669 τὸ
498 5616 779 5688 ἡμέτερον.
798 5618 927 5671 Ἰδοὺ
952 5619 1129 5671 τοίνυν
1156 5619 1257 5688 τῆς
1280 5622 1428 5681 θείας
1446 5618 1680 5685 ἐφαπτό-

97 5725 275 5776 μενον
314 5707 628 5775 σφρσγῖδος,
652 5707 742 5761 τὸν
770 5708 1064 5777 νομοθέτην
1101 5708 1302 5778 ταύτης
1328 5708 1553 5778 ὀμνύναι
1584 5724 1677 5759 κε-

93 5799 275 5862 λεύω,
316 5796 390 5866 μὴ
418 5795 483 5850 ἂν
508 5796 682 5861 ἄλλως
707 5799 897 5863 ποιεῖν,
926 5797 1054 5867 ἢὼς
1079 5798 1270 5869 huith
1295 5798 1373 5869 τῷ
1398 5797 1495 5867 τῆς
1514 5797 1679 5851 πολυ-

1781 5432 2021 5487 fnturnm
2050 5433 2469 5501 multiplicandaa
2518 5434 2570 5486 in
2602 5434 2711 5487 lilio
2776 5434 2944 5499 prolis
3008 5449 3105 5504 per
3151 5444 3344 5488 conta-

1785 5535 1930 5579 ctum
1964 5526 2148 5591 sigilli,
2180 5524 2324 5594 quod
2364 5525 2621 5579 indicium
2656 5526 2929 5581 ﬁdelitatis
2963 5528 3016 5581 in
3063 5526 3167 5581 ﬁde
3195 5529 3347 5596 poly-

1784 5615 1956 5682 gonite
1994 5622 2295 5683 acceperat,
2317 5614 2502 5683 jurare
2528 5614 2711 5681 jussit,
2770 5614 2926 5683 quasi
2956 5615 3161 5670 diceret
3192 5634 3204 5670 :
3241 5616 3345 5681 Qui

1782 5706 1928 5760 dedit
1952 5704 2083 5759 mihi
2119 5706 2613 5769 circumcisionetn,
2639 5704 3072 5759 Cltananteorum
3131 5717 3346 5776 gentem

1788 5796 1931 5851 inter
1983 5810 2122 5864 quos
2176 5796 2475 5865 inquilinus
2510 5809 2718 5859 versor,
2752 5809 3090 5852 exsecratum
3164 5798 3341 5860 liabet,
