4162 6442
154 454 245 519 961

1115 463 1212 519 ΑΟ
1243 459 1828 524 AMPHILOCHIUM
1861 466 2205 536 OUESTIO
2219 470 2413 529 CCXI.

3275 480 3379 541 se

153 571 361 626 καὶτοῦ
398 571 553 638 φίλου
591 573 821 638 Φήλικος
849 578 928 636 εἰς
955 576 1137 645 κρίσιν
1184 576 1704 647 πφκαοεζομὲνουη

1816 582 1880 632 At
1918 580 2340 651 nibilejusmodi
2374 584 2453 636 \el
2484 584 2664 638 dicere
2703 595 2970 654 poterant,
2993 602 3085 642 aut
3110 591 3381 645 audebant

152 666 262 718 ἀλλ’
310 665 481 728 οὕτως
515 663 583 735 ἦν
635 668 871 738 ἐναργὴς
924 669 1018 721 καὶ
1064 670 1184 731 ταῖς
1229 668 1486 722 ἀπάντων
1529 669 1709 733 δόξαις

1815 686 2095 736 accusare,
2126 689 2236 728 non
2271 675 2328 729 in
2370 678 2644 745 praesenti,
2684 692 2790 732 non
2831 679 3106 748 deinceps.
3144 696 3242 736 nec
3267 693 3379 737 tum

151 758 423 829 κρατοῦσα
447 761 481 829 ἡ
528 759 740 815 Παύλου
768 760 1020 830 ἀλήθεια,
1048 760 1123 823 ὼς
1158 761 1254 815 καὶ
1279 763 1390 814 τῶν
1414 762 1707 830 ἀναισχύν-

1814 778 1938 816 cum
1980 764 2272 819 tribunalia
2304 775 2550 835 paterent
2573 768 2640 822 iis
2664 768 2906 830 demunt,
2930 769 3145 824 etFelix
3176 773 3389 827 amicus

147 867 253 903 των
288 850 554 904 Ἰουδαίων
582 891 599 917 ,
636 851 732 905 καὶ
764 851 940 905 πάντα
955 851 1133 921 λέγειν
1178 855 1257 915 είς
1284 854 1344 906 τὺ
1370 862 1396 901 ε
1447 854 1709 923 πράττειν

1816 866 1915 919 pro
1943 854 2200 909 tribunali
2236 856 2470 919 sederet,
2504 866 2613 911 tam
2664 868 2847 928 aperte
2878 860 3226 916 manifestum
3269 864 3389 916 erat

147 940 597 1012 ἁποτολμώντων.
656 943 932 1013 ἐμφράξαι
975 944 1045 998 τὰ
1097 944 1339 1014 στόματα
1376 962 1391 975 -
1427 944 1569 997 οὕτω
1610 946 1709 1013 μὲν

1818 942 2044 997 Paulum
2072 946 2367 1015 protulisse
2399 948 2703 1013 veritatem,
2737 958 2794 1003 et
2840 952 2980 1020 apud
3021 968 3213 1007 omnes
3255 956 3393 1009 adeo

145 1034 237 1087 οὖν
261 1033 590 1103 πολλαχόθεν
646 1034 999 1103 ψευδολογίας
1025 1036 1205 1105 πάσης
1233 1022 1502 1107 ἀνώτερος
1526 1075 1541 1099 ,
1578 1036 1712 1090 Ῥω‹

150 1126 308 1189 μαῖον
325 1123 516 1175 ἑαυτὸν
536 1123 704 1175 εἰπὼν
724 1124 754 1176 6
776 1122 1063 1185 θεσπέσιος
1076 1123 1457 1177 ἀποδείκνυται
1477 1122 1709 1186 Παῦλος.

149 1214 289 1267 Ἀλλ’
318 1218 367 1268 εί
404 1213 670 1283 Ῥωμαῖος
696 1211 801 1285 ἦν,
836 1216 991 1285 φησὶ,
1019 1216 1141 1279 πῶς
1170 1216 1332 1279 αὐτὸς
1352 1218 1412 1269 ιν
1434 1216 1614 1280 ἀλλοις
1649 1234 1711 1270 τε

147 1307 243 1360 καὶ
272 1308 330 1358 ἰν
371 1310 435 1376 τῇ
463 1307 599 1375 αὐτῇ
630 1306 964 1376 δημηγορία,
1027 1308 1275 1370 Ἰουδαῖός
1318 1324 1378 1359 τε
1428 1304 1584 1369 εἶναι,
1619 1310 1715 1362 καὶ
1751 1320 1756 1327 ‘

148 1396 395 1465 Ταρσούς
442 1396 585 1465 ἔχειν
633 1397 890 1467 πατρίδα,
922 1398 1298 1469 διισχυρίσατο
1338 1397 1530 1466 λέγων,
1568 1400 1715 1465 Ἐγὼ

152 1485 252 1552 μέν
300 1491 417 1556 εἰμι
456 1487 733 1549 Ἰουδαῖος.
776 1488 1026 1557 Ταρσεὺς
1060 1490 1085 1528 δ
1138 1488 1239 1559 τῆς
1294 1489 1570 1551 Κιλικίας.
1616 1493 1715 1543 ούκ

145 1580 362 1648 ἀσήμου
412 1580 636 1644 πόλεως,
674 1580 931 1650 πολίτηςς
960 1581 1084 1646 Πῶς
1122 1580 1217 1635 οὖν
1236 1582 1383 1635 εστιν
1429 1583 1716 1653 ἀμφότερα

147 1672 495 1741 συνδραμεῖν,
536 1675 628 1725 καὶ
690 1673 956 1742 Ῥωμαῖον
996 1675 1093 1728 καὶ
1138 1674 1393 1729 Ἰουδαῖον
1420 1675 1515 1728 τὸν
1553 1677 1716 1729 αὑτὸν

147 1764 519 1833 χρηματίσας
551 1764 694 1835 Πρὸς
721 1766 750 1818 ὅ
775 1782 977 1833 φαμεν,
1007 1768 1089 1821 ὅτι
1117 1766 1318 1821 ἀτοπον
1346 1765 1500 1818 οὐδέν
1523 1784 1539 1798 ·
1570 1766 1717 1833 γένει

148 1856 248 1924 μὲν
300 1857 427 1925 γὰρ,
456 1858 550 1909 καὶ
569 1858 633 1925 τῇ
663 1857 784 1910 κατ’
809 1858 971 1911 αὐτὸν
990 1859 1283 1912 Μωσαῖκὸν
1312 1859 1473 1927 νόμον
1503 1860 1714 1928 ἀγωγῇ,

1822 1034 1911 1089 illa
1933 1035 2212 1091 obtinebat
2232 1038 2438 1107 opinio.
2454 1038 2837 1097 utJndaeorum
2860 1056 2957 1097 ora
2975 1043 3393 1127 obturnrentur.

1819 1123 1946 1179 licet
1994 1136 2177 1181 essent
2209 1127 2567 1195 impudentes,
2609 1140 2663 1185 et
2714 1132 2779 1184 ad
2822 1132 3051 1200 quodvis
3083 1123 3390 1188 audendum

1825 1217 2092 1287 projecti:
2127 1229 2291 1289 atque
2316 1222 2387 1274 ita
2422 1219 2621 1276 Paulus
2653 1223 2742 1276 ille
2766 1224 3003 1287 divinus,
3024 1226 3155 1279 dum
3185 1241 3244 1280 se
3267 1242 3392 1295 pro-

1823 1305 2005 1361 litetur
2036 1306 2370 1373 Romanum,
2409 1310 2721 1380 longissime
2755 1327 2785 1365 a
2818 1316 3104 1367 mendacio
3152 1314 3395 1371 abfuisse

1821 1406 2180 1451 monstratur.
2203 1400 2270 1452 At
2295 1400 2340 1453 si
2368 1398 2645 1454 iteinanus
2685 1410 2823 1467 erat,
2857 1402 3091 1463 dicetur.
3111 1401 3398 1470 Quomodo

1821 1502 1947 1541 cum
1983 1490 2134 1553 alibi,
2168 1501 2277 1543 tum
2307 1490 2360 1543 in
2388 1490 2505 1559 ipsa
2530 1493 2736 1548 illamet
2766 1498 3030 1549 concione
3051 1494 3303 1550 Judaeum
3334 1510 3397 1551 se

1824 1588 2173 1652 pronuntiat,
2228 1593 2283 1638 et
2311 1586 2541 1654 patriam
2570 1586 2673 1641 sibi
2700 1586 2931 1642 Tarsum
2958 1588 3245 1658 proﬁtetur
3266 1592 3289 1642 ‘!
3314 1590 3395 1645 ait

1821 1674 2006 1727 enim:
2039 1671 2153 1744 Ego
2176 1675 2398 1745 quidem
2428 1691 2548 1730 sum
2582 1676 2822 1741 Iudaeus,
2868 1678 3065 1743 Tarsi,
3111 1696 3235 1750 qua:
3264 1684 3345 1733 ιιι-ι
3367 1697 3394 1734 s

1824 1773 2032 1819 estnec
2064 1766 2337 1835 ignobilis,
2367 1767 2573 1821 Cilicia:
2598 1770 2753 1823 civis.
2779 1769 2899 1835 Qua
2927 1773 3139 1826 ratione
3160 1787 3393 1828 concur-

1826 1868 1944 1909 rere
1973 1854 2088 1911 lnec
2121 1864 2353 1925 utraque
2382 1867 2641 1926 possunt,
2693 1870 2753 1913 ut
2795 1875 2919 1915 cum
2956 1860 3235 1917 Romanus
3275 1873 3391 1917 tum

144 1947 400 2011 Ἰουδαῖος
433 1948 794 2018 ἐχρημάτιζε,
830 1951 1066 2019 πατρίδα
1106 1950 1356 2021 Τάρσους
1384 1948 1543 2019 ἔχων,
1590 1952 1649 2003 εν

1818 1944 2039 2001 Judazus
2070 1949 2376 2005 habeatur?
2403 1949 2645 2005 Dicimus
2671 1952 2757 2005 hic
2781 1952 2854 2007 nil
2876 1954 3103 2009 subesse
3125 1955 3346 2011 absurdi
3374 1976 3390 2022 ;

142 2038 241 2099 τὰς
286 2040 558 2108 μητρικάς
590 2040 752 2104 αὐτὸς
781 2041 972 2094 ἔλυσεν
1009 2042 1202 2105 ὠδῖνας
1221 2058 1235 2071 ο
1267 2042 1419 2112 τῷδὲ
1455 2045 1467 2082 ί
1502 2044 1594 2095 τὸν
1618 2045 1716 2095 a23-

142 2130 238 2182 τοῦ
284 2132 495 2201 πατέρα
538 2134 819 2205 Ῥωμαϊκῇ
866 2134 1165 2205 φιλοτιμίᾳ.
1215 2135 1248 2205 ἢ
1298 2136 1393 2188 κα)⁵
1446 2136 1712 2207 χρήμασι,

156 2214 425 2289 Ῥωμαῖον
449 2225 815 2294 ἐγγραφῆναι,
875 2225 1146 2293 Ῥωμαῖος
1172 2227 1266 2278 καὶ⁵
1289 2225 1447 2289 αὐτὸς
1471 2226 1717 2279 ἐκαλεῖτό

144 2329 203 2364 τε
236 2316 333 2365 καὶ
355 2313 665 2383 ἐτύγχανεν.

216 2560 294 2613 Δι’
322 2560 350 2612 ὃ
368 2560 383 2610 i
400 2600 417 2624 ,
434 2561 527 2615 καὶ
550 2562 646 2615 τοῦ
678 2564 876 2618 Λυσίου
926 2565 1062 2635 πρὸς
1089 2567 1251 2620 αὑτὸν
1282 2568 1553 2633 εἰπόντος,
1574 2569 1717 2639 Ἐγὼ

139 2651 202 2703 δὲ
240 2651 437 2705 πολλοῦ
470 2653 767 2722 κεφαλαίου
796 2656 897 2724 τὴν
931 2656 1209 2710 πολιτείαν
1238 2658 1445 2728 ταύτην
1484 2661 1716 2735 εκτησά-

148 2759 279 2812 μην,
310 2743 470 2806 αὐτὸς
496 2746 795 2813 επήγαγεν,
834 2746 976 2813 Ἐγὼ
1004 2747 1063 2801 δλ
1104 2750 1196 2802 καὶ
1221 2751 1552 2822 γεγέννημαι
1571 2768 1585 2782 ⁸
1615 2755 1717 2806 οὐκ

144 2837 203 2885 ἐν
228 2836 297 2902 τῇ
336 2832 525 2906 Ῥώμῃ
569 2835 811 2905 δηλονότι
835 2839 1013 2891 ’.οὐδὲ
1058 2840 1166 2911 γὰρ
1214 2842 1322 2895 οὐδ’
1342 2844 1372 2894 ό
1413 2845 1615 2907 Λυσίας
1659 2848 1715 2896 ἐν

140 2925 322 2995 ταύτῃ
341 2926 665 2996 γεννηθῆναι
692 2929 1092 3001 ἐμεγαληγόρει
1140 2934 1235 2984 καὶ
1261 2934 1566 2998 διετείνετο,
1599 2936 1714 2988 ἀλλ’

143 3020 203 3067 ἐν
234 3016 408 3087 ταύτῃ
437 3019 503 3087 τῇ
549 3019 827 3091 Ῥωμαϊκῇ
877 3021 1067 3091 κλήσει
1100 3024 1193 3076 καὶ
1241 3026 1308 3092 τῇ
1362 3026 1624 3097 πολιτείᾳ,
1657 3031 1716 3080 ὲν

143 3100 176 3177 ᾖ
206 3107 456 3169 κάκεῖνος
480 3109 655 3161 τελεῖν
681 3111 1112 3180 ἀπεσεμνύνετο.
1140 3114 1281 3184 Πρὸς
1306 3114 1367 3167 ὃν
1400 3118 1493 3169 καὶ
1518 3120 1546 3171 ὁ
1574 3118 1716 3180 θεῖος

143 3196 358 3260 Ιιαῦλος
386 3198 798 3269 ἀποτεινόμενος
839 3201 992 3271 ἔλεγε
1029 3207 1310 3277 μονονουχὶ
1340 3208 1583 3278 φάσκων,
1619 3212 1712 3264 καί⁵

140 3288 424 3358 καθαιρῶν
445 3290 609 3343 αὑτοῦ
638 3290 700 3344 τὸ
738 3293 1015 3363 φρόνημα,
1052 3296 1134 3349 ὅτι
1162 3297 1234 3350 Σὺ
1285 3298 1385 3369 μὲν
1407 3301 1717 3369 πρόσφατον

141 3379 241 3432 καὶ
272 3380 381 3432 ἀπὸ
409 3380 504 3433 σοῦ
540 3382 787 3451 προϊέναι
837 3384 1200 3453 ἀπαγγέλλεις
1229 3386 1292 3440 τὸ
1328 3390 1565 3458 ἀξίωμα,
1594 3395 1719 3461 ἐμοὶ

138 3469 197 3522 δὲ
226 3470 435 3523 ἀνωθεν
455 3472 823 3543 ἐρριζωμένον
861 3477 957 3529 καὶ
984 3477 1048 3530 ἑκ
1095 3481 1298 3549 πατρὸς
1346 3485 1717 3554 καταγόμενον

136 3559 246 3627 τῆς
276 3558 436 3629 δόξης
462 3560 664 3631 ταύτης
705 3567 797 3615 καὶ
834 3563 934 3633 τῆς
958 3568 1329 3637 προσηγορίας
1349 3569 1633 3643 ἐκληρώθη
1656 3574 1717 3626 τὸ

138 3651 461 3721 προνόμιον.
479 3653 580 3706 Διά
593 3670 675 3707 τοι
686 3654 841 3708 τοῦτο
862 3658 1109 3720 κάκεῖνος
1124 3660 1259 3712 ἀκού
1268 3676 1365 3724 σας
1387 3663 1477 3715 καὶ
1495 3664 1715 3733 βεϐαιω-

233 3760 299 3806 ς,
356 3744 439 3797 ὅτι
493 3744 760 3814 Ῥωμαῖον
826 3747 956 3801 ὄντα
1022 3750 1244 3803 τύπτειν
1293 3753 1611 3825 ἑπεχείρει,’
1635 3758 1716 3818 είς

133 3832 348 3886 δειλίαν
374 3835 471 3887 καὶ
501 3835 664 3903 φόϐον
695 3837 755 3888 τὸ
801 3837 997 3908 θράσος
1024 3841 1118 3893 καὶ
1144 3842 1243 3911 τὴν
1269 3844 1438 3916 ὀργὴν
1462 3845 1711 3910 διαλύων,

139 3926 545 3981 συνεστέλλετο.
584 3928 760 3998 Τιμῆς
792 3930 899 4001 γὰρ
939 3931 1219 4003 ἀπήλαυον
1240 3936 1361 3989 κατ’
1390 3938 1565 3992 έκεῖνο
1590 3957 1711 3993 και-

138 4017 263 4085 ροῦ,
295 4017 393 4087 οὐχ
413 4019 527 4070 ὅσοι
559 4020 718 4088 μόνον
739 4020 1001 4090 ίθαγενεῖς
1025 4025 1123 4097 τῆς
1153 4026 1371 4098 Ῥώμης
1396 4030 1708 4102 ἐτύγχανον,

134 4108 280 4162 ἀλλὰ
309 4109 402 4163 καὶ
420 4110 565 4173 ὅσοις
591 4112 733 4182 αὑτὴ
778 4115 812 4184 ἡ
855 4115 1047 4184 κλῆσις
1072 4117 1222 4189 νόμῳ
1247 4123 1482 4192 χαρίτων
1510 4124 1541 4194 ἢ
1572 4143 1709 4197 χρη-

137 4201 357 4268 μάτων,
409 4203 749 4257 ἐπολιτεύετο
777 4222 793 4237 ·
847 4207 999 4260 οὐδὲν
1060 4205 1155 4265 οὖν
1194 4213 1450 4268 δύσκολον
1496 4220 1709 4273 καὶτὸν

133 4292 284 4345 θεῖον
316 4292 525 4346 Παῦλον
564 4294 814 4350 Ἰουδαῖον
850 4296 998 4362 ὄντα,
1044 4301 1141 4354 καὶ
1180 4302 1449 4375 Ῥωμαῖον
1488 4326 1709 4379 χρημα-

129 4389 311 4441 τίσαι.
345 4388 454 4441 Καὶ
484 4389 591 4458 γάρ
613 4389 708 4444 καὶ
730 4393 850 4445 κατ’
884 4394 1073 4465 ἄνδρα,
1103 4396 1292 4469 ὥσπερ
1314 4402 1341 4454 ὁ
1368 4403 1591 4471 Λυσίας,
1614 4409 1708 4462 καὶ

133 4479 326 4541 πόλεις
353 4480 655 4552 ὁλόκληροι,
679 4483 779 4555 τὴν
821 4484 1107 4555 Ῥωμαίων
1144 4490 1355 4561 κλῆσιν,
1402 4493 1707 4564 ἀλλογενεῖς

1818 2039 2173 2109 ortuquidem
2199 2042 2434 2111 generis,
2466 2054 2522 2097 et
2544 2043 2678 2112 legis
2702 2044 2955 2101 llosaicze
2988 2049 3287 2102 secundum
3311 2051 3394 2103 in-

1820 2132 2188 2199 stitutionem,
2210 2132 2433 2189 Judrus
2451 2134 2554 2189 fuit
2579 2153 2592 2200 ;
2638 2134 2867 2191 Tarsum
2893 2140 3388 2209 habebatpatriam,

1822 2223 1917 2277 ubi
1948 2233 2125 2279 mater
2169 2236 2366 2296 partus
2402 2226 2686 2284 doloribus
2717 2231 2954 2286 relevata
2982 2247 3106 2288 eum
3139 2235 3346 2303 peperit
3373 2250 3390 2298 ;

1816 2322 2025 2381 patrem
2052 2314 2264 2369 civibus
2292 2306 2559 2373 Roinauis
2576 2321 2897 2391 ascriptum,
2923 2323 3003 2375 vel
3019 2324 3389 2381 Romanorum

1819 2401 2154 2479 indulgentia
2217 2406 2301 2459 vel
2355 2409 2563 2463 nummi
2608 2414 2887 2465 numerati
2942 2414 3193 2478 edidere;
3267 2416 3393 2471 hinc

1818 2492 2095 2550 Romanus
2122 2497 2237 2567 ipse
2258 2498 2562 2566 dicebatur,
2593 2512 2648 2557 et
2670 2513 2806 2558 erat.

1888 2584 2158 2652 Quocirca
2182 2604 2306 2643 cum
2330 2591 2401 2644 ad
2428 2606 2553 2647 eum
2579 2593 2767 2663 Lysias
2812 2598 3039 2661 diceret,
3071 2598 3260 2669 Magna
3290 2618 3392 2671 ego

1819 2681 2045 2748 pecunia
2066 2681 2380 2737 civilitatem
2413 2684 2551 2740 banc
2566 2687 2697 2750 emi,
2730 2691 3048 2759 respondit:
3070 2692 3180 2762 Ego
3206 2704 3389 2750 autem

1815 2786 1869 2826 et
1907 2784 2066 2829 natus
2101 2791 2263 2838 sum;
2328 2792 2437 2830 non
2499 2788 2683 2834 autem
2721 2780 2909 2837 Romae
2934 2798 2994 2838 se
3021 2797 3209 2839 natum
3240 2790 3389 2853 vult;

1819 2878 1923 2917 non
1947 2868 2093 2919 enim
2118 2882 2177 2921 se
2203 2866 2393 2936 Lysias
2442 2869 2640 2925 ibidem
2671 2882 2858 2926 natum
2882 2876 3240 2943 gloriabatur,
3298 2890 3393 2933 aut

1816 2960 2194 3021 contendebat,
2249 2962 2345 3014 sed
2413 2962 2466 3015 in
2538 2963 2638 3018 ltac
2699 2963 2945 3019 Romana
3000 2970 3389 3039 appellatione,

1815 3058 1868 3102 et
1907 3050 2051 3103 civili
2105 3051 2228 3119 ejus
2278 3063 2447 3118 statu,
2510 3055 2563 3107 in
2617 3071 2724 3125 qua
2770 3067 2824 3111 et
2853 3062 2968 3128 ipse
2999 3075 3057 3113 se
3090 3063 3391 3117 consistere

1819 3155 1931 3208 pra:
1972 3156 2030 3195 se
2070 3141 2297 3197 ferebat.
2346 3145 2446 3199 Cui
2474 3146 2693 3204 divinus
2720 3148 2918 3206 Paulus
2944 3153 3151 3209 directo
3178 3170 3392 3211 sermo-

1744 3278 1786 3333 c
1822 3249 1889 3286 ne
1916 3235 2011 3297 ait,
2066 3244 2275 3291 tantum
2334 3253 2440 3293 non
2490 3240 2608 3309 ejus
2643 3243 2870 3311 spiritus
2903 3246 3223 3315 deprimens
3260 3268 3271 3303 :
3305 3248 3386 3303 Tu

1820 3325 2037 3392 quidem
2096 3328 2229 3381 mihi
2289 3332 2548 3386 novitiam
2608 3348 2802 3389 narras
2855 3337 3213 3405 nobilitatem,
3280 3353 3388 3397 eta

1821 3416 2103 3484 temetipso
2129 3430 2396 3485 exortam,
2427 3432 2484 3478 at
2512 3424 2644 3478 milii
2679 3427 2820 3480 cedit
2848 3428 2962 3483 haec
2998 3437 3385 3502 praerogativa,

1818 3518 1848 3556 a
1876 3503 2176 3572 majoribus
2210 3505 2456 3575 inundata,
2499 3519 2555 3565 et
2587 3526 2684 3581 per
2709 3523 2987 3581 paternam
3017 3520 3247 3587 gloriam
3284 3538 3384 3576 no-

1819 3592 2018 3648 minata
2060 3598 2125 3649 ad
2152 3612 2238 3649 me
2268 3598 2533 3655 derivata.
2566 3602 2682 3659 Hoc
2714 3606 2803 3661 ille
2831 3609 3044 3673 audito,
3077 3621 3131 3665 et
3164 3627 3390 3681 persua-

1819 3698 1912 3737 sus
1942 3686 2085 3753 quod
2115 3686 2400 3744 Romanus
2428 3701 2566 3756 erat,
2627 3709 2916 3765 propterea
2958 3700 3102 3767 quod
3145 3702 3387 3759 verberi-

1815 3772 1916 3824 bus
1966 3772 2289 3839 cecidisset,
2361 3778 2415 3830 in
2451 3781 2704 3835 timorem
2764 3794 2821 3837 et
2880 3787 3385 3855 pusillanimitatein

1815 3878 2087 3918 conversa
2163 3866 2467 3935 iracundia,
2531 3874 2941 3942 coarctabatur;
2996 3894 3121 3933 nam
3170 3897 3265 3951 per
3296 3886 3385 3940 illa

1812 3969 2056 4029 tempora
2113 3960 2461 4019 deferebatur
2526 3966 2702 4023 honor
2754 3987 2864 4025 non
2915 3973 3091 4029 solum
3126 3976 3386 4036 Romanis

1812 4050 2103 4121 indigenis,
2157 4056 2251 4108 sed
2291 4064 2347 4110 et
2395 4057 2461 4112 iis
2523 4061 2724 4127 quibus
2794 4065 2882 4119 illa
2952 4070 3241 4138 appellatio
3300 4076 3383 4130 vel

1810 4158 1907 4213 per
1937 4146 2191 4215 gratiam,
2224 4148 2307 4202 vel
2344 4164 2441 4218 per
2473 4154 2760 4220 pecuniam
2808 4173 2839 4211 e
2864 4158 2982 4229 lege
3015 4162 3264 4231 cederet;
3295 4172 3381 4221 ni-

1810 4235 1887 4289 bil
1929 4250 2061 4306 ergo
2114 4239 2333 4305 obstat,
2399 4242 2645 4299 divinum
2702 4248 2953 4314 Paulum,
2982 4266 3107 4307 cunt
3162 4252 3384 4317 Iudaeus

1808 4336 1972 4393 esset,
1999 4327 2307 4386 Romanum
2355 4337 2627 4391 nominari
2656 4355 2671 4392 :
2721 4354 2844 4393 nam
2876 4352 2931 4397 et
2969 4345 3170 4399 viritim
3205 4350 3381 4415 multi,

1811 4430 1869 4473 ut
1938 4419 2154 4491 Lysias,
2218 4436 2273 4480 et
2326 4427 2549 4499 integra
2604 4430 2890 4487 confertim
2957 4438 3207 4495 civitates
3256 4457 3383 4498 cum

1806 4520 2078 4568 extranea
2099 4527 2305 4581 essent,
2348 4518 2566 4574 titulum
2596 4520 2972 4581 Romanorum
3002 4530 3201 4585 civium
3243 4533 3294 4586 in
3323 4550 3383 4591 se

126 4569 317 4638 οὖσαι,
337 4574 419 4636 είς
447 4576 645 4639 ἑαυτὰς
666 4578 1072 4646 ἐφειλκύσαντο.
1106 4584 1213 4637 Καὶ
1247 4585 1332 4638 ῖνα
1357 4586 1451 4639 νῦν
1478 4590 1547 4642 τά
1572 4591 1704 4646 ἄλλα

132 4665 299 4697 ..-ητ-
355 4665 944 4697 ιν-......ι1..ι.-...-ι-.
976 4675 1350 4697 ,ετ-,αι-ημς
1388 4680 1468 4697 ..η
1606 4686 1617 4697 .

2291 4569 2305 4581 ,
2353 4569 2566 4574 --,_-___
2596 4569 2972 4581 _-----_-.-.-...
3003 4569 3200 4585 ...η-η..
3323 4569 3380 4591 ,υ

1813 4602 2145 4660 derivarunt.
2177 4605 2246 4661 Ut
2271 4620 2467 4665 caetera
2506 4616 2941 4683 prastermittam,
2996 4622 3125 4675 audi
3174 4622 3380 4697 Philip-

126 4938 311 5007 αὐτῆς
329 4940 378 4992 οί
407 4940 609 5011 κύριοι,
632 4940 749 4995 δέον
770 4944 1132 5014 εὐχαριστεῖν,
1158 4949 1585 5023 ἀνεφλέχθησαν,
1611 4957 1703 5011 καὶ

124 5034 260 5095 τοὺς
299 5032 592 5103 εὐεργέτας
635 5035 717 5098 είς
761 5034 858 5107 τὴν
899 5038 1104 5106 ἀγοράν
1137 5042 1230 5094 ἐπὶ
1270 5043 1396 5108 τοὺς
1437 5046 1702 5119 ἄρχοντας

122 5124 369 5187 εῖλκυον,
411 5124 554 5178 οὕτω
590 5128 775 5193 φασίν*
826 5124 984 5183 Οὗτοι
1024 5131 1074 5184 οί
1118 5131 1393 5203 ἄνθρωποι
1436 5137 1709 5210 ἐκταράσ-

1813 5150 2077 5217 homines,
2131 5170 2254 5208 cum
2307 5157 2420 5213 sint
2442 5159 2636 5227 Judaai,

120 5231 318 5268 σουσιν
350 5216 505 5285 ἡμῶν
551 5216 651 5286 τὴν
678 5219 851 5285 πόλιν,
891 5221 1137 5275 Ἰουδαῖοι
1168 5225 1519 5298 ὑπάρχοντες.
1566 5229 1700 5286 Είτα

117 5309 218 5363 καὶ
261 5311 725 5377 καταγγέλλουσιν
761 5313 859 5383 ἔθη
891 5315 929 5369 ἃ
972 5316 1074 5370 οὐκ
1119 5318 1327 5385 ἔξεστιν
1357 5325 1488 5393 ἡμῖν
1518 5342 1700 5397 παρα-

113 5399 379 5470 δέχεσθαι
418 5401 537 5454 οὐδὲ
574 5406 770 5470 ποιεῖν,
813 5408 1103 5479 Ῥωμαίοις
1136 5406 1306 5467 οὖσιν.
1366 5415 1528 5488 Ὁρᾷς
1555 5420 1702 5484 ὅπως

114 5495 165 5545 οἱ
207 5491 569 5563 Φιλιππήσιοι
615 5496 869 5568 Ῥωμαῖοί
898 5518 957 5553 τε
1004 5504 1392 5573 ἐχρημάτιζον,
1420 5510 1514 5562 καὶ
1560 5510 1692 5565 Ῥω-

175 5662 224 5693 ⁸⁶
263 5660 387 5717 Act.
414 5673 568 5723 unt,
596 5662 683 5717 ‘37.

1806 4876 2061 4948 illiusque
2094 4880 2349 4938 dominus
2382 4885 2477 4953 qui
2520 4888 2727 4956 gratias
2753 4889 3004 4958 debebat,
3030 4896 3099 4950 ob
3120 4912 3238 4951 eam
3266 4914 3377 4954 rem

1801 4966 1880 5021 ira
1912 4967 2277 5027 inﬂammatus
2318 4974 2694 5034 benefactores
2729 4980 2785 5035 in
2836 4980 3016 5039 forum
3072 4989 3139 5042 ad
3180 4992 3378 5060 magis-

1809 5068 2009 5115 tratum
2071 5062 2367 5130 adductos,
2429 5067 2691 5125 tribunali
2743 5072 2995 5130 sisteret:
3034 5078 3375 5151 lsti,inquit,

2688 5164 2956 5221 civitatein
2991 5182 3232 5229 nostram
3263 5185 3378 5231 tur-

1802 5240 1970 5310 bant;
2018 5247 2348 5303 annuntiant
2395 5251 2539 5305 enim
2591 5269 2731 5309 nova
2767 5258 2927 5313 nobis
2977 5262 3225 5319 instituta
3253 5284 3377 5337 quae

1801 5334 2095 5392 admittere
2127 5354 2237 5394 non
2267 5340 2416 5409 licet,
2481 5361 2605 5400 cum
2668 5347 2899 5404 Romani
2950 5352 3144 5409 simus.
3177 5334 3371 5422 Audis,

1798 5436 1858 5519 ut
1922 5427 2299 5503 Pliilippenses
2356 5436 2583 5492 Romani
2642 5439 2989 5509 dicebantur,
3052 5456 3108 5503 et
3158 5450 3260 5519 ipsi
3314 5470 3374 5507 se

1794 5515 2069 5577 Romanos
2121 5526 2435 5589 nominant:
2486 5528 2857 5604 Pbilippenses
2910 5552 2939 5589 a
2994 5515 3372 5607 patria'dicc-

1379 5781 1610 5839 VARle
1642 5784 2050 5847 LECTIONES.

437 5866 461 5902 ι’
488 5864 720 5934 Τάρσου.
803 5869 817 5906 ί
848 5868 937 5920 τὸν
964 5868 1043 5923 δέ.
1126 5870 1138 5917 ι
1176 5869 1312 5925 ὅθεν.

478 5959 741 6020 ιἰτιιυι..
779 5962 894 6022 Gn.
927 5960 1027 6021 Cl.

188 5869 212 5907 ε
247 5866 359 5919 καί.
