4162 6442
801 441 906 503 963

1948 444 2148 504 ΡΗΟΤ
2153 446 2209 505 ΙΙ
2245 447 2520 508 PATRIA
2530 451 2748 510 RC1”!
2773 454 2880 512 CP.

3931 471 4032 532 Si

797 557 1014 620 bantur,
1031 555 1256 611 Romani
1277 571 1373 627 per
1390 555 1684 612 decretum.
1704 556 1842 622 Quid
1871 557 2094 629 impedit
2109 578 2261 630 ergo,
2281 577 2362 632 po

2478 569 2668 633 μαίους
2699 569 2923 631 ἑαυτοὺς
2957 568 3338 639 ὲξονομάζοιισι
3359 591 3373 603 ·
3405 576 3466 626 τὺ
3487 576 3586 644 μὲν
3608 577 3828 646 ἔχοντες
3847 582 3918 632 lx
3941 601 4037 635 1.:-

798 648 905 700 tius
933 648 1071 698 unde
1101 661 1206 698 non
1224 646 1372 700 clare
1399 655 1632 710 constat,
1663 647 1881 701 beatum
1899 646 2125 703 Paulum
2149 655 2240 720 qui
2271 650 2368 704 Ju-

796 737 942 787 dzeus
957 742 1095 796 erat,
1113 745 1168 788 et
1181 734 1487 789 Romanum
1507 735 1718 790 fuisse?
1737 736 1932 807 Liquet
1950 742 2093 793 enim
2107 756 2214 794 non
2243 742 2372 797 fuisp

795 842 855 881 se
872 829 1229 895 imposturam
1249 841 1343 882 aut
1357 831 1624 884 mendacii
1642 843 1983 899 prctextum,
2001 837 2146 902 quod
2171 835 2368 892 Paulus

797 920 1026 973 Romani
1057 923 1272 973 titulum
1323 922 1426 976 sibi
1458 923 1771 977 vindicarit.
1798 922 1856 976 Si
1889 926 2165 980 nonnullis
2192 942 2250 980 se
2275 930 2372 981 Ju-

793 1012 969 1065 daeum
1035 1013 1397 1080 proﬁteretur,
1465 1016 1592 1070 aliis
1653 1032 1714 1070 se
1770 1028 1986 1072 vocaret
2034 1018 2364 1081 Romanum,

796 1104 940 1157 fictio
975 1106 1064 1157 illa
1126 1105 1193 1158 de
1247 1107 1564 1174 deceptione
1617 1108 1855 1177 aliquam
1897 1111 2130 1176 speciem
2160 1127 2271 1179 pra
2306 1127 2366 1166 se

795 1195 962 1250 ferret
1002 1214 1014 1248 :
1073 1198 1215 1266 quod
1271 1199 1315 1252 si
1341 1200 1483 1262 apud
1535 1203 1754 1254 eosdem
1814 1210 2111 1269 utrumque
2144 1218 2203 1256 se
2237 1219 2364 1258 esse

795 1289 1106 1353 contendat,
1143 1300 1290 1344 certe
1344 1292 1496 1344 valde
1540 1294 1765 1346 stultum
1819 1292 1961 1348 foret
2021 1295 2361 1361 existimare,

795 1381 940 1448 quod
973 1381 1317 1435 mendacium
1399 1385 1709 1452 meditatus,
1751 1386 1880 1439 illud
1921 1388 2189 1457 imprimis
2233 1403 2361 1457 pro-

792 1480 1035 1538 poneret,
1063 1479 1117 1524 et
1145 1483 1272 1525 ante
1304 1472 1409 1524 alia
1440 1476 1724 1537 fateretur,
1761 1477 1903 1529 unde
1937 1492 2100 1546 quam
2131 1479 2359 1547 expedi-

792 1562 1008 1615 tissime
1054 1561 1178 1615 ticta
1231 1562 1473 1631 proferre
1521 1566 1955 1620 convinceretur.
1997 1568 2169 1642 ilagis
2199 1571 2362 1639 perti-

793 1655 975 1717 nebat,
1033 1652 1103 1708 ad
1161 1657 1435 1710 hominem
1479 1659 1604 1726 jure
1663 1659 2025 1715 conﬁdentem
2056 1665 2355 1719 secundum

791 1742 868 1796 rei
894 1751 1169 1805 naturam,
1199 1752 1254 1798 et
1286 1745 1569 1800 veritatem
1601 1747 1805 1810 dicere.
1829 1765 1949 1819 quae
1972 1755 2124 1806 omni
2152 1755 2358 1809 calum-

792 1833 904 1895 nia,
935 1835 1268 1904 suspicione,
1297 1835 1536 1891 falsitate
1561 1837 1834 1894 efﬁcacior
1860 1851 2033 1913 est'et
2067 1845 2351 1909 illustrior,

2472 657 2670 726 τρίδος,
2717 660 2776 710 τὸ
2810 659 2887 721 δὲ,
2932 661 3041 714 ἀπὸ
3095 662 3476 732 ψηφισμάτων.
3508 664 3573 717 τί
3611 664 3704 720 οὖν
3749 672 4034 736 humilis;

2473 748 2671 816 μᾶλλον
2701 749 2777 810 δὲ,
2819 750 2937 812 πῶς
2959 753 3019 802 οὐ
3055 755 3344 820 γεγένηται
3379 759 3633 825 φανερδν,
3665 764 3762 813 καὶ
3809 765 3910 813 ὡν
3943 784 4036 830 μα-

2469 841 2655 907 κάριον
2685 841 2892 892 Παῦλον
2937 843 3183 895 Ἰουδαῖον
3219 847 3368 908 ὄντα,
3401 853 3493 900 καὶ
3538 850 3812 918 Ῥωμαῖον
3856 850 4031 914 sint;

2473 931 2632 995 Δῆλον
2659 931 2716 981 δὲ
2756 933 3068 995 κάντεῦθεν,
3094 935 3169 998 ὠς
3213 939 3313 988 οὐκ
3341 940 3553 1008 ἀπάτη(⁵
3607 938 3676 1011 ἦν
3717 945 3750 1012 ἢ
3809 946 4032 1010 desiit»;

2466 1022 2761 1089 πρόσχημα
2809 1023 2888 1092 τῷ
2949 1026 3162 1094 "nam.
3217 1029 3316 1096 τῆς
3355 1031 3668 1101 Turni-rit:
3719 1038 4030 1106 κλήσει-ςή

2465 1114 2756 1176 οἰκείωσις.
2791 1117 2853 1168 Εἰ
2880 1118 2989 1186 γὰρ
3017 1121 3153 1187 πρὸς
3193 1121 3382 1184 ἄλλους
3417 1125 3515 1191 μὲν
3559 1127 3815 1178 Wand-19v
3850 1132 4033 1182 ἐααηίν

2465 1205 2670 1268 ἐκάλει,
2715 1208 2986 1277 Ῥωμαῖον
3028 1210 3085 1262 δὲ
3125 1212 3259 1277 πρὸς
3303 1215 3542 1283 ἑτέρους,
3586 1215 3731 1286 εἶχεν
3760 1220 3836 1272 ἄν
3883 1224 3918 1289 ἠ
3946 1225 4032 1287 τῆς

2463 1298 2679 1366 ἀπάτης
2709 1302 2879 1370 σκηνή
2920 1317 3042 1353 τινα
3073 1303 3248 1369 λόγον.
3287 1306 3349 1356 Ei
3394 1307 3452 1358 δὲ
3484 1309 3618 1376 πρὸς
3665 1311 3802 1372 τοὺς
3845 1314 4032 1373 αὐτοὺς

2461 1387 2744 1459 ἀμφότερα
2784 1389 3091 1456 διετείνετο,
3137 1394 3253 1457 1:13;
3278 1396 3338 1448 οὐ
3378 1395 3499 1448 λίαν
3521 1398 3718 1468 εὔηθες
3761 1402 4031 1464 ὑπονοεῖν,

2461 1475 2544 1526 ὅτι
2570 1476 2762 1540 ψεῦδος
2787 1479 2962 1530 εἰπεῖν
3006 1481 3332 1550 μελετήσας,
3382 1485 3559 1536 ἐκεῖνο
3613 1487 3905 1556 προῦθηκε
3951 1495 4032 1542 καὶ

2461 1566 3024 1638 προδιωμολογήσατο,
3058 1572 3125 1624 δι’
3144 1570 3207 1627 οὗ
3239 1575 3439 1642 μᾶλλον
3471 1577 3538 1629 ἂν
3565 1595 3652 1641 τις
3673 1581 4032 1652 πέλεια-μένε

2459 1654 2633 1724 λέγων
2674 1659 3049 1729 ἐξελέγχοιτο;
3080 1663 3421 1734 Θαρροῦντος
3456 1670 3568 1738 γὰρ
3608 1673 3819 1739 μετιὼν
3864 1669 3938 1742 ἦν
3967 1678 4032 1736 ὸς

2458 1748 2673 1818 ἀληθῶς
2709 1753 2776 1821 τῇ
2802 1752 2911 1804 τῶν
2946 1758 3288 1823 πραγμάτων
3309 1759 3489 1827 φύσει,
3524 1763 3619 1813 καὶ
3645 1765 3749 1832 τὴν
3773 1764 4030 1833 ἀλήθειαν

2459 1840 2691 1907 ἔχοντος,
2721 1843 2973 1914 διαϐολῆς
3001 1846 3220 1918 ἀπάσης
3246 1851 3342 1902 καὶ
3379 1852 3632 1918 ὑπονοίας
3670 1857 3765 1908 καὶ
3809 1857 4031 1924 μύδοος

791 1925 935 1994 apud
977 1925 1125 1994 ipsos
1166 1930 1467 1997 presertim
1516 1930 1569 1983 in
1604 1931 1764 1998 pleno
1797 1947 2056 1988 consessu
2112 1935 2356 1999 ludens,

2462 1933 2857 2005 ἐναργεστέραν
2898 1954 2960 1990 τε
3003 1942 3096 1991 καὶ
3149 1941 3556 2014 λαμπροτέμιν,
3604 1948 3665 1998 οδ
3720 1919 3868 2018 πρές
3915 1953 4030 2012 τοὺς

797 2034 858 2075 se
880 2017 1125 2074 ludam
1160 2021 1457 2085 declarare,
1516 2034 1568 2078 et
1598 2027 1744 2093 quod
1771 2023 2055 2082 Tarsensis
2083 2031 2277 2097 patria,
2307 2039 2361 2085 et

794 2111 867 2165 ita
921 2111 1139 2165 demum
1203 2114 1351 2182 quod
1399 2114 1678 2171 Romanus
1728 2127 1884 2172 erat:
1933 2134 2113 2187 eoque
2176 2124 2358 2191 potius

793 2202 937 2272 quod
964 2218 1071 2257 non
1114 2207 1302 2268 semel,
1349 2221 1446 2260 nec
1492 2210 1785 2264 oecultese
1831 2206 2133 2265 Romanum
2195 2215 2354 2282 proti-

795 2303 1023 2357 teretur,
1073 2296 1166 2350 sed
1218 2298 1302 2351 bis
1345 2307 1493 2352 terve
1547 2301 1830 2353 tribunum
1867 2301 2236 2367 terrefacicns,
2266 2304 2360 2373 qui

791 2387 1016 2440 omnino
1038 2388 1089 2440 in
1123 2385 1363 2444 furorem
1397 2404 1697 2446 conversus
1729 2392 1942 2459 fuisset,
1984 2395 2028 2446 si
2065 2393 2358 2450 falsitatem

796 2487 918 2548 post
949 2489 1260 2535 accuratam
1289 2483 1665 2552 quaestionem,
1720 2486 1785 2538 ad
1819 2500 1982 2554 quam
2031 2488 2360 2544 incitabatur

799 2587 898 2642 per
928 2573 1076 2627 illam
1113 2572 1548 2637 aﬂirmationem,
1591 2577 1904 2644 reperisset.
1936 2577 2118 2634 Facile
2157 2582 2360 2636 idcirco

799 2665 1046 2720 ediscere
1074 2665 1376 2734 poterimus
1412 2682 1442 2718 e
1490 2667 1674 2720 multis
1722 2672 2087 2736 praestensis,
2142 2672 2358 2727 beatum

797 2755 1023 2810 Palum
1081 2756 1387 2810 liomanum
1419 2757 1741 2822 exstitisse;
1795 2759 2062 2828 imprimis
2114 2767 2184 2818 ab
2231 2765 2361 2818 imi—

791 2848 951 2901 dente
986 2847 1087 2915 ipsi
1121 2849 1363 2908 veritate,
1399 2848 1555 2915 cujus
1592 2863 1766 2917 ρηοςο
1797 2856 2216 2919 agnoscebatur,
2245 2865 2358 2910 tum

790 2939 937 3009 quod
995 2953 1119 2992 cum
1178 2938 1388 2992 sistitur
1444 2939 1725 3003 tribunali,
1764 2942 1999 3010 seipsum
2054 2943 2359 3000 Romanum

793 3028 1112 3096 proclamat.
1150 3025 1334 3082 Tettio
1363 3029 1508 3097 quod
1551 3043 1677 3082 cum
1716 3030 1783 3084 de
1835 3031 2138 3100 impostura
2176 3046 2230 3090 et
2259 3036 2362 3090 fal-

793 3119 945 3172 laciis
973 3118 1358 3188 postularetur,
1395 3134 1504 3173 nun
1535 3121 1639 3174 nisi
1679 3121 1906 3175 ridicule
1931 3133 1985 3176 et
2014 3125 2363 3192 impudenter

2459 2025 2680 2088 αὐτοὺς,
2733 2029 2831 2080 atat
2877 2027 2938 2080 ὲν
2987 2029 3267 2101 ὁλοκλήρῳ
3303 2032 3483 2102 δήμῳ,
3534 2035 3795 2089 Ἰουδαῖον
3843 2040 4029 2090 ἑαυτὸν

2461 2119 2773 2183 ἀνειπόντα,
2804 2121 2896 2172 καὶ
2931 2121 3030 2190 τὴν
3062 2124 3299 2193 πατρίδα
3327 2125 3408 2176 ὅτι
3445 2123 3716 2194 Ταρσεὴ,
3755 2126 4029 2195 Ῥωμαῖν

2461 2210 2657 2277 ἑφεξῆς
2684 2212 3066 2279 ἀτωφήνασθαι
3085 2230 3100 2245 ο
3129 2215 3223 2266 καὶ
3253 2214 3488 2282 μάλιστά
3521 2231 3606 2282 γε,
3648 2217 3733 2268 ὅτι
3760 2217 3869 2284 οὐχ
3895 2216 4032 2279 ἀπα-ξ

2459 2301 2580 2353 οὐδὲ
2593 2301 2782 2374 ὥσπερ
2797 2303 3091 2367 λανθάνων,
3113 2307 3195 2370 τὸ,
3226 2307 3526 2374 Ῥωμαῖος,
3546 2310 3884 2378 ἐπήνεγκεν·

2460 2392 2553 2444 καὶ
2580 2392 2680 2454 δῖς,
2714 2397 2905 2457 και·ιίς
2929 2393 3128 2466 τρίτον,
3165 2397 3259 2449 καὶ
3285 2398 3378 2450 τὸν
3408 2397 3683 2468 χιλίαρχον
3723 2400 4032 2467 δεδιττόμε-

2460 2497 2549 2544 νος
2569 2498 2583 2510 ·
2617 2483 2647 2535 δ
2678 2483 2911 2548 μάλιστα
2939 2485 3032 2536 καὶ
3059 2487 3137 2546 είς
3158 2485 3325 2554 ὀργὴν
3365 2485 3575 2539 ἐκκαίει
3597 2486 3690 2538 καὶ
3712 2487 3858 2554 πρὸς
3877 2488 4032 2553 ἀκρι-

2461 2573 2745 2645 ϐεστέραν,
2773 2578 2867 2628 καὶ
2897 2577 3023 2638 τούς
3054 2594 3118 2644 γι
3149 2578 3222 2646 μὴ
3259 2578 3632 2648 βουλομένους,
3676 2578 4035 2630 ἀνακινεῖιά

2463 2665 2794 2735 διανίστησιν
2814 2667 3058 2736 ἐρευναν.
3089 2669 3244 2720 Ἔστι
3266 2669 3443 2720 τοίνυν
3466 2669 3555 2721 τὸν
3577 2668 3872 2721 θεσπέσιον
3893 2667 4034 2721 llas}.

2463 2755 2573 2818 λον,
2596 2756 2680 2808 διὰ
2703 2757 2961 2810 πλειόνων
2981 2759 3055 2819 ὼς
3077 2759 3311 2827 ἐδείχθη,
3341 2761 3606 2826 Ῥωμαῖον
3621 2753 3764 2812 εἶναι
3789 2775 4036 2827 καταμι-

2462 2845 2593 2898 θεῖνο
2613 2847 2826 2915 πρῶτον
2855 2849 2954 2916 μὲν
2976 2848 3084 2900 ἀπὺ
3111 2848 3211 2918 τῆς
3246 2850 3547 2919 προσούσης
3567 2850 3716 2919 αὐτῷ
3743 2849 4032 2919 ἀληθείας

2462 2937 2555 2988 καὶ
2595 2937 2675 2989 ὅτι
2708 2939 2878 3006 κῆρυξ
2909 2939 3079 3009 αὐτῆς
3108 2941 3449 3007 ἑγνωρίζετο.
3493 2940 3780 3011 Δεύτερον,
3829 2943 3918 2994 ὅτι
3948 2943 4036 2993 καὶ

2462 3030 2726 3099 κριτηρίῳ
2761 3032 3116 3100 παρεστηκὼς
3137 3034 3333 3085 ἑαυτὸν
3362 3033 3627 3103 Ῥωμαῖον
3669 3035 4032 3103 ἀνεκήρυττι.

2462 3120 2567 3171 Kal
2585 3120 2781 3188 τρίτον,
2802 3123 2882 3173 ὅτι
2895 3123 2974 3184 εἰς
2988 3123 3201 3190 ἀπάτην
3215 3123 3310 3174 καὶ
3327 3124 3655 3193 κακουργίαν
3671 3123 4037 3190 cumam}

793 3214 1008 3268 mentiri
1038 3221 1247 3282 poterat
1277 3232 1291 3268 :
1326 3223 1380 3268 et
1407 3215 1550 3281 quod
1585 3229 1714 3277 non,
1751 3227 1808 3270 ut
1838 3215 1917 3280 fit,
1953 3217 2181 3274 fortuito
2212 3222 2358 3275 illam

2466 3227 2645 3278 μενος,
2664 3213 2721 3264 ἐν
2735 3205 2778 3278 ᾧ
2791 3212 2913 3264 οὐδὲ
2930 3214 3020 3265 τὸν
3041 3214 3161 3266 λίαν
3178 3215 3348 3282 εὐήθη
3365 3215 3457 3266 καὶ
3471 3215 3661 3283 ἀναιδῆ
3681 3214 4037 3283 ἑνῆνδιαιζοεὺ-

794 3319 978 3358 vocem
1002 3304 1300 3367 emittebat,
1338 3313 1433 3358 aut
1457 3305 1691 3372 joculari
1733 3309 1967 3376 quadam
2011 3311 2364 3366 simulatione

796 3411 946 3461 usus,
979 3395 1123 3466 quod
1162 3399 1288 3466 quis
1318 3397 1586 3465 suspicari
1624 3399 1813 3466 possit,
1845 3401 1938 3454 sed
1966 3411 2024 3454 ut
2069 3417 2129 3457 se
2159 3404 2366 3458 exime-

797 3499 877 3541 ret
915 3501 944 3539 a
977 3488 1282 3550 tormentis,
1336 3498 1390 3541 et
1447 3488 1761 3557 praefectum
1796 3490 2166 3546 terrefaeeret.
2199 3493 2365 3547 Porro

795 3574 942 3644 quod
973 3573 1190 3644 Lysiam
1226 3576 1280 3629 iu
1308 3591 1439 3630 suas
1466 3587 1646 3646 partes
1698 3580 1980 3646 pertraxit,
2021 3592 2079 3634 ut
2106 3597 2136 3636 a
2167 3592 2364 3637 contu-

799 3667 957 3719 melia
986 3665 1262 3720 inferenda
1289 3667 1587 3721 abstineret
1614 3685 1628 3732 ;
1677 3677 1730 3722 et
1762 3671 1905 3738 quod
1945 3670 2136 3742 Lysias
2159 3675 2225 3728 ad
2258 3674 2363 3729 Fe-

799 3757 956 3810 licem
990 3757 1227 3825 scripsit,
1257 3772 1317 3812 se
1355 3759 1579 3812 Paulum
1626 3759 1930 3814 Romanum
1960 3764 2130 3817 civem
2179 3781 2210 3818 a
2264 3764 2364 3819 Ju-

797 3849 1036 3902 dmorum
1088 3849 1389 3917 sanguineo
1421 3851 1606 3903 furore
1638 3851 1927 3905 exemisse.
1960 3853 2024 3906 Et
2048 3864 2192 3908 certe
2216 3856 2366 3911 Felix

802 3940 922 3992 licet
953 3938 1186 3992 voluerit
1229 3937 1434 3993 Judzeis
1463 3939 1779 4009 gratificari,
1817 3944 1882 3995 de
1930 3944 2020 3996 tali
2056 3946 2367 4014 suspicione

799 4045 866 4082 ne
921 4030 1194 4098 cogitabat
1225 4031 1441 4099 quidem
1491 4049 1506 4087 :
1560 4033 1826 4099 imprimis
1865 4036 2035 4088 refelli
2057 4052 2164 4090 non
2191 4047 2367 4107 potest

800 4121 950 4185 illud,
987 4122 1132 4189 quod
1172 4137 1304 4190 gens
1327 4121 1635 4177 Judzeorutn
1667 4133 1779 4178 tum
1804 4140 2064 4194 prassens,
2093 4138 2149 4183 et
2178 4140 2364 4185 contra

799 4225 923 4264 eum
961 4211 1160 4266 eadem
1193 4212 1432 4280 spirans,
1464 4226 1518 4266 et
1565 4215 1639 4266 nil
1671 4230 1775 4267 non
1814 4231 2031 4282 ausura,
2060 4234 2167 4273 non
2200 4224 2366 4275 audc-

804 4305 932 4357 bant
986 4304 1064 4356 illi
1112 4305 1288 4357 dicam
1361 4305 1668 4359 istiusmodi
1720 4308 1984 4362 mendacii
2040 4310 2362 4365 inscribere.

800 4393 1023 4447 Accedit
1077 4395 1220 4461 quod
1276 4397 1416 4463 apud
1466 4397 1684 4451 eosdem
1748 4407 2039 4466 utrumque
2088 4404 2365 4468 professus

804 4484 984 4546 fuerit,
1017 4499 1208 4552 nempe
1251 4486 1395 4553 quod
1424 4484 1644 4538 Judazus
1669 4495 1724 4538 et
1748 4490 1892 4554 quod
1927 4492 2202 4544 ttomanus
2225 4501 2362 4556 erat;

2467 3303 2679 3353 σασθαι.
2695 3305 2802 3355 Καὶ
2815 3303 2897 3356 ὅτι
2913 3304 3008 3372 οὺχ
3019 3305 3204 3368 ἁπλῶς
3219 3307 3394 3374 ἀφῆκε
3411 3305 3613 3373 ταύτην
3627 3306 3729 3375 τὴν
3746 3305 3941 3374 φωνὴν
3952 3305 4035 3355 καὶ

2467 3393 2858 3463 θρυπτόμενοςο
2881 3396 3016 3465 ὅπερ
3043 3396 3110 3449 ἄν
3131 3413 3214 3459 τις
3241 3397 3367 3459 ἴσως
3398 3398 3494 3449 καὶ
3518 3398 3875 3466 Datamen,

2468 3484 2714 3552 βασάνων
2739 3487 2930 3538 ἑαυτὸν
2960 3486 3340 3557 ἐξαιρούμενος
3363 3488 3571 3540 καὶτὸν
3599 3489 3846 3556 ἄρχοντα
3873 3488 4036 3540 δεδιτ-

2464 3575 2708 3642 τόμενος.
2745 3575 2862 3628 Ἔτι
2886 3577 2943 3628 δὲ
2970 3576 3064 3629 καὶ
3102 3577 3161 3640 ἐξ
3190 3576 3353 3630 αὐτοῦ
3389 3576 3484 3628 τοῦ
3511 3576 3806 3629 πεπεῖσθαι
3837 3579 4036 3629 Λυσίαν

2466 3668 2560 3718 καὶ
2596 3667 2931 3736 ἀποσχέσθαι
2957 3671 3052 3738 τῆς
3073 3668 3299 3738 ὕϐρεως,
3330 3670 3421 3721 καὶ
3449 3671 3512 3721 ὲκ
3539 3667 3632 3721 τοῦ
3659 3669 3803 3738 πρὸς
3831 3669 4036 3739 Oﬁlius

2465 3760 2521 3814 δὲ
2559 3762 2942 3826 διατείνασθαι,
2979 3765 3063 3815 ὅτι
3105 3761 3372 3832 Ῥωμαῖον
3397 3763 3526 3815 ὄντα
3549 3764 3641 3814 τὸν
3675 3761 3923 3822 Παῦλον,
3947 3765 4037 3827 τίς

2478 3852 2771 3923 Ἰουδαϊκῆς
2802 3854 3113 3922 μιαιφονίας
3143 3854 3402 3918 ἐξείλατο.
3429 3855 3503 3906 Οὐ
3540 3853 3646 3923 μὴν
3681 3853 3825 3906 ἀλλά
3869 3856 3962 3906 καὶ
3985 3855 4035 3917 ἐξ

2465 3939 2540 3997 ὧν
2566 3923 2760 4014 Φῆλικι
2789 3946 2910 4014 μηδ’
2932 3946 3012 4006 εἰς
3036 3945 3280 4008 ἐξέτασιν
3302 3945 3475 3998 ἐλθεῖν
3501 3947 3761 4014 τοιαύτης
3785 3949 4037 4009 ὑπονοίας

2465 4036 2776 4103 ἐξεγένετο,
2839 4036 3014 4088 καίτοι
3055 4035 3370 4105 χαρίζεσθαι
3417 4036 3693 4096 Ἰουδαίοις
3741 4053 4036 4107 προαιρουο

2470 4125 2614 4193 μένῳ
2644 4126 2734 4175 καὶ
2787 4123 3095 4176 σπεύδοντι·
3125 4125 3218 4176 καὶ
3264 4124 3324 4175 τὸ
3367 4124 3569 4194 σφόδρα
3615 4127 4035 4195 ἀναντίρρητον,

2465 4216 2548 4267 ὅτι
2575 4217 2695 4268 οὐδὲ
2714 4214 2822 4267 τῶν
2871 4214 3140 4267 Ἰουδαίων
3164 4217 3192 4267 ό
3218 4216 3388 4285 δῆμος
3415 4215 3604 4285 παρὼν
3631 4217 3732 4268 καὶ
3764 4217 3967 4284 φωνιῖνν
3992 4220 4035 4277 ι,

2467 4308 2561 4358 καὶ
2584 4307 2761 4359 πάντα
2783 4305 3016 4375 τολμῶν,
3039 4306 3148 4358 οὐδ’
3177 4309 3382 4368 ἐκεῖνος
3415 4308 3711 4376 ἐτόλμησεν
3739 4310 3844 4361 ἐπὶ
3872 4310 4037 4380 τούτῳ

2465 4397 2812 4466 ψευδολογίας
2860 4397 3026 4450 αὑτὸν
3060 4397 3389 4466 γράψασθαι.
3426 4397 3568 4467 Πρὸς
3615 4397 3672 4450 δέ
3723 4415 3794 4466 τε
3835 4399 4037 4462 τούτοις

2467 4489 2551 4540 ὃτι
2591 4489 2684 4541 καὶ
2711 4489 2846 4557 πρδς
2873 4489 3067 4550 αὐτοὺς
3089 4490 3255 4556 ἄμφω
3285 4488 3409 4556 ἔφη,
3442 4489 3517 4550 ὡς
3561 4487 3821 4551 Ἰουδαῖός
3860 4509 3921 4544 τι
3951 4495 4037 4543 καὶ

803 4577 946 4644 quod
986 4591 1142 4630 nemo
1171 4577 1337 4630 libere
1366 4581 1605 4646 profiteri
1643 4580 1820 4640 vellet,
1869 4582 1972 4634 nisi
2005 4584 2096 4650 qui
2154 4583 2362 4636 veritati

2482 4582 2752 4649 Ῥωμαῖος
2777 4582 2860 4651 είη
2880 4596 2896 4611 ο
2923 4581 3059 4651 ὅπερ
3088 4583 3188 4634 οὐκ
3209 4583 3274 4635 ἄν
3297 4599 3381 4644 τις
3414 4582 3487 4651 μὴ
3518 4581 3633 4635 λίαν
3661 4583 3958 4646 πεποιθὼς
3975 4587 4034 4652 τῇ

803 4683 1146 4737 summopere
1169 4669 1499 4734 confideret;
1541 4686 1639 4724 nec
1666 4672 1985 4739 simpliciter
2011 4682 2244 4736 tantum,
2271 4675 2365 4729 sed

803 4760 946 4829 quod
984 4774 1106 4815 cum
1139 4761 1539 4815 asseveratione
1571 4762 1920 4817 immanendo
1958 4765 2108 4817 illum
2146 4766 2362 4819 titulum

806 4869 915 4922 pra:
943 4866 1000 4907 se
1063 4852 1246 4907 ferret.
1277 4851 1334 4906 Si
1361 4854 1540 4908 adhuc
1566 4854 1757 4922 placet,
1792 4864 1845 4906 et
1875 4855 2026 4916 illud,
2061 4857 2204 4923 quod
2238 4857 2366 4909 viri-

807 4944 902 4995 tim
937 4951 993 4996 et
1037 4942 1272 4996 urbatim
1294 4978 1310 5004 ,
1345 4940 1646 4994 Ronaanum
1675 4941 1910 5003 titulum,
1945 4943 2036 5009 qui
2069 4955 2173 4994 non
2207 4956 2361 4996 eam-

799 5035 919 5086 dem
961 5033 1188 5102 patriam
1225 5033 1592 5087 sortiebantur
1632 5048 1728 5100 per
1757 5032 2121 5100 psepliismata
2165 5045 2360 5087 conse-

799 5125 1115 5192 quebantur.
1148 5125 1323 5193 Atque
1353 5124 1426 5177 ita
1483 5123 1852 5186 manifestum,
1911 5133 1961 5176 et
2016 5125 2136 5176 sine
2199 5124 2364 5178 dubio

797 5228 1050 5270 constare
1087 5216 1342 5280 arbitror,
1377 5217 1522 5284 quod
1553 5213 1778 5277 Paulus,
1808 5215 1853 5267 si
1885 5215 2008 5282 quis
2042 5216 2184 5269 alius
2217 5215 2270 5268 in
2304 5231 2361 5270 re

795 5307 999 5376 aliqua,
1053 5307 1104 5361 in
1137 5317 1366 5377 utroque
1419 5322 1605 5360 verum
1644 5306 1802 5364 dixit.
1841 5307 1932 5374 qui
1989 5322 2048 5362 se
2104 5321 2228 5360 cum
2259 5306 2358 5361 Ju-

795 5402 972 5454 dmum
1001 5401 1236 5466 prodidit
1263 5410 1375 5454 tum
1408 5399 1734 5452 Romanum.
1782 5403 1852 5450 At
1880 5398 2011 5467 quid
2036 5439 2051 5463 ,
2088 5399 2355 5466 inquient,

795 5507 975 5545 nonne
997 5491 1341 5546 Christianus
1371 5490 1512 5544 fuit?
1554 5490 1786 5545 Omnino
1834 5489 1954 5542 fuit.
1996 5487 2136 5554 Quid
2172 5491 2357 5559 igitur,

795 5600 899 5638 non
936 5599 1028 5652 per
1057 5584 1160 5639 hoc
1192 5599 1389 5638 nomen
1413 5599 1470 5639 se
1500 5582 1836 5640 nominavit?
1867 5580 2102 5646 Scilicet,
2135 5584 2189 5637 in
2229 5598 2366 5650 prte-

2464 4672 2711 4740 ἀληθείᾳ,
2741 4673 3172 4742 παρρησιάσοιτο
3195 4687 3209 4700 ⁵
3245 4673 3340 4725 καὶ
3379 4675 3460 4726 ὃτι
3507 4673 3924 4743 διατεινόμενος
3951 4681 4036 4729 καὶ

2463 4762 2736 4830 ἐπιμένων
2757 4762 2855 4832 τὴν
2881 4763 3251 4831 προσηγορίαν
3269 4763 3656 4834 προύϐάλλετο·
3673 4765 3727 4815 ει
3749 4763 3941 4832 βούλει
3961 4765 4032 4825 δὲ,

2463 4855 2544 4907 ὅτι
2569 4856 2662 4908 καὶ
2714 4857 2832 4908 κατ’
2869 4854 3038 4925 ἄνδρα
3066 4858 3161 4910 καὶ
3213 4858 3349 4909 κατὰ
3381 4855 3561 4919 πόλεις
3588 4856 3696 4926 δτὴν
3741 4857 4033 4929 Ῥωμαίων

2464 4944 2676 5012 κλῆσιν,
2703 4946 2765 4997 οὑ
2797 4944 3001 5013 ταύτην
3039 4945 3292 5014 λαχόντες
3337 4947 3591 5016 πατρίδα,
3637 4945 3841 4999 πολλοὶ
3869 4948 4032 5018 ψηφῇ

2465 5053 2666 5105 σμασιν
2721 5036 3117 5107 ἐκληρώσαντο.
3175 5038 3261 5104 Ἐξ
3306 5032 3381 5092 ὥν
3443 5033 3595 5108 οἴμαι
3648 5040 3902 5110 φανερὸν
3950 5043 4033 5094 καὶ

2459 5125 2940 5196 ἀναμφισϐήτητον
2963 5127 3309 5190 καθεστάναι,
3332 5129 3406 5190 ὼς
3429 5129 3486 5180 ὲν
3509 5130 3711 5198 ἀμφοῖν
3742 5132 3777 5182 ό
3804 5131 4029 5191 Παῦλος,

2457 5217 2615 5287 εἰπερ
2642 5233 2728 5278 τις
2743 5216 2932 5280 ἀλλος,
2960 5216 3212 5286 ἡλήθευε,
3259 5217 3527 5287 Ῥωμαῖον
3549 5220 3744 5270 ἑαυτὸν
3773 5222 3878 5274 καὶ
3912 5222 4031 5275 Ἰου-

2455 5307 2600 5360 δαῖον
2628 5308 3081 5377 ἀποφαινόμενος.
3110 5309 3175 5362 Τί
3191 5309 3305 5370 οὖν,
3337 5312 3519 5379 φησιν,
3544 5311 3643 5362 οὐκ
3667 5305 3743 5380 ἦν
3775 5313 4028 5381 Χριστιασ

2455 5399 2571 5463 νόςς
2607 5401 2717 5453 Καὶ
2742 5399 2974 5468 μάλιστά
3001 5417 3083 5468 γε.
3117 5401 3239 5464 Πῶς
3261 5400 3351 5454 οὖν
3371 5401 3469 5454 οὐκ
3501 5401 3682 5455 tum
3712 5404 3921 5458 ἑαυτὸν
3942 5409 4026 5458 καὶ

2451 5491 2628 5562 τούτῳ
2660 5491 2737 5562 τῷ
2767 5493 3026 5563 ὀνόματις
3055 5494 3319 5549 Ἐνταῦθα
3345 5496 3596 5565 περιττὸν
3623 5491 3724 5566 ἦν’
3761 5500 3911 5569 ὑπὲρ
3929 5504 4024 5568 γὰρ

2451 5584 2656 5654 ταύτης
2684 5588 2780 5655 τῆς
2830 5585 3123 5657 θρησκείας
3151 5587 3245 5640 καὶ
3283 5586 3382 5656 τῆς
3413 5586 3657 5658 κλήσεως
3702 5591 3900 5644 πάντα
3929 5593 4021 5643 xa-

2006 5784 2240 5841 VARIzE
2271 5783 2672 5842 LECTIONES.

878 5878 904 5914 ί
935 5882 1034 5950 leg.
1068 5881 1264 5948 φονῶν.
