4162 6442
178 446 284 509 965

1077 443 1178 500 AD
1236 437 1827 499 AMPIIILOCHIUM
1886 434 2234 507 QUIESTIO
2288 433 2513 493 CCXII.

3316 431 3420 495 966

181 573 323 626 σχωι.
356 551 453 605 καὶ⁸
509 550 767 615 ὲναολῶν,
801 548 1140 620 διεκαρτέρει
1171 549 1266 600 καὶ
1295 546 1514 618 ἔχαιρεν
1536 562 1561 585 ἠ
1590 544 1751 606 αὑτός

1871 546 2001 601 senti
2022 560 2131 600 non
2166 553 2286 599 erat
2313 558 2491 613 opus;
2529 557 2651 597 nam
2690 552 2908 612 propter
2933 543 3078 600 istud
3112 561 3330 617 nomen,
3363 563 3417 605 et

178 665 239 700 τε
267 642 378 717 ἧνό
398 643 784 705 διδασκαλίαις,
810 641 907 694 καὶ
935 639 1139 703 πόνοις,
1173 640 1268 691 καὶ
1295 638 1504 708 ἱδρῶσι,
1524 635 1747 705 πρώτην

180 738 406 791 ἀπασῶν
426 736 634 787 πόλεων
660 734 759 803 τὴν
798 732 1151 801 Ἀντιόχειαν,
1182 734 1250 801 τῇ
1282 730 1388 782 τῶν
1411 728 1750 799 Χριστιανῶν

182 828 373 898 κλήσει
402 826 827 893 παρασκευάσας
856 822 1381 893 ἐγκαλλωπίζεσθαι.
1417 822 1479 873 Εἰ
1507 820 1563 872 δὲ
1596 820 1676 872 δεῖ
1699 837 1753 871 τι

183 921 276 972 καὶ
333 917 571 987 ἱστορίας
623 915 963 979 ἐπακοῦσαι,
1020 913 1240 983 λέγεταί
1291 930 1374 977 τις
1422 915 1501 974 εἰς
1554 911 1755 980 πολλὴν

184 1008 520 1077 ἀρχαιότητα
549 1007 884 1076 ἀνηγμένος·
911 1005 987 1068 ὡς
1018 1007 1050 1074 ὴ
1083 1004 1177 1057 τοῦ
1218 1004 1478 1073 Βενιαμὶν
1522 1002 1663 1072 φυλὴ
1698 1003 1755 1053 ὲν

189 1097 520 1170 Παλαιστίνῃ
548 1097 859 1166 ριζωθεῖσα,
907 1097 1067 1167 μέχρι
1096 1095 1207 1148 τῶν
1254 1098 1355 1165 τῆς
1398 1094 1627 1157 Ἰταλίας
1659 1109 1755 1163 με’

189 1189 300 1257 ρῶν
319 1190 419 1251 τὰς
450 1188 685 1257 βλάστας
710 1187 1072 1251 ύπεξέτεινεν,
1101 1186 1251 1256 αὐτῷ
1278 1186 1425 1255 γένει
1470 1185 1757 1253 Ῥωμαίων

188 1279 287 1331 καὶ
314 1280 449 1349 αὐτῇ
495 1279 681 1351 Ῥώμῃ
718 1278 1057 1349 χαρισαμένη
1081 1277 1299 1345 γένεσίν
1331 1293 1392 1329 τε
1431 1276 1528 1329 καὶ
1565 1275 1754 1343 ὄνομα.

202 1368 295 1433 Ἐξ
321 1363 448 1423 ῶνό
484 1369 626 1433 οείος
681 1369 891 1432 Παῦλος
937 1370 1018 1432 εἰς
1065 1368 1126 1421 τὺ
1166 1366 1262 1421 τοῦ
1308 1366 1569 1434 Βενιαμὶν
1619 1358 1761 1432 αἷμα

189 1462 553 1531 ἀναγόμενος,
613 1463 883 1530 Ῥωμαῖος
940 1460 1007 1513 ἂν
1058 1459 1281 1522 εἰκότως
1336 1456 1757 1528 χρηματίσειεν·

190 1555 442 1622 ἐγένοντο
488 1554 600 1625 γάρ
646 1554 905 1621 ἀπόγονοι
932 1551 1012 1622 τῷ
1063 1550 1345 1621 Βενιαμὶν,
1394 1548 1539 1603 ἄλλοι
1576 1564 1637 1600 τε
1662 1546 1762 1600 οὐκ

188 1646 384 1713 ὀλίγοι,
415 1644 473 1711 ιε
505 1638 582 1700 ὧν
610 1646 840 1715 ’Δραδός
860 1661 921 1699 τι
964 1644 1056 1697 καὶ
1080 1642 1263 1705 πόλεις
1289 1641 1445 1696 άλλαι
1471 1640 1565 1694 καὶ
1588 1638 1762 1710 χῶραι

189 1737 293 1799 τὰς
319 1738 635 1808 ἐπωνυμίας
663 1736 1044 1808 έκληρώσαντο
1067 1752 1083 1767 ο
1129 1735 1226 1790 καὶ
1252 1734 1317 1806 δὴ
1353 1734 1446 1787 καὶ
1495 1733 1635 1801 ἁνήρ
1677 1747 1763 1795 τις

190 1830 367 1898 ὄνομα
403 1828 559 1894 Ῥῶς,
598 1828 653 1892 ὃς
695 1830 788 1881 επὶ
817 1828 887 1882 τὰ
907 1828 1009 1898 τῆς
1050 1828 1276 1891 Ἰταλίας
1304 1826 1445 1899 μέρη
1483 1824 1762 1895 χωρήσας,

192 1922 292 1974 καὶ
334 1919 560 1984 πολλοὺς
601 1921 781 1974 ἐκεῖσε
826 1917 922 1973 τοῦ
963 1917 1279 1990 σπέρματος
1322 1915 1519 1986 φύσας,
1551 1915 1645 1969 καὶ
1673 1914 1765 1969 ἰπὶ

194 2010 343 2081 μέγα
364 2011 520 2079 δόξης
550 2012 646 2064 καὶ
677 2008 860 2080 ἰσχύος
883 2008 1125 2065 ἀνελθὼν
1163 2006 1387 2077 Ῥώμην
1445 2023 1507 2060 τε
1536 2007 1637 2077 τὴν
1664 2006 1765 2059 ιπ-

192 2100 445 2171 ωνυμίαν
488 2101 668 2154 ἕλκειν
701 2101 761 2164 ἐξ
798 2098 1015 2164 ἑαυτοῦ,
1061 2100 1155 2152 καὶ
1191 2099 1254 2152 τδ
1297 2100 1562 2169 Ῥωμαῖον
1589 2097 1764 2166 γένος,

191 2195 400 2247 ἑδωκεο
434 2193 533 2256 τὰς
560 2194 668 2265 γάρ
705 2190 971 2263 Ἐλλήνων
996 2192 1081 2244 ἐπ’
1116 2192 1256 2261 αὐτῇ
1295 2190 1495 2253 αἰτίας,
1535 2189 1701 2251 πολάς
1741 2186 1761 2228 ι

192 2302 256 2337 τι
300 2284 397 2339 καὶ
429 2283 552 2337 οὐδὲ
598 2283 737 2355 πρὸς
783 2284 1020 2353 ἀλλήλας
1059 2281 1478 2352 συμφωνούσας,
1512 2281 1562 2333 οἰ
1596 2279 1769 2334 ταῦτα

193 2375 445 2444 λέγοντες
496 2374 606 2427 οὐδ’
638 2373 946 2428 ἀκούουσιν.
990 2372 1049 2426 '0
1091 2374 1271 2425 τοίνυν
1310 2371 1447 2435 Ῥὦς
1499 2371 1762 2439 ἀπόγονος

197 2467 301 2537 μὲν
350 2466 613 2535 ὑπάρχων
655 2465 750 2519 τοῦ
798 2465 1074 2535 Βενιαμὶν,
1120 2466 1384 2536 πρόγονος
1427 2463 1484 2517 δὲ
1533 2462 1766 2527 Παύλου,

194 2557 423 2620 εἰκότως
464 2557 556 2609 τὸν
600 2556 767 2626 ἄνδρα
823 2557 1097 2626 Ῥωμαῖον
1148 2555 1449 2625 ἀπέφηνεν,
1496 2554 1554 2621 ἐξ
1600 2553 1767 2609 αὐτοῦ

199 2651 324 2717 μὲν,
351 2648 449 2719 τὴν
473 2649 569 2704 τοῦ
617 2649 971 2720 ποῤῥωτέρου
1008 2650 1199 2719 γένους
1228 2649 1427 2711 αἰτίαν,
1461 2648 1526 2701 ὲκ
1574 2647 1632 2701 δὲ
1676 2646 1768 2700 τοῦ

207 2740 526 2811 Ῥωμαϊκοῦ
553 2744 899 2810 συστήματος
925 2740 1024 2811 τὴν
1042 2741 1325 2811 ἐγγυτέρω
1344 2740 1597 2811 φέροντα.
1632 2738 1769 2792 Ἀλλ’

196 2831 344 2903 αῦτη
378 2822 474 2902 μὲν
502 2834 535 2904 ἡ
564 2833 795 2903 ἱστορία,
827 2834 955 2904 ἡδὺς
992 2832 1090 2903 μὲν
1136 2832 1370 2886 ἀκοῦσαι
1396 2831 1489 2885 καί
1532 2830 1771 2903 ἑπαφρό-

195 2925 367 2987 διτος,
396 2913 456 2977 οῦ
485 2927 593 2994 μήν
625 2943 689 2994 γε
720 2928 854 2993 μετὰ
887 2924 984 2978 τοῦ
1011 2924 1317 2995 χαρίεντος,
1353 2926 1446 2979 καὶ
1476 2924 1573 2995 τὴν
1599 2922 1773 2977 πειθὼ

197 3016 538 3086 ἐπιφέρουσα
557 3032 573 3047 ο
607 3015 801 3069 πολλοῦ
826 3016 936 3086 γὰρ
963 3015 1028 3069 ἂν
1050 3016 1224 3084 εγωγε
1250 3017 1346 3085 τῆς
1368 3015 1618 3085 άπαρχῆς
1639 3016 1747 3068 ἀπο

196 3108 494 3177 δ;δομέν·ης
526 3125 614 3177 μοι
665 3108 843 3172 αἰτίας
875 3106 1079 3179 ταύτην
1118 3107 1413 3177 προέταξα,
1453 3108 1502 3159 εἰ
1549 3105 1624 3176 μὴ
1655 3106 1774 3160 λίαν

1853 638 1994 692 hanc
2035 635 2431 705 professionem
2473 635 2653 688 omnia
2686 636 2815 703 pati,
2843 652 2967 692 cum
2998 639 3253 696 omnibus
3285 656 3421 697 con-

1854 727 2047 782 ﬂictari
2122 725 2333 780 fortiter
2396 726 2753 795 persistebat;
2812 727 3079 797 gaudebat
3127 739 3307 785 autem
3353 746 3421 786 eo

1854 819 2032 883 titulo,
2063 832 2225 886 quem
2263 816 2513 886 princeps
2548 814 2998 872 Antiochensium
3036 819 3231 875 civitas
3261 837 3423 876 usur-

1855 919 2028 980 parat,
2086 919 2141 965 et
2183 912 2449 975 doetrina,
2490 910 2791 974 laboribus,
2825 912 3118 969 sudoribus
3157 928 3422 983 procura-

1855 1004 1966 1057 hat.
1999 1001 2155 1068 Quod
2189 1002 2233 1056 si
2269 1001 2521 1056 historias
2551 1002 2738 1057 audire
2800 1002 2953 1069 libet,
2990 1015 3247 1060 narratur
3272 1022 3427 1076 qua:-

1857 1094 1981 1148 dam
2008 1094 2163 1149 valde
2188 1095 2437 1164 antiqua;
2492 1094 2635 1163 quod
2687 1095 2860 1150 tribus
2889 1096 3191 1166 Benjamini
3226 1098 3281 1151 in
3324 1098 3426 1152 Pa-

1859 1186 2066 1240 laestina
2082 1185 2344 1249 radicata,
2376 1202 2549 1256 usque
2575 1186 2639 1239 ad
2668 1197 2850 1256 partes
2875 1186 3041 1243 Italiae
3068 1192 3427 1261 germinando

1861 1291 1920 1331 se
1971 1275 2263 1342 diffuderit,
2322 1278 2449 1331 dum
2491 1288 2545 1332 et
2578 1280 2723 1343 genti
2760 1278 3132 1335 Romanorum
3160 1282 3427 1351 originem

1860 1376 1913 1422 et
1951 1366 2138 1422 Romae
2170 1382 2367 1422 nomen
2416 1378 2470 1423 et
2508 1370 2926 1438 appellationem
2989 1372 3248 1441 impertit.
3276 1370 3431 1428 Unde

1862 1460 2085 1516 divinus
2122 1460 2323 1517 Paulus
2351 1462 2443 1530 qui
2473 1462 2538 1516 de
2568 1463 2657 1516 illa
2708 1462 2851 1518 tribu
2885 1461 3187 1533 Benjamini
3211 1464 3430 1520 deriva-

1864 1555 1958 1610 bat
1994 1555 2337 1623 sanguinem,
2398 1553 2678 1608 Romanus
2706 1569 2805 1609 nec
2834 1555 3041 1625 injuria
3100 1557 3428 1614 dicebatur:

1862 1648 1930 1704 de
1963 1646 2268 1716 Benjamini
2325 1646 2580 1717 progenie
2605 1647 3088 1713 disseminabatur,
3133 1649 3239 1704 alia
3269 1661 3435 1721 atque

1866 1740 2061 1804 altera,
2090 1754 2123 1795 a
2151 1739 2353 1810 quibus
2376 1739 2607 1806 Aradus,
2642 1739 2873 1812 aliaeque
2910 1742 3072 1797 urbes
3096 1750 3152 1798 et
3183 1742 3305 1799 loca
3332 1758 3435 1798 no-

1868 1833 2235 1888 menclaturas
2286 1832 2697 1902 sortiebantur;
2726 1840 2780 1888 et
2836 1833 2979 1888 inter
3006 1836 3162 1901 alios,
3188 1837 3277 1891 vir
3308 1837 3434 1908 qui.

1864 1925 1988 1981 dam
2014 1925 2127 1983 Rus
2154 1924 2349 1989 dictus,
2374 1926 2467 1996 qui
2495 1925 2549 1981 in
2575 1933 2755 1995 partes
2778 1924 2946 1983 Italiae
2973 1929 3274 1998 profectus,
3305 1947 3433 1989 cum

1867 2016 2071 2071 multos
2101 2016 2165 2070 de
2191 2017 2401 2072 semine
2426 2030 2533 2071 suo
2553 2028 2916 2087 procreasset,
2952 2030 3007 2075 ct
3036 2036 3288 2093 magnam
3318 2023 3435 2079 exi-

1867 2107 2235 2163 stimationem
2280 2108 2690 2179 potentiamque
2745 2121 3079 2168 consecutus
3123 2124 3290 2179 esset,
3324 2113 3435 2170 Ro-

1867 2214 2012 2253 mam
2039 2198 2108 2253 ab
2130 2214 2195 2254 eo
2228 2199 2633 2255 denominatam
2660 2201 2833 2266 dedit,
2873 2211 2930 2258 et
2960 2203 3268 2260 Romanum
3294 2222 3435 2277 quo-

1868 2303 1977 2360 que
2032 2302 2201 2360 genus
2247 2299 2640 2360 procreatum:
2688 2290 3000 2348 Graecorum
3036 2298 3181 2349 enim
3210 2307 3435 2352 senten-

1870 2382 1995 2446 tias,
2050 2396 2172 2452 qua
2221 2381 2465 2449 plurima:
2513 2390 2722 2439 suntet
2776 2384 3183 2454 diversissimae,
3230 2388 3307 2442 illi
3340 2390 3438 2460 qui

1871 2471 2012 2527 hanc
2066 2471 2349 2527 historiam
2387 2484 2631 2538 narrant,
2662 2489 2769 2529 non
2814 2476 3133 2531 admittunt.
3166 2476 3437 2544 Quocirca

1871 2561 1983 2619 Ros
2038 2562 2341 2634 Benjamini
2394 2564 2702 2635 progenies,
2763 2566 2906 2622 inter
2964 2569 3204 2634 majores
3257 2570 3435 2638 Pauli,

1870 2663 2016 2710 recte
2052 2654 2203 2709 illum
2253 2655 2558 2711 Romanqu
2598 2671 2720 2713 esse
2753 2658 2934 2723 docet,
2957 2670 3012 2715 et
3044 2662 3310 2733 originem
3340 2680 3439 2720 an-

1870 2746 2080 2816 tiquam
2117 2746 2409 2815 imprimis,
2442 2746 2698 2817 deinceps
2731 2749 3007 2805 civitatem
3042 2752 3224 2807 datam
3251 2753 3438 2825 largiri

1872 2838 2111 2892 titulum.
2158 2835 2357 2892 Verum
2389 2838 2629 2908 jucunda
2678 2850 2901 2895 narratu
2927 2852 3011 2897 est
3041 2844 3155 2898 haec
3186 2844 3435 2908 historia,

1872 2926 1966 2981 sed
2015 2942 2122 2981 non
2175 2927 2398 2997 perinde
2428 2930 2739 2997 persuadet,
2791 2940 2954 2999 atque
2991 2932 3255 3000 delectat;
3292 2945 3441 2992 certe

1872 3032 1971 3088 ego
1995 3016 2262 3087 imprimis
2294 3018 2434 3073 hanc
2462 3034 2681 3074 causam
2724 3035 3180 3077 annumerassem
3213 3024 3282 3078 iis
3314 3041 3440 3094 quas

1873 3109 2133 3179 praemisi,
2188 3110 2234 3165 si
2288 3125 2393 3163 non
2429 3111 2563 3165 adeo
2606 3110 2852 3180 antiqua,
2896 3121 2952 3168 et
2984 3114 3183 3169 canitie
3220 3130 3443 3185 aspersa

197 3199 410 3270 ἀρχαία
440 3216 500 3252 τε
533 3193 601 3271 ἦν
630 3202 724 3251 κα¹ι
756 3198 1061 3270 πολιωτίρα
1087 3198 1121 3269 ἢ
1155 3197 1505 3252 πιστεύεσθαι
1530 3238 1545 3262 ,
1578 3199 1637 3251 οὺ
1662 3200 1768 3258 τοῖς

1880 3195 2018 3251 foret
2050 3196 2295 3261 historia,
2331 3204 2391 3250 ut
2420 3197 2575 3251 ﬁdem
2601 3208 2849 3267 superet;
2886 3214 2986 3255 nec
3020 3201 3162 3270 apud
3195 3217 3297 3258 nos
3322 3212 3445 3259 tan-

199 3293 301 3346 νῦν
334 3293 514 3363 μόνον,
548 3291 683 3347 ἀλλὰ
715 3293 945 3356 καὶτοῖς
976 3293 1097 3345 τότε
1120 3289 1430 3363 ἀνθρώποις
1453 3329 1469 3353 ,
1505 3290 1596 3343 καὶ
1625 3289 1768 3342 οὐδὲν

1879 3298 1991 3345 tum
2023 3290 2115 3361 qui
2141 3306 2288 3345 nunc
2315 3290 2565 3355 vivimus,
2608 3291 2699 3346 sed
2746 3301 2800 3347 et
2832 3294 2975 3361 apud
3005 3294 3127 3349 illos
3166 3295 3445 3366 antiquio-

200 3388 469 3457 ἐχέγγυον
494 3385 694 3455 ἔχουσα
721 3386 859 3455 πρὸς
902 3385 966 3439 τὸ
1011 3383 1289 3450 ἐξελέσθαι
1324 3381 1535 3437 Παῦλον
1562 3380 1657 3435 τοῦ
1687 3380 1768 3434 τύ-

1877 3395 1965 3437 res
1989 3421 2004 3444 ,
2030 3395 2206 3451 neque
2250 3396 2569 3448 sponsorem
2605 3382 2829 3444 invenit,
2868 3384 2962 3449 qui
3000 3384 3067 3440 de
3098 3387 3323 3442 veritate
3344 3389 3446 3443 sti-

201 3476 461 3532 πτεσθαι.
490 3476 714 3539 Τούτοις
740 3472 834 3531 οὖν
876 3474 1134 3539 διαλύσας
1167 3491 1259 3527 σου
1303 3475 1400 3537 τὰς
1428 3472 1598 3534 καλὰς
1640 3474 1768 3525 αιτιοι

1876 3474 2177 3543 pularetur,
2239 3471 2467 3527 Paulum
2521 3474 2643 3527 inde
2686 3489 2717 3529 a
2760 3476 2937 3546 plagis
2992 3486 3301 3548 exemptum
3354 3481 3442 3536 iri.

204 3568 334 3637 ρίας
357 3566 539 3636 (καλαὶ
555 3568 686 3636 γάρ,
704 3567 788 3619 ὅτι
814 3566 922 3620 ἀπὸ
938 3564 1110 3635 καλῆς
1138 3567 1233 3619 καὶ
1254 3562 1543 3633 φιλοπόνου
1563 3560 1768 3630 γνώμης

1881 3565 2057 3634 Atque
2079 3566 2150 3618 ita
2182 3579 2303 3618 cum
2335 3564 2709 3634 responderim
2739 3568 3019 3635 praeclaris
3045 3570 3153 3625 tuis
3183 3570 3449 3638 objectio-

204 3659 303 3711 καὶ
338 3656 585 3726 φιλοθέου
608 3655 1010 3727 βλαστάνουσι),
1040 3656 1136 3709 καλ⁵
1165 3654 1217 3708 εί
1252 3672 1304 3708 τι
1335 3653 1463 3709 ἄλλο
1493 3670 1573 3706 σοι
1601 3669 1768 3725 παρα-

1884 3654 2044 3709 nibus
2102 3654 2268 3722 (certe
2298 3654 2589 3722 praeclaras,
2641 3656 2787 3725 quod
2817 3656 3074 3726 profectae
3102 3659 3170 3713 ab
3200 3660 3448 3727 honesto,

204 3751 335 3819 στῇ,
388 3747 607 3819 Bappth
648 3749 748 3817 οὑχ
793 3749 926 3818 ἡμῖν
957 3746 1094 3801 ἀλλὰ
1141 3745 1337 3817 Παύλῳ
1383 3748 1476 3799 καὶ
1510 3744 1587 3815 τῷ
1616 3743 1768 3813 κοινᾷ

1880 3746 2142 3816 diligenti,
2175 3754 2229 3800 et
2256 3744 2422 3799 Deum
2460 3758 2675 3802 amante
2702 3749 2991 3818 animo),si
3021 3751 3115 3805 tibi
3148 3751 3275 3822 quid
3302 3755 3450 3810 aliud

202 3840 512 3909 διδασκάλῳ
558 3840 767 3895 Παύλου
820 3840 914 3893 καί
952 3840 1113 3910 ἡμῶν
1159 3838 1380 3910 Χριστῷ
1432 3838 1511 3909 τῷ
1542 3833 1768 3909 άληθινιῖ

1879 3846 2153 3903 occurrat,
2208 3837 2485 3893 conlidens
2521 3853 2629 3893 non
2664 3839 2820 3907 mihi,
2872 3841 2968 3897 sed
2996 3841 3186 3907 Paulo,
3213 3852 3266 3899 et
3293 3860 3447 3901 com-

203 3932 332 4005 6εῷ
363 3931 519 4004 ἡμῶν
544 3931 819 4003 έπερὼτα,
851 3933 944 3985 καὶ
972 3931 1200 4005 ἔρρωσο.

743 4139 1077 4194 ΕΡΩΤΗΣΙΣ
1112 4138 1254 4192 ΣΙΒ’.

283 4239 392 4288 Δια
424 4232 481 4288 τί
507 4236 572 4287 τὸ
613 4231 1040 4300 καταπέτασμα
1070 4230 1176 4285 τοῦ
1211 4229 1363 4285 ναοῦ
1403 4230 1709 4298 ἐσχίσθη;

1882 3930 2031 3985 muni
2079 3931 2391 4000 praeceptori
2423 3945 2547 3984 cum
2583 3940 2795 3998 nostro,
2828 3942 2944 3989 tum
3000 3933 3176 3999 Pauli,
3206 3935 3448 4002 Christo,

1880 4038 2011 4078 vero
2052 4022 2174 4087 Deo,
2208 4022 2503 4092 interroga,
2537 4036 2590 4077 et
2630 4023 2765 4078 vale.

1887 4126 2213 4200 QUIESTIO
2238 4131 2420 4188 CCXII
2449 4131 2636 4204 [CoisL
2671 4132 2895 4189 CCXLI.
2928 4133 3089 4188 Taur.
3120 4136 3447 4211 CCXXXII].

2211 4222 2319 4277 Cur
2346 4224 2513 4276 celum
2554 4224 2733 4291 templi
2755 4224 2978 4279 scissum
3015 4226 3130 4278 est?

715 4344 856 4395 Edita
877 4358 902 4394 ι
928 4342 1228 4395 Iloutacutio
1259 4343 1364 4406 (ep.
1394 4342 1500 4402 1‘25,
1525 4341 1584 4391 ad
1611 4342 1767 4405 lgnat.
1790 4353 1838 4404 p.
1867 4337 1994 4401 16$).
2024 4361 2084 4374 —
2102 4336 2255 4387 Matth
2300 4348 2449 4396 xxvu,
2480 4334 2696 4396 51;Luc.
2717 4349 2852 4397 χχιιι,
2876 4336 2954 4387 45.

290 4456 583 4525 Ῥήγνυται
636 4454 698 4508 τὸ
734 4452 1134 4522 καταπέτασμα
1171 4450 1267 4506 τοῦ
1300 4449 1451 4518 ναοῦ,
1500 4450 1640 4520 ξύλῳ
1683 4448 1781 4504 τοῦ

206 4548 484 4604 Δεσπότω
511 4546 887 4626 κρεμαμένου,
912 4544 1001 4599 διὰ
1019 4544 1237 4609 πολλάς,
1266 4539 1443 4613 οἶμαι,
1463 4542 1561 4606 τὰς
1581 4542 1779 4604 αἰτίας.

207 4646 286 4697 Τὸ
322 4642 419 4714 μὲν
440 4643 548 4711 γὰρ
576 4640 674 4710 τὴν
706 4640 829 4709 γῆν,
854 4638 976 4693 κατ’
1007 4638 1187 4691 έκεῖνο
1208 4636 1269 4690 τὸ
1295 4638 1561 4706 σωτήριον
1591 4633 1781 4696 πάθος,

206 4737 387 4806 κλόνῳ
408 4736 503 4788 καὶ
530 4717 736 4804 τρόμῳ,
764 4729 960 4801 μικροῦ
988 4731 1099 4783 δεῖν
1144 4727 1658 4797 ωγκατενεχοῆναι,
1692 4725 1785 4777 δυ-

1954 4444 2293 4514 Dirumpitur
2320 4445 2501 4499 velum
2540 4443 2764 4513 templi,
2820 4443 3085 4500 Dominus
3141 4446 3194 4499 in
3243 4445 3449 4516 lignum

1879 4553 2003 4594 cum
2031 4537 2366 4592 attolleretur
2391 4554 2405 4599 ;
2430 4536 2593 4606 idque
2622 4536 2803 4602 plures
2837 4551 2961 4591 reor
2985 4547 3205 4607 propter
3228 4554 3445 4594 causas.

1881 4629 2073 4695 Terra,
2104 4644 2229 4683 cum
2254 4638 2529 4699 pateretur
2559 4626 2829 4694 Salvator,
2871 4632 3223 4686 succussione
3248 4642 3302 4685 et
3338 4643 3451 4687 tre-

1884 4738 2031 4777 more
2056 4723 2122 4778 de
2150 4722 2273 4776 loco
2304 4720 2506 4776 moveri
2552 4719 2796 4788 potuisse
2824 4722 3124 4775 concedant
3166 4724 3327 4776 etiam
3364 4724 3449 4775 in-

205 4828 375 4882 νατόν
402 4830 516 4881 ἐστι
553 4830 665 4889 τοῖς
714 4823 1085 4894 ἁγνωμονοῦσι
1106 4822 1202 4876 καὶ
1245 4822 1324 4885 εἰς
1357 4821 1426 4874 τά
1455 4820 1592 4873 κατὰ.
1621 4819 1768 4886 φύσι-ε

1884 4816 2089 4879 ﬁdeles,
2106 4815 2197 4884 qui
2216 4814 2267 4869 in
2294 4823 2541 4868 naturam
2565 4813 2831 4868 reducunt
2850 4813 3240 4867 elementorum
3264 4815 3413 4869 labes
3436 4836 3448 4870 :

207 4922 371 4988 ἄγειν
396 4919 503 4973 τῶν
547 4920 825 4988 στοιχείων
858 4916 1003 4989 πάθη
1026 4932 1039 4945 ·
1065 4916 1126 4969 τὸ
1165 4915 1223 4968 δὲ
1264 4913 1496 4985 ῥαγῆναι
1544 4911 1784 4966 καταπέ-

206 5027 424 5080 τασμα,
480 5008 707 5079 μηδενὸς
754 5008 989 5078 μάλιστα
1037 5005 1399 5068 διασπῶντος,
1429 5004 1538 5057 ἀπὸ
1580 5001 1785 5058 ἄνωθεν

207 5106 319 5166 ἕως
360 5103 531 5166 κάτω,
569 5102 707 5172 μήτε
735 5101 887 5170 πρὶν,
919 5102 1056 5170 μήτε
1104 5100 1241 5169 μετὰ
1270 5098 1441 5152 ταῦτα
1472 5096 1631 5165 φύσιν
1665 5096 1785 5165 ἔχον

209 5191 653 5262 ἐπιτελεσθῆναι,
707 5190 964 5261 οὐδεμίαν
1012 5187 1361 5258 ἀναχώρησιν
1401 5187 1635 5246 δίδωσιν,
1665 5184 1785 5237 οὐδὲ

209 5288 328 5346 τοῖς
365 5283 487 5337 λίαν
535 5280 925 5353 κακουργοῦσι,
952 5280 1015 5334 τὸ
1043 5280 1118 5350 μὴ
1160 5280 1283 5350 οὐχὶ
1322 5277 1611 5348 οεομηνίαν
1644 5271 1781 5329 εἶναι

205 5374 269 5426 τὸ
300 5371 485 5441 τέρας,
512 5372 605 5424 καὶ
632 5371 733 5441 τῆς
777 5370 1069 5441 Ἰουδαϊκῆς
1120 5368 1433 5439 μιαιφονίας
1464 5368 1784 5437 ἁπαράγρα-

208 5479 351 5515 πτον
375 5460 595 5531 ἔλεγχον
620 5461 681 5515 τὸ
705 5464 1096 5531 γεγενημένον.
1129 5460 1397 5531 Δευτέραν
1424 5459 1468 5512 δ’
1498 5459 1562 5513 ἄν
1586 5475 1670 5519 τις
1702 5460 1786 5510 αἱ-

207 5556 340 5607 τίαν
370 5552 617 5623 ἀποδοίη,
653 5552 920 5624 σύμϐολον
956 5552 1089 5606 αὐτὸ
1125 5552 1220 5606 καὶ
1250 5552 1586 5621 προμήνυμα
1631 5546 1783 5616 γενέ-

212 5646 346 5701 σθαι
374 5644 568 5715 λέγων,
602 5645 699 5716 τῆς
742 5646 862 5717 μεθ’
904 5646 1006 5703 ὅσα
1052 5643 1148 5717 ἔτη
1177 5642 1556 5717 καταστροφῆς
1585 5655 1645 5692 τε
1694 5637 1789 5691 καὶ

1884 4917 1938 4962 at
1957 4907 2134 4961 velum
2156 4905 2653 4973 utdiscinderetur,
2682 4919 2807 4959 cum
2841 4919 2873 4959 a
2907 4905 3058 4959 nullo
3091 4907 3143 4960 in
3175 4907 3448 4963 diversum

1886 4999 2298 5076 distraheretur,
2331 5012 2360 5051 a
2394 5013 2611 5052 summo
2642 5013 2812 5067 usque
2850 4998 2916 5052 ad
2948 4998 3142 5061 imum,
3178 4999 3324 5069 quod
3354 5016 3455 5053 nec

1889 5089 2042 5159 prius
2082 5102 2181 5142 nec
2208 5088 2466 5156 deinceps
2494 5086 2695 5142 factum
2721 5088 2841 5151 fuit,
2873 5104 2974 5143 nec
2996 5090 3061 5142 ad
3086 5090 3136 5143 id
3165 5104 3257 5156 per
3286 5090 3449 5144 ullam

1888 5180 2187 5236 naturalem
2229 5180 2640 5249 propensionem
2679 5179 2928 5245 inclinat,
2975 5196 3041 5235 ne
3079 5184 3296 5250 quidem
3346 5184 3448 5235 im-

1890 5273 2234 5344 probissimis
2264 5272 2529 5341 refugium
2562 5272 2831 5332 concedit,
2872 5281 2931 5324 ut
2965 5272 3311 5332 cavillentur,
3344 5288 3451 5325 non

1887 5364 2055 5419 fuisse
2091 5365 2193 5418 hoc
2223 5364 2523 5434 prodigium
2554 5379 2582 5417 a
2629 5364 2815 5417 divino
2850 5362 3037 5419 furore
3078 5378 3204 5434 erga
3237 5362 3455 5418 Judmos

1887 5456 2215 5526 profectum,
2249 5464 2308 5508 ut
2338 5465 2483 5509 esset
2512 5454 2561 5509 id
2594 5462 2783 5508 contra
2829 5456 3073 5525 ipsorum
3104 5456 3454 5510 homicidium

1888 5547 2190 5601 indelebilis
2221 5546 2509 5601 convictio.
2561 5542 2867 5602 Secundam
2924 5548 3205 5618 assignare
3235 5563 3455 5602 causam

1893 5637 2038 5700 licet,
2069 5644 2123 5690 et
2161 5635 2341 5695 dicere
2369 5634 2675 5706 symbolum
2703 5644 2757 5691 et
2788 5634 3330 5706 prmdesignationem
3362 5649 3456 5689 ex-

1494 5748 1732 5809 ἺΑΠΙΛΕ
1764 5744 2159 5807 LECTIONES.

296 5852 315 5895 ι
348 5836 445 5909 ῖσέ
464 5854 682 5919 πολλάς.
