4162 6442
767 433 866 492 967

1903 430 2160 490 ΙἮΟΤΙῘ
2199 429 2701 488 ΡᾹΤΒΙᾹΠΕΙΙᾉΕ
2741 433 2844 490 αι).

3910 431 4007 490 968

767 545 967 595 μιιιιεευ
1001 539 1140 591 illius
1185 537 1375 598 ruinar.
1422 539 1791 594 subversionis
1849 548 1904 593 ct
1939 541 2314 599 desolationis,

2433 539 2812 607 ἶξερημώσεως
2864 540 2952 592 τοῦ
2983 558 3038 593 τε
3079 543 3420 611 περιωνύμου
3466 543 3612 605 ναοῦ,
3657 549 3744 597 κα·
3793 545 3906 595 τῶν
3956 548 4008 595 ἐν

763 651 881 704 qum
932 650 1036 688 non
1083 641 1203 701 post
1235 635 1432 684 multos
1468 647 1638 686 annos
1670 632 2157 687 celebratissinmm
2196 633 2324 686 illud

768 725 1047 792 templum.
1076 733 1130 776 et
1171 739 1291 791 qua:
1338 722 1390 774 in
1428 723 1629 792 templo
1663 732 1820 778 erant
1851 738 2006 779 sacra
2038 725 2324 788 solemnia,

763 819 912 886 orgia
953 816 1218 879 Iudaica,
1269 818 1632 886 sequebatur;
1669 831 1900 886 quorum
1951 834 2145 886 magna
2202 835 2326 885 pars

765 924 978 961 summo
1006 908 1188 961 studio
1223 908 1360 961 intra
1399 908 1575 961 velum
1612 909 1738 961 illttd
1795 908 2064 963 celebrata
2107 925 2326 977 perage-

765 1002 983 1064 bantur,
1018 1011 1078 1053 ut
1109 1000 1312 1052 nemini
1344 1017 1374 1054 c
1417 1000 1724 1069 promiscua
1762 1000 2104 1054 multitudine
2142 1015 2326 1052 cerne-

765 1102 989 1157 rentur;
1040 1099 1203 1159 atque
1249 1092 1371 1145 ideo
1418 1092 1807 1146 extendebatur
1854 1091 1984 1144 illud
2033 1092 2232 1155 velum,
2272 1101 2326 1142 ut

765 1185 1068 1238 veneranda
1098 1185 1188 1238 illa
1217 1183 1470 1252 mysteria
1516 1199 1546 1236 a
1582 1184 1723 1250 vulgi
1768 1183 1939 1238 oculis
1986 1191 2193 1237 remota
2230 1199 2324 1237 cu-

764 1275 1115 1336 stodirentur,
1145 1283 1198 1327 et
1233 1273 1364 1327 solis
1394 1272 1621 1326 videnda
1646 1283 1888 1342 paterent
1911 1275 2320 1327 sacerdotibus:

766 1363 884 1416 velo
920 1374 1101 1416 autem
1138 1362 1358 1430 dirupto
1381 1399 1398 1425 ,
1450 1362 1693 1430 patuisse
1741 1377 1804 1415 ea
1850 1362 2089 1415 omnium
2127 1363 2320 1424 oculis,

764 1456 971 1507 clarum
1002 1463 1104 1517 est,
1135 1463 1187 1507 et
1217 1453 1361 1522 quod
1402 1462 1531 1506 tunc
1577 1453 1885 1506 communia
1919 1451 2059 1506 facta
2103 1452 2322 1513 fuerint.

764 1561 884 1615 quae
919 1560 1087 1615 usque
1111 1559 1176 1599 eo
1207 1553 1394 1599 sancta
1423 1553 1478 1598 et
1510 1560 1663 1598 saera
1702 1545 1939 1608 fuerunt,
1987 1547 2038 1599 in
2079 1547 2321 1598 ttlttltiutll

766 1643 1027 1710 producta
1076 1650 1429 1707 conspectum
1469 1648 1524 1693 et
1579 1639 2045 1708 profanationem;
2101 1649 2154 1692 et
2211 1641 2325 1692 haec

766 1734 919 1802 quasi
954 1735 1214 1803 prommia
1247 1731 1380 1802 ipsis
1427 1733 1772 1800 contigerunt
1812 1730 2132 1784 universalis
2180 1731 2323 1784 illius

765 1825 1106 1889 utiblationis,
1147 1839 1267 1893 qua:
1299 1823 1444 1892 leges
1475 1823 1740 1892 ipsorum.
1772 1831 1826 1876 et
1859 1823 2080 1890 legalem
2118 1824 2320 1874 cultum

766 1931 981 1970 cessare
1007 1914 1132 1970 fecit
1169 1915 1223 1968 in
1272 1926 1556 1968 aeternum.
1601 1913 1703 1967 Sed
1751 1922 1804 1967 et
1847 1915 2057 1968 tertiam
2106 1928 2323 1982 quoque

769 2008 1032 2061 rationem
1059 2007 1338 2061 advertere
1372 2007 1516 2073 licet,
1549 2021 1671 2074 qua:
1697 2022 1819 2060 cum
1850 2009 2117 2061 contraria
2147 2009 2323 2060 vidca-

766 2109 853 2152 tur
883 2097 1221 2164 pt'mcedenti,
1261 2097 1328 2149 ab
1358 2096 1448 2150 illa
1480 2104 1658 2150 tamen
1708 2111 1862 2150 suum
1893 2105 2070 2150 ortum
2099 2096 2325 2148 sortitur

765 2199 816 2242 et
849 2186 1134 2257 originem.
1168 2186 1425 2252 Quaenam
1460 2186 1549 2240 illa
1575 2187 1796 2241 autem?
1825 2185 2089 2239 Nimirum
2114 2185 2326 2238 ludit-o-

767 2294 884 2333 rmtt
916 2279 984 2332 de
1031 2276 1140 2331 Deo
1189 2277 1456 2346 cognitio,
1496 2286 1550 2330 et
1594 2277 1796 2344 cogniti
1843 2276 2082 2330 numinis
2121 2278 2323 2340 cultus,

766 2371 1060 2424 conclusus
1084 2378 1200 2424 erat
1245 2369 1364 2424 loco
1409 2370 1845 2439 circumscripto,
1881 2371 1982 2424 ltoc
2019 2381 2100 2424 est
2130 2371 2327 2424 ludam

770 2460 1461 2531 tinibusetHierosolymis,
1493 2475 1612 2529 quae
1640 2469 1816 2514 tamen
1851 2461 2033 2514 omnia
2072 2469 2323 2530 typornm

768 2564 821 2608 et
876 2552 1423 2622 pmdesignationum
1496 2551 1681 2619 gratim
1747 2549 1924 2603 locum
1989 2550 2322 2602 obtinebant.

770 2645 1053 2712 Quocirca.
1085 2657 1207 2697 eum
1244 2643 1298 2695 in
1334 2651 1623 2710 angustant
1664 2641 1920 2696 conclusa
1956 2640 2042 2692 illa
2093 2638 2327 2708 c0gnitio

768 2753 822 2793 et
853 2740 942 2793 Dei
977 2739 1177 2798 cultus.
1210 2751 1427 2790 cessare
1464 2742 1793 2804 oporterent,
1839 2733 1928 2786 illa
1958 2743 2139 2785 autem
2171 2731 2328 2784 latria

769 2848 889 2902 mue
932 2846 1026 2900 per
1057 2830 1235 2883 crucis
1275 2828 1585 2897 passionem
1633 2824 1937 2878 Servatoris
1971 2835 2087 2877 erat
2121 2821 2330 2891 patefa-

770 2923 981 2983 cienda,
1013 2929 1060 2974 et
1096 2933 1267 2987 usque
1296 2917 1361 2970 ad
1409 2915 1671 2970 terminos
1714 2915 1860 2969 orbis
1903 2913 2328 2976 disscininanda,

769 3024 822 3067 et
852 3014 904 3066 in
933 3026 1119 3064 eorum
1155 3009 1325 3062 vicem
1361 3005 1894 3071 subintrodueenda;
1934 3005 2003 3056 ob
2044 3020 2163 3054 eam
2202 3019 2331 3055 cau-

772 3115 884 3155 sant
913 3096 1241 3165 dirumpitur
1269 3097 1374 3149 hoc
1400 3135 1414 3158 ,
1471 3094 1617 3147 velut
1659 3093 1820 3146 fronti
1860 3094 2328 3160 superimluctum,

2429 630 2575 698 αύτῷ
2618 629 2922 683 Ἰουδαϊκῶν
2969 633 3200 684 τελετῶν
3230 650 3288 683 τε
3343 635 3438 684 καὶ
3479 634 3680 701 ὀργίων
3707 652 3723 664 ·
3755 628 3835 685 ὧν
3872 637 4008 702 μέγα

2426 738 2484 773 τε
2511 722 2602 776 καὶ
2629 723 2717 773 διὰ
2749 723 3004 791 σπουδῆς,
3031 723 3091 774 τὸ
3123 724 3315 792 μηδενὶ
3344 725 3452 776 τῶν
3484 725 3721 786 πολλῶν,
3757 726 3830 776 τὰ
3865 725 4007 776 me.

2426 813 2519 865 τοῦ
2549 817 3056 884 καταπετάσματος,
3089 815 3321 884 ὀφθῆναι
3349 833 3360 845 ·
3390 817 3478 868 διὰ
3509 817 3667 868 τοῦτο
3691 819 3793 869 καὶ
3823 817 4006 870 διεπεο

2424 905 2650 956 τάννυτο
2679 905 2737 956 τὸ
2779 905 3027 974 ὖφασμα,
3065 906 3205 958 ὥστε
3237 907 3440 959 ἀθέατα
3470 908 3566 976 μὲν
3616 909 3921 975 φυλάττειν
3949 913 4008 960 τι

2425 997 2578 1064 τίμια
2603 997 2679 1065 τῷ
2708 998 2842 1066 λαῷ,
2885 999 3068 1066 μόνοις
3109 998 3165 1050 δὲ
3193 1001 3306 1061 τοῖς
3343 1000 3577 1069 ἱερεῦσιν
3612 997 3759 1052 εἶναι
3803 1004 4004 1070 ὀρατα

2425 1080 2483 1136 οὗ
2523 1087 2585 1155 δὴ
2614 1089 3076 1157 περιρραγέντος,
3122 1091 3461 1159 ἀνεπετὰσθη
3512 1091 3610 1158 μὲν
3681 1092 3938 1161 δηλονότι
3973 1102 4009 1128 σι

2428 1180 2653 1247 πᾶσινή
2707 1180 2827 1247 ὄψις
2859 1181 3057 1240 αὐτῶν,
3102 1182 3254 1233 κοινὰ
3293 1183 3349 1235 δὲ
3392 1183 3638 1249 γέγονεν,
3685 1187 3771 1244 εἰς
3830 1187 4008 1252 κοινὴ,

2429 1271 2789 1335 ἀπενεχθέντα
2827 1271 2955 1321 θέαν
2986 1272 3078 1321 καὶ
3116 1271 3438 1340 βεϐήλωσιν,
3469 1274 3537 1324 τὰ
3565 1275 3702 1335 τέως
3740 1274 3882 1339 am
3927 1279 4008 1326 καὶ

2426 1361 2660 1428 φρικτὰ·
2693 1355 2860 1413 δ.’ὦν
2908 1364 3272 1432 προοιμιασθη
3329 1364 3555 1415 καὶτῶν
3599 1365 3786 1416 ἄλλων
3833 1367 4008 1425 αὐτάς

2426 1453 2676 1503 ἁπάντων
2719 1452 2957 1522 Θεσμῶν,
2987 1457 3082 1506 καὶ
3114 1455 3214 1522 τῆς
3246 1457 3475 1524 νομικῆς
3510 1458 3778 1524 λατρείας
3817 1459 3850 1524 ἡ
3884 1475 4008 1508 παν-

2424 1543 2580 1608 τελὴς
2615 1543 2892 1611 ἀναίρεσις
2934 1549 3027 1596 καὶ
3062 1545 3248 1614 σχολή.
3280 1547 3435 1598 Ἐστι
3467 1547 3523 1598 δὲ
3563 1549 3661 1599 καὶ
3704 1553 3911 1616 τρίτην
3935 1552 4009 1600 αἱ-

2425 1633 2544 1684 τὶαν
2567 1634 2817 1694 συνιδεῖν,
2837 1635 3097 1698 ἐναντίως
3129 1638 3227 1705 μὲν
3256 1637 3389 1705 πρὸς
3418 1640 3516 1704 τὴν
3539 1639 3852 1708 εἰρημένην
3877 1641 4009 1707 ἔχειν

2424 1724 2705 1786 δοκοῦσαν,
2754 1727 2812 1789 ἐξ
2852 1727 3020 1794 αὐτῆς
3061 1727 3116 1778 δὲ
3158 1728 3358 1795 μᾶλλον
3407 1731 3764 1800 τικτομένην.
3807 1732 3902 1792 Τίς
3928 1727 4008 1783 σίν

2426 1815 2563 1883 αὕτη
2590 1832 2604 1877 ;
2635 1817 2753 1869 ’Ὁτι
2802 1819 2909 1870 τῶν
2955 1817 3219 1872 Ἰουδαίων
3251 1822 3284 1890 ἡ
3321 1822 3450 1891 περὶ
3497 1821 3560 1874 τὸ
3612 1822 3779 1874 Θείον
3817 1824 4011 1889 γνῶσις

2427 1909 2516 1959 καὶ
2543 1907 2785 1977 λατρεία,
2811 1910 3234 1981 εὐπερίγρὰπτῳ
3268 1912 3366 1981 μὲν
3401 1913 3574 1982 τόπῳ,
3598 1917 3669 1983 τῇ
3703 1931 3766 1966 τε
3784 1915 4010 1982 Ἰουδαία

2425 2001 2648 2063 καὶτοῖς
2678 2002 3093 2071 Ἰεροσολύμοις,
3120 2005 3497 2057 ἐναπεκλείετο
3517 2023 3530 2033 °
3556 2005 3752 2058 τύπων
3777 2006 3838 2058 δὲ
3871 2007 4010 2074 ὅμως

2428 2093 2522 2142 καὶ
2550 2097 3030 2160 προχαραγμάτων
3065 2095 3219 2160 τάξιν
3257 2098 3564 2165 ἀνεπλήρου
3614 2100 3716 2165 τῆς
3766 2099 4007 2165 χάριτος.

2439 2183 2589 2234 Ἐπεὶ
2604 2181 2695 2235 οὖν
2715 2186 2819 2236 ἔδει
2845 2186 2944 2252 τὴν
2963 2187 3041 2248 εἰς
3062 2187 3244 2238 στενὸν
3264 2187 3456 2256 κομιδῇ
3478 2191 4013 2256 περιγεγραμμένην

2428 2271 2682 2342 λατρείαν
2708 2277 2799 2328 καὶ
2834 2277 3055 2343 γνῶσιν,
3075 2279 3336 2345 ἀργῆσαι,
3367 2278 3463 2347 τὴν
3496 2280 3576 2340 είς
3595 2281 3665 2330 τα
3707 2279 3933 2348 πέρατα
3961 2280 4011 2331 δὲ

2425 2365 2523 2432 τῆς
2541 2368 2866 2436 οἰκουμένης
2884 2369 2969 2421 διά
2987 2369 3077 2421 τοῦ
3100 2370 3364 2440 σωτηρίου
3386 2369 3590 2434 πάθους
3613 2369 4010 2435 ἐξαπλοῦσθαι,

2431 2458 2723 2525 μέλλουσαν
2741 2462 2818 2522 εἰς
2841 2462 3014 2530 ἀρχὴν
3037 2462 3393 2529 καταστῆναι,
3416 2463 3501 2514 διὰ
3537 2463 3703 2515 τοῦτο
3720 2462 3791 2533 δὴ
3813 2461 4012 2534 [τοῦτοῖ

2431 2552 2691 2618 ῥήγνυται
2737 2551 2795 2602 τὸ
2838 2553 3277 2621 προμετωπίδιον
3315 2553 3539 2621 ὕφασμα
3591 2556 3804 2619 ἐκεῖνο,
3856 2554 3924 2605 δι’
3957 2548 4013 2605 οὗ

2428 2641 2494 2693 τὶι
2525 2642 2633 2692 τῶν
2674 2643 2841 2708 ἁγίων
2871 2644 3057 2710 ἰλγια,
3091 2645 3166 2706 ὡς
3199 2646 3257 2694 ὲν
3295 2646 3591 2713 ἀπορρήτῳ
3626 2645 3724 2696 καὶ
3748 2644 4014 2712 (infausti?

2429 2735 2837 2801 περιεστέλλετο
2858 2736 3059 2803 χωρίῳ,
3095 2740 3379 2804 μονονουχὶ
3402 2739 3511 2797 τοῖς
3534 2738 3721 2804 ἔργοις
3757 2736 3904 2803 βοῶν
3931 2737 4017 2787 καὶ

2432 2825 2873 2894 προκαλούμενον
2911 2827 3155 2889 ἅπαντας
3199 2831 3276 2888 εἰς
3322 2829 3419 2896 τὴν
3449 2829 3556 2879 τῶν
3589 2828 3850 2879 ἀθεάτων
3880 2827 4014 2897 [za‘zl

2433 2915 2582 2967 θείαν
2619 2924 2644 2950 η
2682 2917 2913 2982 ἐποῴίαν
2956 2935 3013 2969 τε
3052 2918 3146 2970 καὶ
3194 2920 3510 2983 ἐπίγνωσιν,
3555 2921 3650 2971 καί
3702 2921 3814 2979 ὡς’
3838 2920 4018 2972 οὐκέτι

2434 3007 2587 3076 μέρει
2616 3009 2721 3059 τινὶ
2747 3009 2843 3077 τῆς
2865 3011 3187 3078 οἰκουμένης
3214 3012 3309 3064 καὶ
3325 3011 3678 3081 εύαριθμήτιει
3698 3012 3851 3063 ἔθνει
3877 3013 3910 3080 ἡ
3937 3013 4019 3061 εὖ·

2433 3098 2614 3151 σέὅεια
2647 3101 3148 3170 συγκλεισθήσεται,
3179 3103 3292 3156 ἀλλ’
3322 3095 3537 3156 ἆπάντα
3561 3106 3628 3155 τὰ
3663 3105 3796 3169 ἔθνη
3833 3106 3931 3155 καὶ
3961 3108 4020 3154 τα

772 3191 971 3252 velum,
1007 3204 1100 3259 per
1125 3189 1268 3256 quod
1301 3186 1499 3240 Sancta
1526 3186 1616 3239 illa
1642 3194 1979 3246 sanctorum,
2013 3184 2064 3235 in
2097 3184 2331 3236 obscuro

2436 3191 2644 3259 πέρατα
2671 3192 2768 3260 τῆς
2789 3193 3134 3263 οἰκουμένης,
3180 3196 3286 3246 τῶν
3319 3199 3430 3256 τοῖς
3470 3197 3749 3257 Ἰουδαίοις
3787 3197 4024 3266 ἀπροσί-

772 3292 827 3336 et
858 3282 1057 3334 intacto
1087 3278 1206 3332 loco
1234 3277 1696 3332 concludebantur
1725 3293 1739 3329 :
1773 3275 1842 3329 ita
1872 3285 1930 3328 ut
1970 3285 2178 3327 tantum
2223 3291 2329 3326 nott

768 3373 918 3429 Clara
940 3387 1070 3426 voce
1093 3371 1471 3438 pronuntietur
1499 3384 1593 3437 per
1631 3367 1747 3437 ipsa
1784 3381 1966 3435 opera,
2001 3363 2192 3417 Venite
2219 3380 2333 3416 om-

777 3479 871 3517 nes
901 3477 998 3516 vos
1027 3462 1093 3515 ad
1126 3460 1356 3515 videnda
1377 3459 1696 3524 invisibilia,
1716 3459 1780 3512 ad
1812 3457 2052 3511 divimtm
2080 3457 2332 3510 intuitum

775 3565 826 3607 et
864 3553 1261 3624 cognitionem,
1311 3567 1411 3606 nec
1442 3551 1621 3605 adhuc
1656 3559 1714 3604 ut
1742 3549 1870 3602 olim
1905 3559 2054 3618 parte
2100 3549 2334 3616 quadam

776 3644 925 3698 orbis
955 3653 1113 3697 terrae
1142 3652 1196 3695 et
1222 3656 1329 3695 una
1350 3640 1570 3694 natione
1594 3654 1700 3692 non
1732 3639 1804 3693 ita
1823 3655 2131 3700 numerosa,
2158 3640 2336 3692 cultus

778 3733 993 3786 divinus
1025 3730 1400 3793 concludetur,
1431 3729 1524 3783 sed
1555 3736 1742 3799 gentes
1768 3729 2034 3782 universa:
2056 3767 2069 3788 ,
2122 3726 2335 3780 termini

780 3833 935 3875 terrae
976 3820 1084 3874 illis
1127 3820 1373 3873 fruentur
1423 3818 1591 3872 libere
1620 3856 1636 3881 ,
1687 3832 1808 3886 qua:
1836 3816 1993 3880 adiri,
2029 3832 2128 3870 nec
2155 3815 2336 3870 accedi

778 3930 806 3968 a
845 3912 1045 3967 Judzeis
1086 3912 1218 3981 ipsis
1240 3920 1510 3981 poterant.
1535 3910 1604 3965 At
1630 3919 1685 3964 tu
1709 3910 1836 3964 hinc
1864 3910 2091 3963 ulterius
2115 3923 2336 3976 progre-

779 4005 925 4069 dere,
959 4013 1013 4058 et
1037 4004 1255 4058 adverte
1285 4005 1387 4056 ista
1420 4021 1432 4055 :
1471 4016 1618 4067 arca,
1662 4010 1716 4055 et
1752 4017 1874 4070 qua:
1921 4003 2339 4056 continebantur

781 4098 832 4150 in
865 4111 990 4150 arca
1024 4096 1078 4148 in
1113 4107 1294 4165 typum
1326 4093 1451 4148 cuzli
1478 4093 1756 4156 cedebant,
1785 4102 1839 4146 et
1867 4108 2055 4147 eorum
2085 4108 2204 4159 qua:
2237 4090 2339 4144 sub

780 4189 918 4241 melo
965 4193 1091 4240 sunt
1125 4203 1138 4239 :
1179 4203 1197 4237 ι
1226 4184 1378 4250 Vide,
1417 4183 1564 4238 enim
1595 4183 1808 4253 inquit,
1849 4193 1908 4238 ut
1947 4183 2115 4238 facias
2158 4185 2339 4237 omnia

776 4291 928 4357 juxta
960 4287 1185 4357 figuram
1217 4300 1335 4355 quae
1370 4285 1466 4338 tibi
1512 4283 1897 4339 ostendebatur
1929 4284 1981 4337 in
2008 4292 2190 4338 monte
2213 4286 2279 4338 ".
2316 4303 2334 4335 ι

783 4377 907 4432 Ιιιυο
936 4377 1046 4445 ipsa
1081 4390 1203 4429 area
1236 4391 1341 4429 una
1375 4389 1498 4428 cum
1528 4373 1650 4428 aliis
1683 4372 2003 4436 occultatis,
2042 4375 2094 4426 in
2143 4375 2343 4443 templo

782 4466 1236 4528 abscondebatur,
1270 4465 1389 4518 velo
1420 4463 1722 4518 interducto
1747 4464 1992 4527 exclusa,
2041 4480 2219 4534 neque
2248 4481 2342 4519 ac—

782 4571 972 4611 cessus
1000 4557 1254 4625 cuiquam
1279 4566 1640 4626 prazterquam
1665 4554 2041 4609 sacerdotibus
2063 4557 2341 4623 permitte-
2373 4553 2415 4608 Ι)

786 4653 964 4704 batur.
1003 4648 1315 4702 Declarabat
1358 4648 1522 4707 istud.
1553 4656 1604 4700 et
1636 4647 1945 4702 delineabat
1971 4664 2255 4703 ascensum
2290 4651 2344 4704 in

785 4740 952 4793 εωιοε
985 4738 1300 4792 hominibus
1330 4737 1653 4805 impervium
1679 4738 2007 4792 custoditum
2030 4739 2219 4802 fuisse,
2248 4755 2346 4793 nec

784 4845 1110 4900 quemquam
1139 4844 1205 4883 ex
1237 4830 1302 4883 iis
1333 4829 1427 4897 qui
1463 4828 1652 4898 legalis
1683 4829 1865 4884 Cultus
1903 4840 2202 4885 sectatores
2229 4831 2345 4886 fuc-

785 4931 907 4977 rant
936 4922 1002 4975 ad
1027 4925 1166 4975 hanc
1191 4920 1508 4990 dignitatem
1537 4920 1704 4976 fuisse
1722 4922 2040 4978 admissum.
2076 4924 2342 4988 Quocirca

787 5015 1056 5083 rumpitur
1091 5013 1193 5068 ltoc
1213 5011 1553 5068 obstaculum
1578 5013 1837 5067 οι·υοὶίὶιο
1855 5012 2103 5078 Domino,
2135 5025 2187 5068 et
2217 5017 2342 5071 tuba

2434 3296 2540 3331 των
2580 3280 2670 3332 καὶ
2713 3283 3016 3350 ἀνεφίκτων
3053 3285 3109 3334 ἐν
3146 3284 3441 3337 ἀπολαύσει
3481 3287 3806 3355 γενήσεται.
3865 3287 4021 3338 ’Δὶὶά

2438 3367 2500 3420 σύ
2535 3387 2623 3438 μοι
2655 3372 2745 3422 καὶ
2772 3372 2906 3441 πρὸς
2929 3375 3024 3440 τὴν
3052 3374 3315 3443 ἐχομένην
3335 3374 3538 3441 ταύτης
3575 3375 3911 3443 μετάϐαινε,
3938 3378 4024 3425 καὶ

2439 3460 2630 3513 σκόπει
2658 3456 2760 3513 ὧδε
2786 3478 2798 3492 ·
2831 3463 2864 3530 ἡ
2889 3465 3140 3528 κιϐωτὸς,
3175 3467 3271 3517 καὶ
3309 3466 3377 3516 τὰ
3409 3468 3465 3519 ἐν
3499 3468 3563 3535 τῇ
3600 3467 3854 3532 κιδωτῷ,
3890 3469 4023 3518 κατὰ

2436 3553 2525 3604 τὸν
2554 3553 2722 3605 τύπον
2754 3555 2942 3621 γέγονε
2989 3556 3081 3607 τοῦ
3117 3556 3348 3625 ούρανοῦ
3384 3575 3443 3608 τε
3491 3560 3585 3609 καὶ
3634 3558 3746 3608 τῶν
3797 3559 3909 3608 ὑπὸ
3942 3559 4025 3608 τὴν

2438 3641 2682 3710 οὐρανόν.
2710 3662 2726 3692 ι
2752 3643 2900 3712 ’Ὅρα
2922 3645 3050 3714 γὰρ,
3080 3645 3238 3711 φησὶ,
3265 3648 3513 3713 ποιήσεις
3545 3647 3726 3698 πάντα
3757 3647 3912 3698 κατά
3941 3647 4026 3695 τὸν

2437 3732 2602 3784 τύπον
2623 3733 2900 3803 δειχθέντα
2929 3753 3011 3788 σοι
3039 3739 3096 3788 ὲν
3115 3735 3193 3805 τῷ
3220 3738 3354 3806 ὄρει.
3389 3758 3405 3786 ι
3431 3737 3577 3806 Δῦτη
3608 3737 3704 3788 οὖν
3735 3738 3888 3805 μετὰ
3921 3737 4026 3786 τῶν

2438 3827 2610 3880 ἄλλων
2633 3828 2980 3898 ἀπορρήτων,
3014 3830 3073 3880 ὲν
3097 3829 3172 3899 τῷ
3197 3829 3309 3898 ναῷ
3339 3831 3741 3897 ἀπεκρύπτετο,
3783 3829 4026 3896 διειργο-

2443 3920 2576 3989 μένη
2599 3920 2677 3989 τῷ
2711 3922 3184 3990 καταπετάσματι,
3230 3923 3322 3974 καὶ
3356 3923 3614 3991 πρόσοδον
3655 3919 3848 3986 αὐτῆς
3888 3921 4027 3989 πλὴν

2439 4016 2539 4066 ὅσα
2574 4016 2686 4076 τοῖς
2735 4013 2990 4082 ἱερεῦσιν,
3044 4014 3222 4065 οὐδενὶ
3259 4014 3560 4082 ἀνθρώπων
3600 4011 4027 4080 ἐμπαρέχοντα.

2455 4109 2672 4178 Ἐδήλου
2701 4108 2756 4160 δὲ
2786 4110 2894 4177 ἄρα
2919 4108 3077 4161 τοῦτο
3106 4110 3200 4161 καὶ
3229 4109 3566 4178 ὑπέγραφεν,
3608 4108 3708 4176 τὴν
3737 4109 3829 4169 εἰς
3856 4110 4030 4175 οὐρα·

2442 4199 2530 4250 νὶν
2565 4198 2786 4259 εἴσοδον,
2815 4197 3126 4269 ἀνθρώποις
3155 4199 3358 4252 ἄϐατον
3387 4197 3825 4269 συντετηρῆσθαι
3857 4199 4028 4259 τέως,

2442 4290 2537 4342 καὶ
2589 4290 2723 4358 μηδέ
2751 4307 2874 4343 τινα
2905 4291 3039 4360 μηδὲ
3069 4291 3174 4344 τῶν
3196 4292 3296 4360 τῆς
3325 4295 3553 4362 νομικῆς
3591 4291 3852 4358 λατρείαις
3902 4293 4034 4359 ἐριο

2446 4384 2606 4443 στῶν,
2631 4383 2833 4453 ταύτης
2860 4385 3156 4454 ἀξιωθῆναι
3187 4385 3285 4454 τῆς
3316 4384 3540 4453 λήξεως.
3581 4384 3882 4452 Ῥήγνυται
3935 4379 4034 4436 οὖν

2445 4459 2744 4535 τοῦτοίτοῦ
2767 4477 3031 4526 Δεσπότου
3069 4475 3489 4544 σταυρουμένου,
3521 4474 3617 4542 τὴν
3642 4474 3721 4534 εἰς
3740 4473 4033 4539 οὐρανοὺς

2445 4567 2644 4618 εἴσοδον
2679 4568 2844 4618 πᾶσιν
2873 4569 3004 4636 ἡμῖν
3045 4566 3412 4630 ὑποσαλπίζον
3455 4567 3548 4618 καὶ
3585 4564 4034 4634 εὐαγγελιζόμε-

2443 4677 2550 4712 νον.
2592 4659 2698 4709 Καὶ
2749 4659 2857 4726 γὰρ
2887 4660 2949 4729 δὴ
2985 4661 3071 4712 διὰ
3113 4659 3204 4712 τοῦ
3251 4659 3513 4722 ζωοποιοῦ
3558 4658 3788 4710 θανάτου
3828 4658 4030 4719 αὐτοῦ,

2443 4750 2541 4817 τὴν
2573 4752 2651 4810 εἰς
2680 4752 2942 4820 οὐρανοὺς
2984 4751 3208 4815 εἴσοδον,
3242 4752 3407 4802 παντὶ
3449 4749 3526 4820 τῷ
3555 4749 3901 4818 ἀνθρωπίνῳ
3939 4753 4034 4816 γέ-

2444 4858 2543 4902 νει,
2578 4842 2908 4895 ἐνεκαίνισεν
2957 4846 2984 4895 ὁ
3025 4844 3112 4895 διὰ
3146 4844 3304 4896 τοῦτο
3355 4843 3630 4915 κενωθεὶς,
3681 4842 3778 4893 καὶ
3845 4843 4036 4908 σάρκα

2442 4934 2541 5000 τὴν
2574 4934 2847 5004 ἡμετέραν
2894 4934 3245 5006 προσλαϐὼν,
3285 4937 3379 4989 καὶ
3426 4936 3602 4988 πάντα
3629 4931 3845 5002 ,παθὼν
3894 4935 4035 5001 ὑπὲρ

2452 5024 2626 5091 ἡμῶν,
2661 5025 2892 5094 Χριστὸς
2920 5028 2948 5078 ὀ
2976 5026 3106 5089 Θεὸς
3137 5026 3312 5096 ἡμῶν.

786 5107 986 5160 clarius
1011 5105 1340 5174 signiﬁcatur
1372 5112 1426 5157 et
1455 5104 1799 5174 praedicatur,
1835 5105 2117 5161 introitum
2147 5109 2199 5162 in
2232 5113 2395 5166 cmlos
2422 5115 2576 5168 nobis
2605 5115 2833 5186 singulis
2899 5128 3104 5186 patere.
3144 5118 3299 5172 Certe
3324 5119 3464 5171 enim
3535 5119 3580 5172 is
3617 5116 3710 5186 qui
3773 5118 3859 5171 ub
3938 5117 4036 5170 hoc

790 5204 966 5272 ipsum
994 5209 1292 5255 evacuatus
1322 5198 1446 5266 fuit,
1482 5209 1535 5254 et
1553 5215 1775 5256 carnem
1800 5212 2041 5258 nostram
2077 5205 2126 5255 in
2170 5221 2227 5257 se
2268 5210 2582 5278 assumpsit,
2620 5221 2672 5265 et
2740 5214 2918 5266 onmia
2974 5230 3169 5282 passus
3228 5223 3311 5266 est
3377 5231 3473 5282 pro
3524 5214 3717 5275 nobis,
3763 5213 4038 5269 Christus

791 5297 879 5349 ille
932 5292 1074 5348 Deus
1125 5302 1348 5359 noster,
1394 5307 1491 5363 per
1519 5304 1751 5349 mortem
1787 5309 1943 5351 suam
1989 5297 2354 5356 viviﬁcantem
2429 5304 2684 5358 universo
2737 5306 3054 5359 mortalium
3110 5308 3297 5374 generi

791 5383 1127 5439 instauravit.

861 5541 904 5571 ⁵⁷
935 5541 1096 5598 Num.
1118 5555 1236 5603 vtn,
1271 5541 1322 5592 ι.

3399 5308 3707 5375 ingressum
3752 5306 3815 5360 in
3866 5309 4039 5364 cmlos

2063 5697 2292 5750 \'.-\|ll.li
2336 5695 2733 5761 LECTIOSES,

879 5890 899 5911 ι.
933 5893 1018 5938 γρ,
1051 5873 1208 5941 δῆλον
1233 5873 1334 5925 ὅτι.
1413 5882 1436 5908 υ
1465 5876 1551 5926 ῖσ.
1578 5874 1751 5928 θείων.
