4162 6442
758 401 856 468 971

1902 418 2163 482 PHO'I‘II
2199 422 2705 488 PATRIARCH/E
2750 429 2855 490 (ΞΡ.

3925 430 4025 494 972

759 514 1150 585 indulgentiam
1193 517 1336 574 haud
1376 520 1690 593 impertitur
1725 525 1791 580 iis
1818 525 1982 582 Deus.
2014 529 2135 596 Quo
2175 531 2322 584 enim

2440 533 2534 587 τῶν
2580 538 2718 605 πρὸς
2749 535 3081 607 ἐπιστροφὴν
3104 536 3233 591 ίδετν
3275 539 3736 610 δυσωπηθέντεςς
3781 542 3868 593 Δι’
3892 542 3923 593 ὃ
3949 544 4023 595 ἐι-

758 609 866 664 alio
892 624 1152 679 persuasu
1177 611 1528 680 resipiscam,
1559 617 1652 685 qui
1684 617 1750 672 ad
1775 627 1882 672 tam
1921 635 2056 674 nova
2087 632 2136 675 et
2163 632 2325 676 natu-

757 713 873 752 ram
912 698 986 753 ita
1009 699 1326 755 excedentia
1354 702 1716 773 obdurantur,
1758 724 1856 764 nec
1902 711 1969 765 ab
2022 713 2208 782 aliquo
2242 715 2327 770 in-

758 790 885 845 duci
932 801 1164 860 possunt
1211 805 1270 847 ut
1312 798 1729 854 conversionem
1764 817 1919 856 suam
1966 805 2329 862 meditemur?

756 882 879 937 Non
911 883 1081 955 igitur
1111 886 1407 953 immerito,
1432 889 1553 945 sine
1579 894 1736 947 venia
1761 894 1863 950 hoc
1891 896 2102 951 illorum
2134 915 2330 967 pecca-

758 981 900 1037 tum,
931 983 985 1029 et
1010 975 1347 1044 blasphemia
1390 980 1779 1048 indulgentiam
1806 989 2039 1044 excedit.
2068 989 2329 1059 Exempla

759 1071 1318 1134 apponanturAnnas,
1339 1069 1700 1143 Caiaphas,et
1719 1079 2025 1145 complures
2046 1095 2075 1134 e
2092 1077 2329 1144 Judteis;

760 1155 817 1208 hi
850 1170 974 1210 cum
1016 1159 1285 1213 daemonia
1314 1161 1623 1229 ejicientem
1658 1178 1964 1231 cernerent,
1993 1184 2116 1224 cum
2163 1171 2330 1226 debe-

761 1255 882 1300 rent
912 1250 1158 1302 venerari
1193 1251 1622 1320 benefactorem,
1654 1257 1775 1311 ausi
1821 1270 1948 1313 sunt
1988 1275 2101 1314 rem
2148 1262 2331 1332 impu-

759 1339 999 1392 dentiam
1025 1356 1241 1395 omnem
1270 1344 1618 1400 excedentem
1640 1348 1915 1418 proloqui,
1946 1358 2001 1405 et
2025 1366 2120 1420 per
2145 1353 2333 1426 convif

760 1429 836 1484 tia
880 1430 1099 1494 dicere,
1155 1447 1279 1486 eum
1328 1434 1600 1491 dtemonia
1644 1438 1842 1508 ejicere
1885 1456 1979 1509 per
2027 1443 2331 1513 principem

759 1523 1194 1591 daemoniorum;
1222 1540 1345 1580 cum
1388 1543 1570 1584 caecos
1595 1530 1939 1586 intuerentur
1957 1533 2162 1600 videre,
2194 1536 2334 1590 lecto

759 1613 956 1669 alllxos
985 1631 1082 1686 per
1104 1631 1327 1672 cursum
1350 1625 1405 1674 et
1429 1622 1816 1690 baiulationem
1843 1626 2130 1682 sanitatem
2157 1638 2331 1684 ratam

757 1704 1047 1772 facientes,
1070 1709 1325 1765 dixerunt
1354 1720 1559 1780 tamen,
1597 1714 1745 1787 «Non
1786 1726 1870 1772 est
1892 1733 1923 1771 a
1950 1719 2060 1774 Deo
2088 1719 2190 1776 iste
2231 1721 2332 1775 ho-

763 1814 916 1867 mo;i
955 1810 1010 1856 et
1032 1817 1126 1872 per
1153 1802 1423 1860 Lazarum
1454 1819 1729 1862 mortuum
1761 1811 2193 1880 quadriduanum
2214 1815 2334 1870 vitae

765 1894 1099 1962 restitutum,
1133 1898 1198 1952 ad
1231 1899 1494 1969 majorem
1532 1901 1793 1956 invidiam
1832 1903 2332 1962 inllammabantur.
2361 1892 2410 1951 Β

770 2003 789 2036 ι
817 1983 1144 2052 Quaerebam
1183 1989 1353 2053 enim,
1411 1992 1505 2056 ait,
1578 2001 1636 2046 ut
1671 2003 1725 2048 et
1757 1991 2024 2049 Lazarum
2057 1997 2337 2055 interime-

761 2087 898 2134 rent.
933 2098 951 2132 ι
980 2078 1047 2134 Ει
1080 2089 1369 2154 postquam
1407 2086 1731 2140 resciverint
1762 2065 2148 2152 resurrexisse,
2185 2092 2332 2148 illam

761 2171 1214 2226 resurrectionem
1236 2174 1533 2242 occultare,
1563 2176 1690 2230 data
1715 2179 1965 2247 pecunia,
1989 2187 2043 2235 et
2066 2197 2164 2250 per
2186 2198 2338 2238 mcu-

764 2263 983 2318 dacium
1022 2265 1357 2322 nitebantur.
1391 2268 1603 2325 Etcum
1643 2271 1893 2341 discipuli
1931 2272 2129 2342 linguis
2163 2276 2337 2343 igneis

763 2367 1204 2425 exacuerentur,
1263 2369 1320 2414 et
1376 2361 1645 2430 magnalia
1682 2362 1774 2416 Dei
1808 2365 1988 2420 verbis
2033 2369 2335 2435 peregrinis

763 2446 1214 2517 depmdicarent,
1278 2459 1333 2505 et
1383 2468 1574 2522 magna
1611 2454 1896 2509 hominum
1946 2458 2238 2515 multitudo
2267 2464 2334 2516 ad

765 2537 1020 2608 pietatem
1057 2541 1321 2596 miraculo
1350 2543 1758 2612 inducerentur,
1789 2551 1905 2604 sine
1928 2551 2078 2605 omni
2106 2554 2334 2623 pudore,

765 2631 1012 2686 miraculi
1045 2645 1334 2704 augustum
1364 2646 1420 2690 et
1448 2639 1818 2695 venerandum
1861 2639 2089 2709 factum,
2113 2645 2180 2700 ad
2213 2663 2336 2701 mu-

766 2728 911 2775 stum
968 2723 1266 2780 transferre
1341 2738 1394 2780 et
1452 2729 1769 2784 ebrietatem
1829 2734 2181 2801 satagebant;
2234 2752 2336 2791 nec

767 2813 1092 2867 verebantur
1117 2817 1439 2884 nequissimi
1471 2819 1772 2882 alastores.
1835 2838 1903 2878 ne
1950 2824 2019 2878 ab
2067 2826 2190 2894 igne
2242 2827 2336 2882 illo

766 2906 1100 2962 miraculosu
1132 2908 1576 2965 absumerentur.
1613 2913 1690 2967 lta
1741 2913 1873 2968 nihil
1903 2931 2128 2985 prorsus
2157 2935 2336 2989 quan-

765 2997 968 3049 tumvis
1003 3006 1255 3052 naturam
1303 3011 1674 3069 exsuperaret,
1714 3003 1780 3056 ad
1814 3006 2136 3060 mutandum
2187 3009 2338 3077 ipso-

765 3090 895 3141 rum'
919 3103 1150 3157 nequam
1193 3101 1248 3144 et
1296 3090 1589 3146 absurdam
1646 3093 1954 3164 opinionem
2005 3096 2336 3161 sufficiebat.

765 3187 1053 3250 postquam
1084 3184 1252 3237 semel
1285 3197 1475 3238 contra
1513 3187 1784 3255 pra-cipua
1810 3188 2044 3256 Spiritus
2075 3191 2252 3245 sancti
2283 3201 2337 3245 et

767 3271 951 3325 divina
975 3288 1138 3342 Opera
1172 3277 1292 3330 sine
1319 3278 1474 3331 omni
1504 3279 1764 3332 modestia
1799 3287 1855 3332 et
1886 3279 2091 3348 pudore
2136 3297 2196 3336 se
2223 3284 2337 3337 dis-

767 3374 1086 3433 posuerant,
1132 3367 1198 3421 ad
1230 3370 1564 3425 audendum.
1619 3370 1924 3436 Quocirca,
1971 3387 2071 3427 nec
2115 3372 2336 3442 injuria,

769 3455 1059 3512 manifeste
1103 3462 1536 3526 pronuntiatur:
1571 3481 1589 3514 ι
1628 3463 1733 3528 Qui
1774 3463 2001 3518 verbum
2047 3465 2338 3534 protulerit

765 3557 958 3601 contra
991 3548 1189 3605 Filium
1224 3553 1490 3619 hominis,
1522 3555 1832 3609 remittetur
1853 3556 1966 3614 illi:
2005 3568 2059 3611 at
2092 3557 2186 3625 qui
2210 3573 2341 3613 con-

769 3646 853 3690 tra
882 3637 1144 3706 Spiritum
1171 3653 1422 3698 sanctum
1455 3645 1744 3714 protulerit
1778 3660 1884 3698 non
1935 3647 2240 3701 remittetur
2264 3649 2336 3712 ci,

771 3745 871 3785 nec
911 3732 964 3785 in
1007 3732 1111 3788 hoc
1157 3737 1356 3790 smculo
1381 3779 1396 3801 ,
1451 3753 1625 3807 neque
1675 3737 1728 3791 in
1765 3735 1948 3792 futuro
1979 3754 1992 3790 :
2018 3756 2186 3794 scum
2235 3740 2331 3808 qui

2427 624 2598 689 καίως
2627 625 2806 678 αὐτῶν
2828 627 2922 680 καὶ
2976 627 3322 697 σύγγνωστον
3355 637 3381 666 ⁰
3407 632 3469 684 τὸ
3499 631 3918 702 πλημμέλημα,
3938 634 4027 684 καὶ

2431 715 2632 784 μείζων
2650 719 2683 787 ή
2711 717 3027 788 βλασφημία
3051 721 3149 790 τῆς
3177 720 3446 790 ἀφέσεως.
3465 723 3907 793 Παραδείγματα
3938 723 4025 776 τοῦ

2428 804 2607 871 λόγου·
2631 806 2828 869 Ἀννας
2845 809 2939 860 καὶ⁷
2955 809 3212 878 Καϊάφας
3227 811 3320 864 καὶ
3343 811 3646 880 πολλοὶξτῶν
3660 813 3966 879 Ἰουδαίων,
3979 817 4025 868 οι

2428 895 2684 966 δαίμονας
2713 897 3083 953 ἀπελαύνοντα
3131 901 3354 965 ἰδόντες,
3385 903 3502 956 δέον
3546 906 3893 975 προσκυνεῖν
3932 906 4019 957 τὸν

2428 989 2743 1060 εὐεργέτην,
2773 990 2832 1044 ἐν
2860 990 2941 1062 τῷ
2995 991 3224 1062 ἄρχοντι
3283 994 3392 1047 τῶν
3441 994 3742 1064 δαιμονίων
3768 999 4026 1067 (πρᾶγμ-τ

2429 1078 2613 1150 πάσης
2638 1079 3027 1150 ἀναισχυντίας
3054 1081 3369 1152 τολμῶντες
3413 1083 3699 1151 ἐπέκεινα)
3734 1084 4027 1136 ἐκϐάλλειν

2432 1171 2594 1224 αὑτὸν
2634 1171 2942 1242 ἐλοιδόρουν
3000 1171 3069 1226 τὰ
3119 1173 3407 1242 δαιμόνια·
3443 1175 3679 1241 τυφλοὺς
3723 1175 4028 1244 βλέποντας

2431 1261 2684 1330 ὁρῶντες.
2721 1265 2814 1317 καὶ
2843 1262 3123 1334 κλινήρεις
3147 1265 3333 1335 δρόμῳ
3365 1265 3460 1318 καὶ
3489 1268 3700 1336 φορτίῳ
3743 1268 3859 1335 τὴν
3896 1269 4028 1319 ῐασιν

2435 1354 2810 1423 βεϐαιοῦνταςο
2836 1357 2984 1410 «Οὐκ
3009 1356 3156 1411 ἐστιν
3174 1358 3204 1409 ὁ
3219 1357 3503 1427 ἄνθρωπος
3517 1353 3698 1422 οὗτος,
3730 1359 3950 1426 ἔλεγον,
3973 1363 4027 1412 ἐκ

2437 1445 2528 1498 τοῦ
2558 1444 2694 1499 Θεοῦ
2714 1463 2727 1475 ·
2757 1465 2776 1498 ι
2803 1447 2896 1501 τὸν
2912 1445 3161 1519 Λάζαρον
3198 1449 3558 1516 ἀνιστάμενον
3589 1453 3932 1519 τεταρταῖον
3958 1454 4029 1513 εἰς

2433 1535 2654 1589 πλείονα
2679 1536 2837 1605 φόνον
2859 1542 2911 1575 θ’
2931 1539 3308 1606 ἀνεφλέγοντο.
3336 1557 3355 1590 ι
3377 1539 3634 1612 Ἐζήτουν
3679 1540 3822 1609 γὰρ,
3848 1542 4031 1610 φησιν,

2436 1627 2525 1680 ’ίνα
2550 1627 2758 1680 καὶτὸν
2781 1627 3036 1697 Λάζαρον
3058 1628 3476 1682 ἀποκτείνωσιν.
3507 1647 3525 1680 ι
3548 1624 3686 1683 Εἶτα
3710 1632 4035 1684 ἀναστάντα

2439 1720 2840 1792 μεμαθηκότες,
2895 1723 3144 1793 χρήμασι
3170 1723 3264 1776 καὶ
3285 1721 3472 1792 ψεύδει
3491 1722 3922 1792 κατακρύπτειν
3942 1726 4032 1775 ἐκ·

2437 1811 2685 1884 εχείρουν
2739 1813 2838 1885 τὴν
2891 1817 3206 1869 ἀνάστασιν.
3243 1817 3353 1869 Καὶ
3395 1817 3461 1886 δὴ
3486 1817 3581 1870 καὶ
3619 1816 3736 1869 τῶν
3769 1817 4034 1887 μαθητῶν

2437 1905 2695 1975 πυρίναις
2727 1906 3001 1975 γλώσσαις
3046 1908 3458 1979 στομωθέντων,
3495 1910 3590 1961 καὶ
3642 1909 3716 1962 τὰ
3761 1910 4036 1979 μεγαλεῖα

2437 1997 2532 2051 τοῦ
2555 1997 2690 2051 Θεοῦ
2717 1999 2889 2064 ξένοις
2926 2001 3167 2071 ῥήμασιν
3208 2001 3724 2072 ἀνακηρυττόντων,
3764 2005 3875 2055 καὶ
3905 2003 4037 2070 121i;-

2439 2090 2529 2154 θος
2554 2091 2780 2161 ἄπειρον
2805 2093 2886 2162 τῷ
2915 2093 3152 2164 θαύματι
3188 2095 3325 2165 πρὸς
3357 2096 3454 2167 τὴν
3476 2095 3770 2149 εὐσέϐειαν
3803 2097 4033 2164 ἐναγόν-

2437 2202 2568 2247 ⁴ι’ων,
2629 2184 2711 2247 είς
2772 2183 3002 2253 γλεῦκος
3050 2179 3198 2240 οῦτοι
3233 2188 3326 2239 καὶ
3371 2187 3540 2256 μέθην
3570 2187 3632 2239 τὸ
3661 2189 3913 2257 φρικτὸν
3943 2186 4034 2240 τοῦ

2439 2275 2719 2345 θαύματος
2759 2276 3036 2349 διασύρειν
3069 2279 3170 2332 οὐκ
3197 2279 3514 2349 ᾐσχύνοντο,
3541 2279 3652 2333 οὐδ’
3707 2278 4019 2348 ἐφοϐοῦντο

2441 2367 2518 2437 μὴ
2552 2367 2627 2438 τῷ
2672 2367 2808 2439 ξένῳ
2841 2370 2977 2440 πυρὶ
3005 2370 3535 2440 καταδαπανηθῶσιν
3593 2371 3645 2423 οί
3698 2371 4033 2440 ἀλάστορες.

2437 2460 2625 2525 Οῦτως
2648 2462 2800 2514 οὐδὲν
2817 2463 3000 2527 αὐτοῖς
3025 2462 3134 2516 τῶν
3152 2463 3446 2533 ὑπερφυῶν
3477 2465 3558 2525 είς
3588 2464 3918 2533 μεταϐολὴν
3943 2466 4037 2532 τῆς

2441 2553 2722 2624 μοχθηρᾶς
2756 2555 2849 2607 καὶ
2878 2554 3080 2608 ἀτόπου
3111 2554 3337 2625 γνώμης
3372 2554 3692 2625 ἐξήρκεσεν.
3719 2554 3880 2621 ἅπαξ
3904 2557 4034 2624 πρὸς

2436 2643 2507 2696 τά
2534 2643 2730 2712 πρῶτα
2780 2642 2888 2697 τῶν
2918 2643 3308 2714 πνευματικῶν
3337 2644 3432 2698 καὶ
3462 2644 3620 2696 θείων
3666 2644 3861 2713 ἔργων
3883 2647 4036 2698 ἀναι-

2441 2733 2693 2800 σχυντεῖν
2731 2732 2963 2794 ἑαυτοὺς
3011 2734 3455 2803 παρεσκευακόσι
3499 2733 3596 2786 καὶ
3642 2734 4036 2804 ἀποθρασύνε-

2438 2821 2586 2876 σθαι.
2621 2825 2857 2887 Δικαίως
2874 2824 2980 2894 ἄρα
3008 2823 3128 2876 λίαν
3145 2825 3239 2877 καὶ
3281 2824 3462 2893 σοφῶς
3489 2824 3842 2894 sima-utﬁt:
3885 2845 3905 2876 ε
3943 2827 4038 2883 ⁸ος

2438 2913 2506 2965 ἂν
2532 2913 2662 2983 εῐπῃ
2698 2912 2856 2982 λόγον
2889 2913 3031 2967 κατὰ
3049 2913 3143 2966 τοῦ
3176 2913 3307 2966 Υἰοῦ
3341 2914 3435 2966 τοῦ
3462 2914 3755 2984 ἀνθρώπου
3777 2955 3795 2977 ,
3831 2915 4038 2984 ἀφεθή-

2441 3021 2592 3057 σεται
2627 3004 2806 3074 αὐτῷ·
2832 3005 2891 3068 ὃς
2915 3005 2959 3058 δ’
2987 3005 3055 3058 ἂν
3089 3006 3219 3075 εῑπῃ
3249 3005 3389 3058 κατὰ
3416 3005 3510 3058 τοῦ
3546 3007 3904 3074 Πνεύματος,
3937 3008 4035 3058 οὐκ

2440 3095 2774 3168 ἀφεθήσεται
2800 3095 2975 3166 αύτῷ.
3005 3095 3132 3150 οὔτε
3162 3097 3221 3150 ἐν
3250 3095 3330 3166 τῷ
3357 3095 3453 3149 νῦν
3479 3096 3655 3159 αἰῶνι.
3701 3096 3838 3150 οὔτε
3870 3098 3931 3149 ἐν
3959 3099 4036 3165 τῷ

2443 3189 2712 3258 μέλλοντι.
2752 3207 2771 3239 ι
2797 3189 2922 3251 Τοῖς
2958 3188 3055 3258 μὲν
3083 3189 3192 3257 γὰρ
3222 3187 3332 3241 ἀπὸ
3358 3188 3466 3241 τῶν
3512 3189 4036 3259 ἀνθρωπικωτέρων

2439 3281 2535 3334 καὶ
2563 3279 2960 3350 ταπεινοτέρων
2996 3279 3468 3333 σκανδαλισθετσιν
3525 3281 3618 3333 ἐπὶ
3655 3279 3735 3349 τῷ
3776 3281 4037 3350 Assa-6m

2437 3370 2678 3442 Χριστῷ,
2712 3371 2869 3443 ῥᾳδία
2901 3371 2933 3441 ἡ
2975 3371 3064 3424 διὰ
3086 3370 3195 3424 τῶν
3232 3372 3495 3440 μειζόνων
3533 3371 3627 3425 καὶ
3666 3372 4032 3441 ὑψηλοτέρων

2444 3461 2719 3532 μεταϐολὴ
2745 3462 2840 3514 καὶ
2873 3462 2905 3530 ὴ
2929 3460 3145 3528 ἄφεσις.
3173 3461 3298 3524 Τοῖς
3321 3461 3378 3514 δὲ
3408 3461 3546 3531 πρὸς
3578 3465 3646 3515 τὰ
3673 3466 4037 3532 πνευματικά

2441 3553 2537 3606 καὶ
2576 3552 2834 3623 ὑπερφυῆ
2869 3552 2966 3605 καὶ
3014 3551 3134 3604 θεῖα
3180 3551 3550 3620 άπονοηθείσι,
3586 3554 3969 3621 παγχάλεπος
4005 3556 4034 3623 ἢ

2442 3646 2537 3698 καὶ
2568 3643 2826 3706 ἀδύνατος
2845 3645 2877 3710 ἡ
2904 3642 3210 3713 διόρθωσις.
3249 3643 3349 3696 Διὰ
3367 3643 3524 3697 τοῦτο
3549 3646 3639 3697 καὶ
3657 3645 3782 3697 οὐδε
3793 3645 3907 3714 μία
3926 3647 4033 3699 τῶν

2448 3734 2951 3806 πλημμεληθέντων
2972 3737 3277 3805 ἀπαντήσει
3305 3736 3520 3803 ἄφεσις.

771 3829 996 3890 prapter
1035 3824 1305 3879 humanas
1369 3837 1423 3881 et
1473 3829 1796 3886 humilitatis
1855 3832 2138 3903 passiones
2209 3827 2723 3885 scandalizabantur
2793 3826 2847 3880 in
2892 3826 3125 3880 Domino
3166 3825 3425 3891 Christo,
3462 3827 3752 3897 proclivem
3795 3826 4040 3884 habeam

767 3930 866 3984 per
894 3927 948 3970 et
974 3929 1190 3988 propter
1230 3919 1434 3990 majdra
1470 3933 1525 3978 et
1555 3926 1875 3983 sublimiora
1941 3927 2296 3982 mutationem
2366 3935 2422 3980 et
2453 3923 2837 3979 remissionem
2870 3939 2884 3977 :
2922 3931 2979 3976 at
3003 3923 3099 3992 qui
3127 3923 3181 3976 in
3211 3923 3375 3977 rebus
3405 3923 3812 3993 spiritualibus,
3844 3939 4040 3994 super-

769 4008 1110 4064 naturalibus
1137 4019 1191 4064 et
1211 4010 1413 4066 divinis
1436 4014 1552 4068 sine
1575 4017 1790 4073 ratione
1821 4018 2124 4082 insaniunt,
2149 4017 2215 4070 ad
2231 4017 2454 4070 modum
2477 4013 2791 4080 dilliculter,
2844 4023 2941 4068 aut
3009 4028 3116 4069 non
3183 4015 3430 4080 omnino,
3506 4016 3738 4070 redeunt
3819 4016 3901 4071 ad
3931 4032 4041 4072 tne-

769 4103 964 4158 liorem
994 4104 1229 4175 frugem.
1268 4106 1500 4178 ldeoque
1533 4111 1949 4183 haudquaquam
1995 4120 2339 4182 peccatorum
2380 4111 2628 4182 obtinget
2654 4109 3013 4180 indulgentia.

771 4192 1098 4263 QUIESTIO
1111 4197 1318 4252 CCXIV
1338 4200 1786 4272 [CoisLjCCXLlL
1809 4205 1971 4261 Taur.
1990 4203 2344 4276 CCXXXIV].

2971 4200 3309 4254 ΕΡΩἸἮΣΙΣ
3358 4201 3496 4254 Σ1Δ⁹.

1044 4288 1185 4339 Edita
1212 4303 1240 4339 a
1271 4291 1574 4345 Montacutio
1610 4298 1712 4360 (ep.
1739 4297 1849 4358 129,
1880 4300 1941 4349 ad
1967 4300 2248 4364 Cbristoph.
2283 4312 2330 4361 p.
2367 4296 2475 4358 170,
2508 4295 2708 4356 l7ll.—
2739 4296 2814 4346 De
2842 4297 3093 4358 precepto
3124 4293 3329 4354 Christi,
3363 4293 3533 4342 Matth.
3569 4307 3632 4354 vi,
3665 4293 3742 4343 17.

839 4372 978 4429 Cum
1006 4385 1171 4445 caput
1198 4376 1460 4447 inungere
1483 4392 1538 4435 et
1563 4380 1757 4438 faciem
1787 4386 1990 4448 lavare,
2021 4385 2089 4440 de
2120 4395 2335 4441 vetusta
2361 4385 2415 4445 D

769 4467 1007 4538 quadam
1051 4469 1471 4536 consuetudine,
1509 4473 1580 4527 ab
1608 4474 1674 4529 iis
1697 4476 1790 4545 qui
1841 4476 2039 4546 gaudio
2071 4491 2126 4532 et.
2153 4478 2340 4532 latitia

769 4556 1165 4625 adiciebantur,
1220 4571 1542 4631 usurpetur,
1590 4581 1714 4635 qua)
1749 4568 1932 4636 gaudii
1979 4578 2034 4622 et
2089 4570 2337 4625 oblecta-

769 4653 938 4710 tionis
971 4655 1226 4726 symbola
1249 4657 1498 4724 quaedam
1530 4664 1722 4723 erant;
1748 4656 2014 4714 Dominus
2051 4659 2118 4713 dc
2134 4658 2345 4728 jejunio

769 4746 946 4817 legem
978 4756 1293 4818 rogaturus,
1322 4764 1487 4818 quam
1529 4765 1630 4805 nos
1662 4751 1910 4806 lubentes
1935 4752 2105 4806 voluit
2129 4761 2184 4806 et
2214 4766 2347 4822 gau-

771 4838 965 4895 dentes
998 4841 1313 4910 adimplere,
1351 4862 1367 4890 ι
1395 4841 1571 4912 Caput
1625 4852 1809 4908 tuum,
1847 4845 1942 4910 ait,
1991 4845 2265 4914 inungito,
2292 4852 2347 4899 et

769 4933 952 4987 tivato
983 4931 1179 4986 faciem
1206 4952 1221 4988 :
1251 4953 1270 4985 ι
1311 4949 1415 4988 non
1437 4935 1582 5004 quod
1606 4935 1822 4990 volebat
1840 4937 1960 4991 oleo
1977 4946 2141 5006 caput
2160 4934 2348 4990 molle-

770 5022 970 5090 facere,
1015 5035 1108 5079 aut
1146 5025 1336 5082 faciem
1371 5042 1514 5097 aqua
1558 5029 1868 5098 abstergere
1897 5044 2058 5095 ;cum
2084 5044 2183 5084 nec
2209 5030 2345 5098 ipse,

772 5117 870 5187 qui
903 5125 1045 5173 totos
1063 5119 1425 5190 quadraginta
1446 5120 1563 5176 dies
1590 5121 1897 5190 jejunabat,
1928 5121 2046 5176 istis
2065 5129 2346 5176 uteretur:

771 5224 874 5264 nec
911 5209 1108 5266 intueri
1139 5213 1266 5267 licet
1295 5214 1730 5268 emolumentum
1775 5215 1992 5284 aliquod
2020 5215 2085 5268 iis
2134 5216 2351 5269 contin-

771 5317 920 5371 gere,
951 5305 1045 5373 qui
1072 5314 1321 5360 utuntur.
1372 5305 1642 5372 Quocirca
1668 5322 1769 5361 nec
1799 5307 2012 5377 inungi,
2056 5323 2158 5361 nec
2198 5308 2350 5362 ablui

772 5394 897 5449 istis
943 5397 1242 5462 mandavit,
1291 5399 1384 5454 sed
1414 5414 1511 5468 per
1562 5400 1810 5470 symbola
1840 5400 2020 5470 gaudii
2051 5409 2106 5453 et
2151 5400 2351 5454 laetitia:

771 5485 1018 5541 voluitet
1053 5490 1351 5554 mandavit,
1393 5501 1453 5546 ut
1479 5491 1741 5562 jejunium
1769 5507 1894 5547 cum
1920 5492 2124 5561 gaudio
2155 5500 2210 5546 et
2251 5508 2348 5546 vo-

779 5579 986 5647 luptate
1038 5595 1284 5651 agamus.
1327 5582 1407 5637 Ad
1458 5586 1606 5639 hunc
1639 5585 1864 5640 modum
1920 5586 1966 5639 si
2003 5600 2101 5639 nos
2123 5598 2347 5655 compo-

780 5687 976 5728 namus
1004 5683 1057 5728 et
1075 5690 1426 5742 exornemus,
1458 5694 1584 5733 cum
1608 5679 1745 5733 alios
1776 5678 1944 5732 latere
1973 5677 2351 5748 poterintqute

780 5766 1046 5833 iacimus,
1084 5779 1138 5824 et
1171 5769 1366 5842 jejunii
1414 5781 1688 5828 certamen
1724 5771 1868 5827 haud
1899 5771 2165 5844 gravatim
2191 5769 2350 5826 subi-

2523 4382 2739 4454 Ἐπειδὴ
2773 4386 2836 4434 τὸ
2861 4379 3180 4449 ἀλείφεσθαι
3214 4381 3316 4449 τὴν
3345 4371 3609 4449 κεφαλὴν,
3637 4378 3824 4431 καὶτὸ
3861 4379 4034 4451 πρόσ-

2444 4491 2594 4528 ωπον
2631 4472 2917 4526 νίπτεσοαι
2957 4473 3071 4534 τοῖς
3108 4470 3563 4540 εύφραινομένοις
3621 4470 3714 4523 καὶ
3749 4472 4035 4540 χαίρουσι,

2446 4569 2587 4622 κατά
2651 4584 2704 4620 τι
2755 4565 2987 4619 παλαιὸν
3040 4562 3397 4634 ἐπετηδεύετο
3453 4562 3596 4627 ἔθος,
3637 4563 3731 4616 καὶ
3785 4563 4037 4632 σύμϐολα

2445 4660 2620 4715 ταῦτα
2653 4660 2827 4728 χαρᾶς
2886 4656 3168 4726 ἐνομίζετο
3208 4655 3303 4708 καὶ
3341 4654 3719 4724 εὐφροσύνηςο
3747 4654 3778 4705 ὁ
3823 4657 4033 4708 Δεσπὸο

2448 4770 2546 4823 της
2574 4753 2663 4806 τὸν
2688 4751 2816 4822 περὶ
2847 4750 3101 4820 νηστείας
3129 4748 3293 4818 νόμον
3339 4748 3575 4816 εἰσάγων
3593 4787 3608 4812 ,
3638 4748 3734 4799 καὶ
3764 4745 4037 4817 βουλόμε-

2449 4862 2538 4908 νος
2564 4845 2710 4914 ἡμᾶς
2745 4844 2880 4913 μετὰ
2903 4843 3074 4911 χαρᾶς
3105 4841 3200 4894 καὶ
3231 4838 3575 4910 εὐφροσύνης
3608 4838 3819 4908 ταύτην
3853 4842 4036 4892 stur.-

2449 4938 2598 5002 λεϊν,
2633 4956 2652 4988 ι
2699 4936 2949 5006 Ἀλειψαί
3006 4951 3120 4999 σου,
3184 4934 3341 5004 φησὶ,
3373 4934 3475 5003 τὴν
3525 4931 3792 5002 κεφαλὴν,
3829 4937 3934 4985 καὶ
3961 4934 4033 4984 νί-

2449 5029 2548 5097 ψαι
2573 5026 2636 5080 τὺ
2669 5027 2959 5096 πρόσωπον
2985 5039 3031 5074 ο»
3071 5023 3129 5075 ού
3154 5022 3310 5075 τοῦτο
3340 5021 3536 5089 λέγων,
3565 5019 3730 5088 ἐλαίῳ
3752 5018 4032 5072 λιπαίνειν

2450 5121 2550 5189 τὴν
2579 5115 2839 5187 κεφαλὴν,
2881 5115 2914 5186 ἦ
2949 5114 3012 5166 τὸ
3047 5113 3340 5184 πρόσωπον
3369 5110 3659 5165 ἐκπλύνειν
3682 5108 3846 5162 ῦδατι
3869 5125 3884 5137 ·
3918 5111 4027 5162 οὐδὲ

2452 5211 2561 5282 γὰρ
2588 5209 2752 5272 αὐτὸς
2776 5208 3078 5280 νηστεύσας
3108 5206 3195 5274 ἐφ’
3213 5204 3342 5268 ὅλας
3381 5205 3594 5273 ἡμέρας
3614 5203 4031 5272 τεσσαράκοντα

2451 5304 2663 5364 τούτοις
2693 5303 2993 5373 ἐχρήσατο·
3025 5300 3147 5353 οὑδὲ
3181 5315 3234 5352 τι
3275 5298 3468 5367 κέρδος
3513 5300 3579 5351 ἐκ
3611 5296 3848 5360 τούτων,
3887 5299 4031 5355 εἴτις

2453 5399 2635 5460 αὐτοῖς
2657 5396 2854 5467 χρῷτο,
2886 5395 3018 5464 ὀρᾷν
3050 5392 3165 5446 ἔστι
3198 5391 3604 5462 παρεπόμενον.
3629 5390 3746 5442 Οὐκ
3764 5385 3870 5442 οὖν
3900 5389 4029 5443 ἀλεί-

2455 5490 2650 5557 φεσθαι
2681 5489 2776 5542 καὶ
2808 5487 3093 5539 νίπτεσθαι
3114 5486 3264 5554 ἡμᾶς
3297 5482 3387 5536 διὰ
3420 5482 3626 5536 τούτων
3654 5481 4025 5549 ἐγκελεύεται,

2457 5581 2570 5635 ἀλλ’
2599 5581 2695 5634 ἀπ’
2730 5579 2909 5633 αὐτῶν
2952 5578 3059 5631 τῶν
3111 5574 3398 5653 συμϐόλων
3444 5575 3544 5644 τῆς
3603 5574 3779 5645 χαρᾶς
3808 5573 4026 5638 καὶτῆς

2459 5673 2815 5746 εὐφροσύνης,
2851 5672 3064 5743 χαίρειν
3092 5671 3239 5741 ἡμᾶς
3282 5667 3376 5722 καὶ
3430 5666 3822 5738 εὐφραίνεσθαι
3869 5667 3928 5717 ἐν
3958 5664 4024 5731 τῷ

2459 5764 2740 5834 νηστεύειν
2766 5763 3094 5836 νομοθετῶν,
3128 5761 3305 5817 ταῦτα
3325 5761 3550 5831 ἔφησεν.
3579 5757 3736 5813 Οὕτω
3766 5760 3882 5827 γάρ
3919 5759 4026 5810 ἐαυ-

2071 5863 2305 5923 ΥΛΒΙᾸΞ
2347 5859 2747 5920 LECTIONES.

889 5960 1024 6017 οῑσ.
1056 5961 1455 6031 ἀσύγγνωστον.
1526 5967 1568 5998 ’³³
1613 5960 1822 6031 φθόνον.
