4162 6442
159 422 255 491 9τ3

946 430 1048 493 ΑΙ)
1076 432 1667 498 AMPHILOCHIUM
1718 432 2066 507 QU£STIO
2108 432 2352 510 CCXIV,
2384 434 2594 500 CCXV.

3293 444 3403 508 974

158 533 661 631 τοὺςδιαιξτηθίντες
675 540 772 595 καὶ
781 539 1268 616 διακοσμήσαντες,
1285 545 1414 611 τούς
1423 563 1485 601 τε
1498 546 1716 609 ἄλλους.
1746 595 1750 608 .

1821 546 2026 603 bimus.
2065 542 2204 601 Nam
2224 545 2324 631 ubi
2370 554 2594 618 paratus
2619 547 2830 605 accedit
2860 550 2987 620 quis
3016 564 3144 608 cum
3170 550 3401 622 gaudio,

158 628 211 681 ιν
237 622 317 692 οἷς
345 630 684 702 πράττομεν,
704 633 891 689 λαθεῖν
934 635 1304 708 δυνησόμεθα,
1358 638 1456 692 καὶ
1502 639 1721 702 ἑαυτοῖς

158 721 430 793 ἀνεπαχθῆ
455 722 548 777 τὸν
594 724 693 795 τῆς
716 726 971 797 νηστείας
1022 728 1213 796 άγῶνα
1263 728 1719 801 άπεργασόμεθα.

160 812 321 867 Ἔνθα
344 815 457 886 γὰρ
484 815 766 887 προθυμία
808 819 906 873 καὶ
961 822 1130 890 χαρὰ,
1164 823 1284 874 tu!
1305 820 1511 889 κοῦφον
1537 822 1634 875 καὶ
1658 822 1721 875 τὸ

156 904 439 960 ἐπίπονον
470 904 662 979 ῶσπερ
686 908 819 964 ἔνθα
841 910 905 964 τὸ
931 910 1178 982 ῥᾴθυμον
1194 911 1294 965 καὶ
1311 911 1375 965 τὸ
1401 912 1588 982 ἀηδὲς,
1604 914 1723 966 ἐκεί

157 998 250 1051 καὶ
280 996 343 1050 τὸ
400 999 600 1070 ῥᾷστον
624 1000 1074 1071 δυσχερέστατον.
1111 990 1369 1072 ’Δλειψαὶ
1405 1003 1586 1058 τοίνυν
1627 1005 1722 1058 καὶ

156 1087 309 1151 αὑτὸς
356 1088 459 1160 τὴν
505 1090 768 1162 κεφαλὴν,
798 1093 895 1147 καὶ
924 1093 988 1146 τὸ
1028 1094 1322 1162 πρόσωπον
1350 1094 1504 1163 νίψαι
1536 1111 1551 1124 ·
1581 1095 1721 1165 ὅπερ

157 1180 346 1249 μαθεῖν
399 1181 766 1253 ιπηρώτησας
801 1199 817 1215 ·
847 1184 1078 1255 φαιδρὸν
1130 1186 1360 1239 σεαυτὸν
1402 1186 1499 1239 καὶ
1538 1186 1721 1256 ἱλαρὸν

154 1274 258 1327 ἀπὸ
283 1274 380 1343 τῆς
402 1275 463 1329 εν
491 1277 559 1346 τῇ
591 1277 791 1348 καρδία
812 1276 1081 1348 εὐθυμίας
1107 1280 1206 1332 καὶ
1234 1278 1633 1345 ἀγαλλιάσεως,
1661 1282 1742 1333 ιν·

152 1363 226 1433 τῷ
251 1366 555 1434 νηστεύειν,
578 1368 1037 1438 παρασκευάζων,
1068 1369 1164 1423 καὶ
1193 1371 1361 1424 παντὶ
1404 1371 1595 1440 τρόπῳ
1621 1370 1721 1424 λα-

153 1456 263 1509 θεῖν
296 1457 631 1529 ἐπιτηδεύων
653 1462 769 1525 τοῖς
798 1459 1111 1532 ἀνθρώποις
1137 1460 1201 1515 τδ
1229 1461 1565 1533 κατόρθωμα
1587 1503 1604 1528 ,
1635 1462 1723 1517 ίνα

154 1547 551 1620 μισθαποδάτην
578 1550 711 1624 ἔχῃς
740 1551 834 1605 τὸν
866 1551 1061 1623 ἔφορον
1109 1554 1220 1607 τῶν
1261 1554 1509 1624 κρυφίων
1563 1553 1719 1609 Θεόν.

152 1641 213 1693 Εί
241 1639 297 1694 δι
328 1643 424 1696 καὶ
447 1644 745 1714 νηστεύων.
786 1646 956 1715 ὶλαίῳ
1000 1645 1257 1709 εὐποιίας
1286 1646 1349 1700 τὸ
1373 1648 1433 1701 ιν
1455 1648 1524 1719 τῇ
1549 1663 1724 1714 κεφα-

150 1730 213 1802 λῇ
250 1732 490 1802 δαψιλῶς
537 1736 735 1800 πιάνας
777 1738 1128 1808 ἡγεμονικὸν,
1159 1738 1371 1792 ικεῖθίν
1419 1753 1481 1791 τε
1533 1737 1724 1810 ῶσπερ

150 1828 258 1881 ἀπό
294 1844 443 1891 τινος
492 1829 677 1899 πηγῆς
700 1830 915 1901 νοερᾶς,
942 1830 1065 1884 ὅλον
1088 1830 1316 1887 σεαυτὸν
1344 1831 1522 1885 καὶτὸ
1550 1830 1723 1901 πρόσ-

150 1936 296 1972 ωπον
312 1919 585 1983 ἐκπλύνας
614 1921 840 1994 φαιδρὸν
860 1922 1151 1994 ἀπεργάσῃ
1175 1923 1270 1975 καὶ
1284 1921 1523 1993 καθαρὸν
1546 1922 1725 1994 (ncq-

152 2010 411 2081 μοσύναις
430 2013 562 2084 γάρ,
586 2014 775 2081 φησὶν,
809 2014 1274 2083 άποκαθαίρσνται
1296 2015 1612 2086 ἁμαρτίαι),
1640 2016 1722 2077 είς

148 2104 208 2155 τὸ
238 2103 655 2175 χρησιμώτατόν
685 2122 769 2159 σοι
806 2106 1003 2171 δείξεις
1033 2106 1147 2161 τῶν
1171 2105 1334 2161 θείω»
1376 2104 1587 2174 Λογίων
1620 2104 1722 2175 τὴν

147 2195 445 2260 ἀνάπτυξιν
472 2197 956 2268 προσεληλυθίναι.

676 2309 1016 2365 ΕΡΩἸἮΣΙΣ
1042 2309 1182 2364 ΣΙΕἎ

1823 639 1901 694 ibi
1929 638 2074 709 quod
2104 637 2440 695 laboriosum
2467 648 2577 707 est,
2617 640 2735 696 leve
2764 641 2857 697 flet
2882 659 2899 708 ;
2942 656 2974 697 ο
3001 651 3219 705 contra.
3248 646 3401 713 quod

1819 730 1982 786 facile
2023 730 2105 791 fit.
2139 730 2516 788 diﬂicillimum
2561 734 2807 789 redditur
2834 735 2929 789 ubi
2978 734 3275 791 intervenit
3303 751 3399 790 so-

1820 824 2030 889 cordia,
2055 823 2349 880 etadversa
2372 826 2643 881 voluntas.
2666 825 2870 895 lnnnge
2921 835 2976 880 ιιι
3033 840 3169 896 ergo
3210 835 3398 894 caput,

1821 925 1876 971 et
1920 916 2114 972 faciem
2145 917 2265 972 lava
2299 934 2316 983 ;
2358 917 2411 973 id
2468 919 2614 988 quod
2664 919 2924 987 cupiebas
2971 917 3107 987 quid
3136 926 3286 972 esset
3310 918 3401 970 in-

1822 1009 2089 1079 telligere.
2155 1008 2261 1063 hoc
2291 1018 2410 1064 est:
2451 1008 2530 1070 Te
2566 1023 2765 1065 sereno
2796 1017 2852 1064 et
2883 1008 3047 1064 hilari
3074 1008 3229 1088 vultu
3262 1022 3401 1076 prae-

1820 1101 1995 1156 ditum
2018 1100 2237 1163 exhibe,
2292 1110 2509 1169 propter
2538 1100 2791 1170 gaudium
2820 1101 2987 1154 animi
3026 1100 3105 1154 tui
3134 1108 3191 1154 et
3214 1097 3401 1152 exsul-

1822 1193 2083 1248 tationem
2113 1195 2408 1262 repositam
2434 1194 2490 1248 in
2538 1194 2882 1262 jejunando;
2936 1192 3154 1247 enitere
3211 1200 3394 1244 autem

1819 1293 1875 1340 et
1887 1299 2111 1354 operam
2128 1286 2195 1339 da
2223 1287 2596 1351 omnimodam
2616 1295 2678 1340 ut
2708 1287 2812 1340 hoc
2833 1284 3157 1353 praeclarum
3180 1281 3401 1337 facinus

1821 1380 2048 1444 celetur,
2086 1388 2150 1434 ut
2175 1380 2256 1435 sic
2294 1379 2464 1435 Deum
2503 1380 2601 1450 qui
2637 1390 2847 1436 secreta
2900 1378 3089 1446 omnia
3120 1377 3396 1439 intuetur,

1823 1470 2029 1525 habeas
2056 1470 2469 1525 retributorem.
2500 1468 2659 1537 Quod
2696 1470 2742 1525 si
2775 1483 2942 1539 porro
2992 1456 3123 1523 cum
3144 1466 3391 1535 jejunas,

1822 1561 1945 1616 oleo
1980 1552 2353 1617 beneﬁcentia:
2371 1572 2539 1631 caput
2565 1560 2774 1616 alf..tim
2818 1558 3035 1628 irrigas,
3072 1555 3197 1611 etin
3219 1554 3403 1623 capite

1822 1662 2033 1725 partem
2062 1656 2425 1724 principatum
2454 1655 2817 1715 obtinentem.
2859 1652 2933 1705 ita
2967 1658 3029 1705 ut
3092 1647 3226 1704 inde
3278 1656 3403 1701 tan-

1823 1762 1987 1815 quam
2008 1747 2077 1802 de
2106 1745 2256 1802 fonte
2307 1745 2685 1808 iutellectuali,
2741 1752 3026 1804 tetotum.
3056 1756 3160 1797 nec
3211 1739 3397 1795 solum

1825 1837 2016 1894 faciem
2044 1838 2255 1901 abluas,
2273 1847 2329 1893 et
2353 1838 2583 1892 mundea
2612 1839 2763 1900 (nam
2779 1834 3066 1899 emundat,
3095 1840 3157 1887 ut
3174 1830 3401 1895 dicitur,

1827 1930 2175 2001 eleemosyna
2208 1933 2539 2001 peccatum),
2605 1929 2781 1999 palam
2855 1925 3025 1981 facies
3080 1922 3399 1979 divinorum

1825 2022 2176 2077 oraculorum
2252 2022 2674 2091 explicationem
2745 2020 2845 2076 tibi
2930 2019 3216 2075 exstitisse
3283 2015 3402 2071 fru-

1823 2121 2099 2168 ctuosam.
2542 2112 2545 2113 ⁷

1827 2304 2151 2372 00881⁸10
2164 2306 2344 2364 CCXV
2359 2306 2548 2381 [ϐοἱεί.
2572 2306 2851 2374 CCXXIV,
2872 2306 3038 2362 Taar.
3058 2301 3395 2376 CCXXXV].

520 2420 662 2473 Edita
689 2434 717 2471 a
748 2421 1047 2472 Iontacutio
1079 2421 1184 2485 (ep.
1222 2420 1328 2481 [32,
1358 2420 1417 2470 ad
1446 2419 1615 2471 Taras.
1650 2430 1697 2479 p.
1734 2414 1981 2478 171-175).
2003 2444 2064 2454 —
2094 2417 2265 2467 Matth.
2299 2430 2384 2479 xu,
2415 2416 2502 2477 48;
2538 2416 2683 2467 lare.
2717 2416 2869 2473 ni.33
2901 2414 3027 2477 (85).

216 2507 399 2577 Ὅπερ
443 2506 647 2575 ἔφησεν
684 2508 743 2559 ἓν
766 2508 878 2569 τοῖς
899 2505 1251 2573 Εὑαγγελίοις
1277 2506 1307 2557 6
1332 2505 1543 2575 Σωτὴρ,
1566 2522 1586 2556 ι
1624 2502 1723 2562 Τίς

146 2600 299 2655 ἔστιν
345 2601 380 2671 ἡ
444 2601 628 2669 μήτηρ
683 2614 811 2669 μου,
842 2597 937 2651 καὶ
1000 2598 1146 2661 τίνες
1204 2598 1346 2650 εῑσὶν
1390 2598 1440 2649 οί
1499 2596 1720 2665 ἀδελφοί

148 2708 294 2761 μους
335 2709 355 2741 ι
390 2692 489 2761 οὐχ
510 2691 586 2755 ὡς
620 2690 687 2745 ἂν
722 2708 808 2754 τις
833 2691 1085 2763 ἀφρόνως
1136 2690 1368 2761 οίηθείη,
1397 2688 1722 2760 ὲπαισχυνό-

146 2798 309 2851 μενος
335 2781 532 2845 ὠδῖνας
554 2782 654 2843 τὰς
686 2781 978 2852 μητρυιὰς,
1002 2779 1037 2851 ἢ
1057 2780 1158 2851 τὴν
1194 2781 1409 2850 μητέρα
1441 2778 1719 2851 ὲκόάλλων

143 2871 249 2924 τοῦ
299 2870 567 2943 μητρικοῦ
625 2870 818 2933 κλέους
845 2881 874 2922 ιι
904 2871 995 2925 καὶ
1048 2871 1159 2923 τῶν
1187 2869 1523 2944 προνομίων,
1560 2867 1719 2923 τοῦτό

143 2980 307 3033 φησι.
353 2962 479 3026 Πῶς
517 2963 648 3032 γάρ,
684 2963 713 3015 6
744 2979 810 3032 γε
840 2963 937 3016 καὶ
977 2961 1086 3032 πρὸ
1131 2960 1323 3032 καιροῦ
1364 2960 1473 3014 τῶν
1506 2960 1720 3031 θαυμά-

140 3073 277 3117 των.
310 3055 397 3109 διὰ
417 3058 518 3125 τὴν
543 3054 681 3124 πρὸς
723 3053 896 3126 αὐτὴν
936 3052 1095 3119 αίδὼ,
1126 3056 1207 3117 εἰς
1234 3048 1377 3106 οῐνον
1431 3069 1717 3122 μεταστοι-

143 3148 382 3217 χειὼσας
434 3148 494 3201 τὸ
542 3147 706 3219 ὕδωρ,
738 3148 835 3201 καὶ
875 3147 999 3200 κατ’
1031 3146 1197 3199 αὑτὸν
1242 3145 1338 3199 τοῦ
1391 3146 1597 3209 πάθους
1628 3144 1720 3198 τίον

144 3240 363 3309 καιρὸν,
385 3240 474 3291 ὅτε
523 3238 827 3309 τραύμασι,
853 3238 949 3291 καὶ
984 3237 1178 3311 λόγχῃ,
1207 3241 1302 3291 καὶ
1350 3236 1592 3307 σταυρῷ,
1626 3238 1721 3290 καὶ

1889 2499 2045 2567 Quod
2096 2502 2150 2556 in
2200 2500 2495 2572 Evangelio
2553 2500 2694 2555 dixit
2752 2499 3031 2563 Servatur,
3072 2519 3091 2551 ι
3128 2499 3263 2566 Quae
3310 2508 3400 2554 est

1819 2602 1993 2648 mater
2022 2609 2163 2659 mea,
2205 2604 2260 2649 et
2298 2596 2523 2665 quinam
2553 2601 2684 2649 sunt
2704 2593 2904 2649 fratres
2952 2593 3136 2647 mei?»
3186 2606 3296 2647 non
3320 2593 3397 2649 ita

1817 2686 2063 2757 protulit,
2109 2696 2167 2739 ut
2204 2685 2524 2756 imprudens
2582 2683 2725 2740 torte
2756 2684 2960 2755 aliquis
3005 2683 3265 2738 arbitrari
3296 2699 3400 2755 po—

1819 2779 1963 2843 terit,
1991 2778 2153 2849 quasi
2176 2779 2409 2833 materni
2428 2786 2619 2847 partus
2639 2776 2858 2833 dolores
2886 2776 3352 2832 verecundaretur
3380 2794 3397 2833 :

1820 2879 2005 2924 auteo
2050 2869 2156 2925 [ine
2187 2879 2248 2923 ut
2292 2882 2523 2925 matrem
2580 2878 2833 2924 materno
2871 2868 3083 2923 honore
3132 2868 3397 2939 privaret.

1821 2960 1923 3028 Qui
1968 2960 2114 3015 enim
2151 2959 2283 3015 illud
2348 2959 2678 3025 admitteret,
2723 2962 2791 3023 is,
2846 2960 2943 3029 qui
2994 2969 3121 3014 ante
3182 2970 3400 3030 tempus

1820 3052 2080 3121 operandi
2113 3051 2401 3118 miracula,
2436 3052 2508 3107 ob
2540 3067 2661 3106 eam
2690 3067 2855 3121 quam
2882 3066 3012 3121 erga
3047 3052 3197 3105 illam
3238 3066 3398 3107 reve-

1823 3147 2054 3199 rentiam
2106 3143 2364 3208 habebat,
2400 3157 2598 3214 aquam
2657 3144 2712 3198 in
2754 3144 2945 3198 vinum
2991 3144 3397 3199 commutavit:

1821 3243 1876 3289 et
1898 3234 1991 3305 qui
2029 3233 2133 3288 sub
2158 3234 2279 3304 ipso
2310 3235 2586 3304 passionis
2609 3244 2853 3304 tempore
2882 3249 3009 3288 cum
3037 3236 3392 3298 vulneribus,

142 3330 300 3398 ἥλοις
353 3328 720 3395 κατετείνετσ,
756 3328 1017 3397 πλείστην
1068 3328 1201 3398 ὅσην
1234 3330 1364 3398 περὶ
1412 3326 1584 3395 αὐτῆς
1624 3326 1750 3398 τὴνι

1826 3325 2035 3389 lancea,
2065 3339 2248 3389 cruce,
2295 3326 2465 3381 clavis
2516 3326 2935 3388 extendebatur,
2990 3335 3172 3381 tamen
3225 3328 3396 3381 etiam

142 3418 405 3488 φροντίδα
456 3418 896 3489 ἐπιδεδειγμένος
922 3434 935 3448 °
965 3419 1059 3471 καὶ
1116 3418 1224 3488 πρό
1272 3434 1339 3486 γε
1383 3422 1593 3470 τούτων
1619 3418 1720 3472 οὑκ

140 3511 287 3580 αὐτῇ
324 3509 481 3579 μόνον
512 3512 580 3579 τῇ
629 3510 1017 3580 γεννησαμένη
1050 3508 1288 3579 άληθῶς,
1309 3508 1445 3562 ἀλλὰ
1499 3510 1594 3561 καὶ
1644 3508 1723 3579 τῷ

142 3601 457 3671 νομισθέντι
502 3602 937 3671 ὑποτασσόμενος
977 3601 1184 3671 πατρίς
1232 3620 1252 3654 ι
1284 3598 1394 3655 Ἦν
1429 3600 1558 3672 γάρ,
1614 3617 1718 3670 φη-

143 3696 255 3754 σὶν,
286 3692 723 3764 ὑποτασσόμενος
751 3692 937 3757 αὑτοῖς
963 3710 979 3760 ;
1008 3711 1027 3745 ι
1069 3692 1231 3745 Ἀλλά
1255 3692 1307 3745 τί
1329 3692 1504 3745 ταῦτα
1528 3691 1673 3761 λέγω
1706 3709 1721 3759 ;

1825 3420 1941 3468 tum
1993 3428 2265 3469 summam
2317 3430 2377 3470 se
2417 3414 2566 3470 illius
2616 3431 2807 3470 curam
2861 3429 3051 3486 gerere
3090 3415 3395 3485 patefecit:

1824 3505 2026 3577 quique
2070 3513 2197 3561 ante
2240 3507 2359 3563 haec
2411 3507 2619 3572 omnia,
2677 3506 3098 3576 subjiciebatur,
3151 3521 3259 3561 non
3316 3506 3395 3561 illi

1824 3599 2203 3655 tantummodo
2217 3616 2341 3671 quae
2365 3602 2544 3671 ipsum
2585 3616 2713 3656 vere
2736 3611 3023 3671 genuerat.
3060 3601 3155 3656 sed
3174 3610 3229 3655 et
3255 3602 3398 3671 patri

1823 3705 2041 3761 quoque
2072 3692 2347 3761 putativo:
2372 3692 2512 3747 Nam
2541 3712 2561 3744 ι
2585 3703 2722 3756 erat,
2754 3694 2831 3748 ait
2862 3692 3172 3763 Scriptura.
3207 3693 3401 3747 subdi-

156 3786 218 3839 Ὀ
266 3788 481 3857 μήτραν
513 3787 735 3857 οἰκῆσαι
770 3787 847 3857 μὴ
894 3784 1300 3855 ὲπαισχυνθεὶς,
1340 3788 1434 3839 καὶ
1459 3785 1524 3838 τὸ
1558 3786 1721 3856 ἔργον

1826 3794 1910 3838 tus
1938 3783 2083 3838 illis?
2111 3801 2129 3834 ι
2190 3781 2333 3850 Quid
2368 3792 2549 3839 autem
2591 3786 2707 3840 haec
2747 3786 2967 3857 allego?
3014 3785 3119 3853 Qui
3172 3798 3393 3841 uterum

140 3877 292 3930 ἑκὼν
329 3876 599 3943 ὑπελθὼν,
630 3877 747 3941 sub;
799 3877 867 3931 ἂν
917 3878 1032 3948 ἔχοι
1068 3877 1226 3947 λόγον
1255 3878 1355 3949 τὴν
1401 3877 1597 3947 κλῆσιν
1640 3880 1726 3931 ai-

1826 3878 2063 3933 incolere
2090 3892 2199 3933 non
2238 3879 2475 3944 erubuit,
2506 3878 2601 3950 qui
2630 3893 2769 3951 opus
2786 3889 2839 3935 et
2864 3896 2978 3935 rem
3006 3881 3180 3952 ipsam
3203 3891 3399 3952 sponte

142 3969 473 4039 σχύνεσθαις
506 3969 603 4023 καὶ⁵
629 3971 657 4023 6
680 3970 846 4041 τιμᾷν
874 3971 1080 4038 γονεῖς,
1105 3970 1245 4039 μετά
1272 3985 1337 4036 γε
1362 3968 1421 4021 τὸ
1444 3968 1602 4021 Θείον
1628 3967 1721 4020 εὑ·

1821 3969 2043 4035 subivit,
2069 3970 2347 4041 quomodo
2371 3986 2626 4027 sermone
2670 3972 3108 4027 nominationem
3166 3988 3398 4029 aversa-

141 4061 269 4127 θὺς,
298 4062 630 4133 νομοθετῶν,
657 4062 776 4127 πῶς
804 4060 870 4115 άν
904 4061 1067 4124 αὐτὸς
1092 4060 1392 4124 ὑπεύθυνος
1409 4060 1601 4129 ὀφθείη
1626 4078 1725 4134 μη-

1824 4070 1975 4116 retur
2000 4061 2025 4115 ?
2053 4061 2149 4133 qui
2189 4070 2447 4133 parentes
2481 4070 2605 4133 post
2636 4060 2807 4119 Deum
2837 4063 3091 4129 sancivit,
3118 4066 3399 4136 quomodo

138 4155 343 4225 τρικῆς
371 4156 864 4226 καταφρονήσεωςς
896 4155 1011 4208 Οὑκ
1052 4154 1169 4208 εστι
1209 4154 1410 4217 τοίνυν,
1450 4154 1550 4207 οὐκ
1576 4154 1723 4207 ἔστιν

1824 4167 1949 4208 reus
1981 4152 2074 4209 ille
2130 4152 2297 4209 fuerit
2358 4164 2621 4210 materna
2694 4154 2927 4226 alicujus
2978 4155 3400 4213 vilitlcationis?

139 4248 348 4311 εἰπεῖν,
377 4247 459 4299 ὅτι
483 4247 583 4318 τὴν
621 4246 840 4316 μητέρα
863 4248 921 4299 ἐν
944 4244 1178 4321 αἰσχύνῃ
1200 4244 1520 4315 ποιούμενος
1547 4246 1576 4299 ό
1606 4262 1721 4299 κοι-

1822 4241 1941 4299 Νοιι
1971 4252 2055 4299 est
2085 4259 2217 4316 ergo
2270 4244 2595 4310 dicendum,
2656 4245 2884 4300 omnino
2919 4260 3030 4301 non
3078 4258 3183 4313 est,
3244 4248 3399 4319 quod

138 4340 236 4400 νὸς
282 4338 535 4407 Πλάστης
574 4337 732 4409 ἡμῶν
759 4338 794 4409 ἢ
845 4336 1155 4408 ὑπερορῶν,
1184 4337 1245 4390 τὸ
1290 4356 1309 4389 ι
1343 4338 1439 4401 Τίς
1497 4338 1645 4390 ἐστιν
1685 4338 1719 4408 η

1824 4346 2054 4394 matrem
2086 4352 2387 4408 agnoscere
2413 4339 2762 4395 erubesceret
2809 4338 2905 4410 qni
2949 4340 3262 4396 communis
3296 4355 3399 4396 no-

141 4433 338 4502 μητηρ
380 4446 524 4500 μους
570 4429 666 4482 καὶ
714 4430 862 4492 τίνες
931 4430 1071 4481 είσὶν
1122 4430 1192 4482 οί’
1230 4428 1451 4497 ἀδελφοί
1512 4446 1613 4497 μου
1640 4446 1713 4495 ςλ»

1823 4440 1996 4486 strum
2032 4432 2279 4486 omnium
2314 4430 2597 4499 Conditor,
2642 4441 2739 4487 aut
2768 4433 3105 4503 contemptui
3147 4434 3396 4499 haberet,

137 4523 353 4591 ἔφησεν
384 4537 399 4552 ·
436 4521 572 4575 ἀλλὰ
596 4520 686 4574 διὰ
717 4520 828 4573 τῶν
865 4520 1126 4591 ῥημάτων
1149 4520 1354 4574 τούτων
1388 4519 1554 4589 ἕτερά
1597 4536 1719 4574 τινα

1822 4539 1947 4579 cum
1998 4523 2159 4588 dixit,
2214 4540 2234 4573 ι
2264 4522 2397 4589 Qua
2439 4534 2524 4579 est
2573 4534 2749 4578 mater
2786 4526 2954 4578 mea?
2990 4524 3214 4594 quinam
3268 4534 3400 4581 sunt

136 4614 567 4682 διοικονομείται
624 4613 844 4680 μείζονα
872 4630 888 4644 ο
934 4615 1028 4666 καὶ
1081 4612 1189 4684 γάρ
1219 4614 1249 4665 6
1290 4613 1388 4683 τὴν
1443 4612 1750 4683 σωτηρίαν,

1822 4615 2018 4670 fratres
2045 4615 2193 4670 mei?
2223 4634 2241 4665 ι
2274 4616 2509 4669 Omnino
2540 4630 2634 4684 per
2648 4615 2762 4669 ha‘c
2782 4614 2945 4668 verba
2970 4615 3114 4668 aliud
3132 4614 3395 4685 quiddam

134 4706 244 4774 τῆς
280 4705 477 4776 ψυχῆς,
504 4706 613 4759 τῶν
640 4706 814 4761 ἄλλων
841 4706 1099 4758 ἁπάντων
1132 4704 1404 4776 πολλαχοῦ
1447 4705 1717 4760 διδάσκων
1744 4721 1750 4729 ·

1822 4707 2060 4762 eximius
2122 4707 2523 4777 dispensatur;
2558 4707 2649 4775 qui
2694 4721 2803 4759 non
2860 4721 2972 4760 una
3012 4706 3129 4760 vice
3179 4706 3392 4773 docuit,

134 4798 488 4867 προτιθέναι,
523 4800 616 4852 καὶ
665 4800 802 4869 μήτε
852 4798 1084 4868 πατέρα,
1116 4800 1253 4869 μήτε
1299 4796 1531 4868 μητέρα,
1584 4798 1721 4867 μήτε

1821 4800 2018 4853 anima;
2041 4798 2269 4852 salutem
2294 4800 2454 4853 rebus
2480 4797 2606 4851 aliis
2633 4797 2892 4851 omnibus
2919 4796 3389 4865 anteponendam.

134 4891 338 4951 τέκνα,
366 4892 505 4960 μήτε
549 4890 811 4958 ἀδελφοὺς
857 4891 1028 4961 αὐτῆς
1068 4890 1377 4959 προτιμᾷν,
1411 4888 1544 4941 ἀλλὰ
1586 4888 1721 4959 μηδὲ

1821 4894 1895 4945 ita
1937 4902 1996 4945 ut
2028 4906 2130 4945 nec
2176 4900 2406 4961 patrem,
2469 4899 2720 4953 matrem,
2775 4890 3004 4955 liberos,
3036 4889 3258 4953 fratres,
3311 4888 3392 4943 illi

133 4980 315 5033 αὑτὸν
344 4979 636 5050 σύμπαντα
667 4980 760 5032 τὸν
783 4980 1005 5048 κόσμον,
1037 4978 1132 5031 νῦν
1162 4978 1248 5031 διὰ
1280 4978 1388 5032 τῶν
1418 4979 1593 5048 ἔργων
1630 4980 1720 5032 αὑ-

1821 4986 2194 5057 prznferamus,
2240 4985 2352 5039 imo
2384 4998 2451 5038 ne
2490 4984 2754 5037 mundum
2780 4993 2928 5038 certe
2969 4985 3313 5047 universum,
3342 4983 3393 5037 is

132 5071 255 5124 τῶν
289 5070 418 5123 αὐτὸ
458 5071 614 5123 τοῦτο
642 5070 955 5141 περιφανῶς
996 5072 1381 5126 ἐπιδείκνυσιν.
1423 5072 1576 5124 Ἐπεὶ
1608 5071 1715 5141 γὰρ

1821 5080 1871 5133 in
1904 5078 2159 5149 praesenti
2193 5078 2295 5132 hoc
2342 5077 2483 5131 idem
2531 5090 2693 5145 opere
2722 5075 3044 5130 declaravit.
3081 5073 3220 5129 Nam
3263 5091 3391 5129 cum

130 5163 487 5227 διδάσκοντος
546 5164 710 5217 αὑτοῦ
738 5165 865 5226 τοὺς
908 5162 1120 5232 ὄχλους,
1147 5163 1241 5215 καὶ
1286 5163 1378 5214 τὸν
1407 5165 1506 5231 τῆς
1538 5180 1716 5233 σωτη-

1821 5168 2221 5222 multitudinem
2239 5166 2604 5236 promiscuam
2632 5166 2876 5231 doceret,
2897 5176 2951 5221 et
2978 5167 3177 5221 salutis
3202 5180 3393 5221 semen

133 5254 271 5323 ρίας
322 5251 479 5321 λόγον
506 5256 628 5317 ταῖς
670 5254 895 5309 ἐκείνων
935 5256 1134 5323 ψυχαῖς
1163 5252 1714 5322 ὲγκατασπείροντος,

1821 5260 2074 5315 cordibus
2124 5260 2368 5325 ipsorum
2428 5257 2807 5323 inseminaret,
2856 5256 3085 5312 aderant
3118 5269 3293 5313 mater
3337 5268 3395 5312 et

128 5345 454 5415 ἐπέστησαν
486 5345 520 5415 η
557 5346 738 5416 μήτηρ
764 5345 859 5398 καὶ
890 5346 939 5397 οί
962 5344 1181 5414 ἀδελφοὶ
1205 5345 1342 5415 πρὸς
1371 5345 1599 5407 ἑαυτοὺς
1627 5344 1718 5419 τὸν

1821 5354 2021 5408 fratres
2051 5353 2245 5423 ipsius,
2267 5351 2361 5421 qui
2394 5356 2741 5405 communem
2784 5350 3031 5405 omnium
3072 5348 3393 5406 benefacto-

129 5435 445 5508 εὐεργέτην
500 5438 596 5491 καὶ
640 5436 816 5491 κοινδν
846 5438 1075 5509 Σωτῆρα
1109 5436 1599 5510 μετακαλούμενοι,
1638 5439 1717 5489 εί-

1821 5456 1933 5496 rem
1977 5448 2032 5495 et
2073 5440 2420 5496 Servatorem
2462 5440 2528 5495 ad
2562 5454 2621 5495 se
2658 5439 2957 5508 vocabant;
3015 5441 3102 5497 cui
3142 5439 3392 5495 citationi

1445 5552 1682 5611 VARIE
1716 5553 2115 5611 LECTlONES.

208 5651 245 5694 Ρ
288 5642 387 5715 κλή
396 5661 510 5715 ρου.

1652 5749 1885 5817 ΝΟΤιΕ,

212 5832 333 5900 (85)
368 5830 621 5904 Ejusdem
654 5838 961 5908 argumenti
996 5849 1081 5896 est
1111 5856 1165 5911 ιι.
1200 5839 1361 5896 XLV.
