4162 6442
775 426 880 486 9‘15

1919 421 2183 480 PHOTII
2233 423 2736 484 PATRIARCH/E
2769 425 2878 484 ΟΡ.

3953 433 4046 494 976

778 554 886 592 non
938 531 1199 590 obedivit,
1243 545 1342 585 nec
1399 529 1621 598 injuria,
1673 543 1850 599 neque
1904 529 2050 582 enim
2111 528 2375 590 docendi,

2475 531 2620 593 ιὸτως
2667 532 2770 584 οὐκ
2813 532 3138 604 ἐπεστράφη
3175 537 3243 605 τῇ
3267 534 3506 606 ,κλ.ήσει,
3539 538 3663 591 οὐδὲ
3695 539 4041 608 ὑπήκουσεν,

773 630 1112 688 {unctionem
1158 624 1422 689 deseruit,
1447 640 1556 678 non
1585 621 2092 692 comperendinavit
2135 622 2348 677 audite.

775 740 898 779 rum
923 723 1180 781 salutem,
1201 726 1296 772 aut
1319 726 1620 772 maternam
1653 713 1891 785 pratulit
1919 713 2304 769 salutationem
2331 730 2347 777 ;

777 818 848 869 ita
877 815 1054 882 reipsa
1078 810 1268 867 docuit
1315 809 1458 879 quod
1482 823 1603 864 cum
1631 806 1758 876 quis
1781 806 2013 862 salutem
2043 809 2348 861 animarum

775 907 925 960 velut
945 919 1136 975 agrum
1180 903 1472 960 colendum
1502 901 1753 972 suscipit,
1834 901 1890 955 id
1921 900 2218 971 agricolam
2248 902 2352 952 im-

777 997 970 1070 primis
998 996 1288 1051 sollicitum
1316 995 1519 1049 habere
1543 993 1760 1058 debeat,
1786 1002 1848 1048 ut
1877 991 2162 1060 necajuxta
2207 991 2350 1043 viam

782 1091 986 1150 tritam,
1021 1101 1201 1156 neque
1230 1086 1373 1140 inter
1423 1085 1634 1154 spinas,
1663 1099 1841 1154 neque
1891 1083 1946 1138 in
1985 1095 2140 1153 petra
2166 1096 2352 1136 semen

782 1191 1044 1251 spargat:
1090 1179 1282 1236 eodem
1313 1178 1482 1233 modo
1503 1186 1558 1233 et
1586 1177 1890 1248 spiritualis
1922 1175 2166 1246 agricola
2193 1189 2252 1228 se
2278 1183 2356 1228 to-

782 1284 898 1326 tum
925 1273 1096 1326 labori
1121 1279 1176 1325 et
1220 1269 1570 1339 agricultura
1594 1267 1912 1337 impendere
1965 1273 2208 1328 tenetur,
2247 1277 2349 1318 nec

785 1363 840 1418 iu
874 1362 1010 1417 alias
1046 1377 1211 1416 curas
1246 1369 1303 1415 et
1343 1359 1704 1429 cogitationes
1743 1353 2101 1411 sedividere:
2140 1368 2208 1406 ne
2229 1352 2355 1422 qui-

783 1457 907 1510 dem
966 1455 1014 1508 si
1045 1463 1220 1508 mater
1261 1459 1359 1506 aut
1407 1443 1837 1519 propinquorum
1892 1445 2091 1514 aliquis
2125 1445 2219 1508 sit,
2255 1443 2352 1512 qui

785 1546 912 1601 inde
940 1546 1116 1616 ipsum
1139 1557 1369 1598 avocare
1393 1550 1490 1596 aut
1513 1541 1786 1596 abducere
1813 1538 1966 1593 velit.
2003 1535 2114 1592 Nec
2154 1548 2240 1591 est
2266 1535 2356 1590 hic

787 1643 1067 1689 maternus
1092 1632 1290 1699 aliquis
1314 1637 1684 1699 contemptus.
1733 1626 1830 1682 sed
1882 1642 2096 1681 summa
2131 1625 2356 1694 provida

787 1741 920 1782 cura
941 1733 995 1781 et
1023 1723 1336 1779 sollicitudo
1366 1722 1434 1777 de
1463 1721 1639 1776 salute
1669 1721 2060 1776 salvandorum
2088 1736 2102 1771 :
2133 1717 2228 1773 sed
2258 1732 2360 1773 nec

2447 617 2569 671 οὐδὲ
2630 620 2949 674 καταλιπὼν
2995 625 3097 690 τὴν
3161 623 3539 689 διδασκαλίαν,
3610 632 3705 681 καὶ
3764 630 3874 698 τὴν
3945 634 4044 684 τῶν

2447 711 2734 781 ἀκροατῶν
2779 713 3052 784 ὑπεριδὼν
3095 717 3370 786 σωτηρίαν
3393 759 3408 783 ,
3432 718 3534 788 τὴν
3563 723 3849 790 μητρικὴν
3895 725 4043 775 ἐντυ-

2449 803 2572 873 χίαν
2597 805 2974 875 προῠτίμησεν
3003 822 3019 837 ο
3047 807 3195 878 εργῳ
3226 809 3518 872 παιδεύων,
3545 811 3623 874 ὡς
3655 815 3838 866 ἐπειῖ
3876 817 3946 868 ἂν
3971 833 4045 877 τις

2449 898 2670 966 γεωργῇ
2731 897 2976 968 ψυχικὴν
3043 901 3360 970 σωτηρίαν,
3414 902 3609 974 ῶσπερ
3664 908 3695 958 ό
3759 910 4046 977 γεωργούς

2452 1006 2615 1057 μενος
2675 992 2823 1061 μόνῳ
2857 991 3147 1064 προσέχειν
3187 993 3394 1063 ὀφείλει
3431 997 3510 1067 τῷ
3544 1001 3808 1068 γεωργῷ,
3845 1001 3919 1053 ἂν
3983 1004 4046 1069 μὴ

2451 1080 2562 1149 ἀρα
2613 1082 2766 1150 παρὰ
2814 1083 2916 1152 τὴν
2972 1084 3112 1147 ὁδὸν,
3145 1085 3179 1155 ἦ
3231 1086 3320 1139 ἐπ’
3384 1089 3672 1152 ἀκάνθαις,
3723 1092 3761 1159 ἢ
3818 1093 4048 1160 πέτραις

2453 1173 2810 1244 ὑποδέχεσθαι
2844 1177 3031 1244 μέλλοι
3057 1179 3158 1246 τὴν
3189 1183 3567 1252 κατασποράν·
3599 1184 3750 1236 οὕτω
3785 1184 3878 1251 δὴ.
3913 1185 4048 1237 οὕτω

2455 1263 2550 1316 καὶ
2583 1265 2614 1317 ὁ
2651 1264 3046 1335 [πνευματικὸς
3071 1266 3127 1338 ιι]
3159 1269 3409 1339 γεωργὸς
3442 1314 3456 1335 ,
3487 1272 3608 1324 ὅλον
3637 1273 3846 1326 ἑαυτὸν
3875 1275 4046 1326 ἐπιδι-

2455 1355 2605 1408 δόναι
2631 1355 2710 1425 τῷ
2741 1357 2892 1428 πόνῳ
2925 1359 3023 1412 καὶ
3058 1363 3126 1430 τῇ
3189 1362 3436 1432 γεωργίᾳ
3491 1367 3770 1433 χρεωστεῖ
3790 1405 3806 1428 ,
3839 1367 3939 1419 καὶ
3979 1369 4045 1435 μὴ

2464 1446 2602 1516 πρὸς
2639 1448 2851 1516 πέτρας
2871 1460 2893 1487 τ
2926 1451 3390 1522 καταμερίζεσθαι
3418 1455 3518 1516 τὰς
3547 1457 3852 1526 φροντίδας
3883 1476 3901 1489 ο
3935 1459 4046 1528 μηδ’

2459 1540 2526 1595 ἂν
2575 1543 2781 1613 μήτηρ,
2822 1544 2857 1613 ἧ
2902 1560 2989 1607 τις
3025 1540 3241 1618 ἀλλοςῇ
3284 1545 3398 1598 τῶν
3442 1547 3735 1615 ἐγγυτάτω
3786 1550 3986 1617 γένους
4024 1553 4049 1600 ὸ

2457 1634 2596 1702 πρὸς
2624 1634 2820 1687 ἑαυτὸν
2847 1635 3059 1689 ἐκεῖθεν
3084 1637 3565 1708 μετακαλούμενος
3590 1643 3690 1694 καὶ
3730 1641 4037 1709 μεθέλκων.

2458 1723 2631 1777 Τοῦτο
2680 1726 2738 1778 δὲ
2795 1726 2900 1779 οὐκ
2941 1726 3059 1779 ἔστι
3099 1727 3408 1798 παρόρασις
3450 1731 3682 1799 μητρὸς,
3713 1732 3865 1786 ἀλλὰ
3889 1733 4048 1799 πολλὴ

789 1831 1004 1887 tempus
1039 1815 1284 1870 docendo
1310 1812 1649 1883 assignatum
1678 1811 1731 1864 in
1773 1809 2100 1878 obsequium
2129 1807 2358 1878 propin-

2475 1817 2689 1889 πρόνοια
2710 1818 2806 1870 καὶ
2835 1817 3037 1886 σπουδὴ
3062 1817 3174 1870 τῶν
3206 1818 3534 1885 σωζομένων
3557 1836 3574 1850 ο
3603 1821 3730 1874 οὐδὲ
3759 1821 3909 1893 γὰρ,
3936 1823 4048 1874 οὐδὲ

789 1922 1026 1976 quorum
1051 1905 1288 1976 impendi
1328 1903 1509 1959 debet.
1538 1903 1726 1970 Itaque
1755 1901 2054 1970 discipulos
2092 1900 2198 1954 sibi
2228 1915 2359 1953 ma-

2475 1912 2551 1962 ιὺν
2572 1911 2672 1978 τῆς
2691 1909 3041 1973 διδασκαλίας
3056 1910 3270 1979 καιρὸν,
3284 1914 3365 1973 είς
3383 1912 3482 1981 τὴν
3499 1912 3609 1965 τῶν
3630 1913 3931 1981 συγγενῶν
3949 1915 4044 1982 χρὴ

791 2003 874 2066 αἱς
916 1999 1238 2068 coniunctos
1272 1996 1520 2066 cupiens,
1552 1994 1804 2048 Salvator
1828 1993 1923 2054 ait,
1956 2012 1975 2042 ι
2007 1991 2147 2046 Ecce
2185 2000 2360 2046 mater

796 2104 937 2154 mea,
969 2097 1022 2144 et
1043 2087 1240 2143 fratres
1279 2085 1405 2147 mei,
1428 2104 1446 2135 ι
1487 2085 1541 2139 id
1574 2096 1676 2149 est,
1713 2084 1800 2137 isti
1833 2082 2008 2136 Patris
2032 2082 2138 2136 mei
2163 2081 2365 2136 doctri-

796 2196 922 2236 uam
981 2188 1040 2234 ut
1070 2192 1255 2234 semen
1286 2179 1341 2231 in
1377 2176 1558 2230 sinum
1607 2175 1917 2229 animarum
1979 2172 2360 2242 suscipientes,

796 2275 915 2329 luco
957 2272 1148 2327 matris
1204 2285 1340 2326 mem
1382 2278 1436 2324 et
1480 2268 1711 2323 fratrum
1755 2281 1998 2322 meorum
2035 2266 2170 2321 mihi
2204 2281 2365 2335 repu-

796 2372 1006 2418 tantur.
1040 2362 1117 2416 lta
1159 2370 1308 2432 patet
1354 2374 1706 2430 nequaquam
1745 2358 1848 2412 hoc
1887 2359 2111 2419 dictum.
2141 2367 2199 2410 ut
2249 2372 2366 2410 ma-

799 2469 938 2513 trem
967 2456 1124 2510 vilem
1154 2455 1380 2509 haberet
1406 2471 1422 2518 ;
1452 2467 1629 2522 neque
1661 2451 1806 2506 enim
1837 2450 1970 2504 tales
1997 2450 2188 2520 quales
2209 2459 2368 2504 erant

798 2549 1074 2619 discipuli,
1139 2549 1194 2601 in
1247 2556 1450 2602 sortem
1505 2555 1810 2599 maternam
1885 2543 2208 2599 eitulisset:
2274 2543 2368 2597 sed

799 2642 974 2695 multo
1000 2639 1172 2710 magis
1216 2647 1277 2693 ut
1297 2652 1417 2693 eam
1448 2637 1802 2692 veneratione
1825 2645 1881 2690 et
1923 2637 2129 2690 honore
2177 2649 2370 2704 prose-

801 2742 1084 2803 queretur.
1127 2731 1216 2785 Ait
1239 2730 1406 2796 enim,
1429 2730 1647 2800 qualem
1666 2727 1886 2784 demum
1916 2744 2131 2797 cuuque
2153 2727 2369 2782 filialem

805 2841 1048 2880 amorem
1080 2825 1131 2878 in
1182 2834 1412 2878 matrem
1444 2824 1589 2894 quis.
1612 2832 1708 2877 aut
1755 2837 1917 2892 quem
1954 2822 2006 2874 in
2059 2820 2263 2876 fratres
2295 2831 2371 2875 te-

808 2927 964 2972 netur
1013 2915 1234 2972 habere.
1275 2910 1382 2970 "tali
1431 2914 1660 2968 omnino
1706 2913 1856 2982 digni
1897 2923 2221 2980 reputantur
2272 2912 2370 2976 illi,

805 3009 899 3079 qui
919 3009 1225 3063 doctrinam
1253 3007 1572 3072 observant,
1605 3015 1659 3060 et
1687 3005 1828 3060 bona
1853 3005 1978 3059 inde
1997 3007 2372 3075 promanantia

806 3117 969 3170 opera
999 3101 1244 3170 gignunt.
1280 3100 1555 3155 Attendito
1598 3107 1780 3153 autem
1810 3106 1866 3152 et
1892 3098 2045 3161 illud,
2078 3115 2203 3154 cum
2238 3114 2377 3168 pra:-

2464 1998 2861 2052 καταναλίσκεν
2889 1997 3207 2068 θεραπείαν.
3234 1999 3334 2052 Διά
3349 2001 3506 2054 τοῦτο
3529 2005 3659 2064 τοὺς
3683 2002 3950 2071 μαθητὰς
3970 2004 4051 2053 ἐπὶ

2464 2086 2630 2140 πλέον
2678 2087 3050 2157 οἰκειούμενος
3095 2091 3125 2143 ὁ
3156 2091 3373 2161 Σωτὴρ,
3407 2109 3429 2142 ι
3469 2092 3602 2145 Ἰδοὺ
3626 2095 3663 2161 ἡ
3702 2096 3904 2161 μήτηρ
3935 2111 4050 2162 μου,

2466 2176 2652 2246 φησὶν.
2684 2178 2778 2230 καὶ
2809 2178 2861 2229 οἱ
2915 2177 3136 2246 ἀδελφοί
3181 2197 3307 2250 μου.
3353 2200 3373 2232 ι
3405 2181 3724 2244 Τουτέστιν,
3776 2177 3949 2236 Οὗτοι
3975 2184 4048 2249 εἰς,

2465 2263 2633 2332 οὗτοι,
2662 2270 2754 2321 τὸν
2784 2270 3049 2337 πατρικὸν
3073 2271 3172 2340 τῆς
3199 2271 3550 2336 διδασκαλίας
3577 2275 3791 2344 σπόρον
3817 2277 3934 2336 τοίς
3963 2277 4054 2341 ᾁδο

2467 2365 2641 2434 χικοίς
2699 2363 3082 2433 ὑποδεχόμενοι
3142 2364 3390 2429 κόλποις,
3416 2365 3508 2418 τὸν
3563 2369 3845 2437 μητρικὸν
3898 2370 4054 2420 τόπον

2468 2455 2564 2507 καὶ
2611 2454 2901 2521 ἀδελφικὸν
2951 2455 3363 2527 ἀναπληροῦσιν
3389 2458 3534 2528 ἐμοί.
3569 2458 3751 2512 Τοῦτο
3784 2459 3848 2511 δὲ
3883 2460 4053 2528 δῆλον,

2467 2545 2543 2607 ὡς
2569 2545 2630 2598 οὐ
2661 2545 3014 2614 φαυλίζοντός
3068 2549 3184 2600 ἐστι
3231 2549 3333 2618 τὴν
3359 2547 3630 2601 τεκοῦσαν
3671 2549 3824 2618 (πῶς
3862 2550 3972 2620 γάρ
4000 2549 4056 2601 ἀν

2469 2637 2596 2701 τοὺς
2639 2637 2938 2701 τοιούτους.
2966 2639 3042 2701 ὡς
3068 2639 3149 2700 εἰς
3177 2637 3322 2708 μέγα
3353 2637 3532 2702 κλέος,
3561 2641 3640 2701 είς
3680 2638 3778 2691 τὸν
3808 2638 4058 2709 μητρῷον

2472 2732 2704 2802 ἀνέφερε
2737 2732 2937 2800 κλῆρον
2962 2733 3025 2799 ς),
3058 2732 3192 2785 ἀλλὰ
3224 2730 3431 2802 μᾶλλον
3484 2732 3653 2796 ἀξίως
3697 2733 4059 2802 σεμνύνοντος

2472 2826 2570 2878 καὶ
2613 2825 2877 2895 τιμῶντος
2905 2826 3096 2893 αὐτήν.
3133 2827 3236 2878 Ἦν
3279 2824 3416 2894 γὰρ,
3445 2827 3604 2895 φησὶ,
3659 2825 3807 2895 πρὸς
3855 2827 4060 2894 μητέρα

2473 2917 2569 2970 καὶ
2596 2917 2859 2983 ἀδελφοὺς
2884 2917 3117 2988 στοργὴν
3145 2918 3240 2970 καὶ
3259 2916 3499 2970 διάθεσιν
3515 2917 3726 2985 ὀφείλει
3753 2935 3848 2980 τις
3870 2917 4060 2975 κειττῆ-

2479 3010 2626 3073 σθαι,
2662 3010 2762 3072 τῆς
2790 3009 2960 3078 αὐτῆς
2991 3007 3269 3072 ἀξιοῦνται
3303 3009 3399 3062 καὶ
3438 3003 3606 3071 οὗτοι,
3632 3009 3939 3078 πληρωταὶ
3977 3009 4064 3077 τῆς

2476 3099 2821 3163 διδασκαλίας
2866 3103 2962 3152 καὶ
3010 3099 3324 3168 γεννητικοὶ
3368 3098 3481 3152 τῶν
3538 3099 3597 3165 ἐξ
3639 3099 3824 3168 αὐτῆς
3867 3099 4064 3167 φυομέ-

808 3196 1054 3259 miserat,
1112 3193 1264 3259 «Qui
1306 3193 1486 3262 diligit
1549 3202 1758 3262 patrem
1819 3191 1906 3246 vel
1960 3200 2190 3245 matrem
2250 3191 2374 3261 plus

2480 3209 2586 3246 νων
2633 3191 2852 3259 ἀγαθῶν
2912 3191 3088 3260 ἔργων
3142 3189 3440 3261 γινόμενοι.
3500 3190 3706 3243 Σκόπει
3765 3190 3830 3242 δὲ
3887 3191 4064 3242 κάκεῖ-

807 3302 972 3356 quam
1006 3251 1110 3349 me.
1149 3251 1255 3340 non
1283 3294 1368 3338 est
1397 3251 1484 3338 me
1523 3251 1723 3355 dignus
1747 3285 1814 3346 ⁸³,
1837 3301 1865 3348 ,ι
1903 3296 1969 3336 ne
2000 3286 2220 3353 gravius
2244 3251 2374 3352 quid

2478 3298 2556 3345 νο,
2588 3251 2881 3350 ῶςνὲπειδὴ
2911 3251 3191 3353 προεῖπεν,
3241 3251 3281 3332 ι’
3304 3280 3362 3332 '0
3397 3280 3568 3348 φιλῶν
3609 3280 3839 3349 πατέρα
3890 3283 3925 3350 ἢ
3971 3297 4065 3349 μη-

808 3387 862 3429 ιιι
911 3375 1186 3430 difficilius
1236 3375 1288 3428 in
1315 3374 1588 3428 mandatis
1637 3372 1856 3428 dedisse
1915 3372 2214 3435 videretur,
2262 3378 2377 3442 ipse

810 3467 942 3521 illud
972 3466 1238 3535 imprimis
1289 3466 1515 3535 proprio
1561 3464 1812 3533 exemplo
1857 3462 2209 3532 adimpletum
2263 3463 2376 3524 dat,

813 3560 1086 3614 facilitatis
1117 3559 1189 3613 ita
1223 3559 1610 3618 imitationem.
1670 3565 1918 3610 materno
1945 3557 2210 3623 obsequio
2239 3553 2380 3608 utili-

817 3661 982 3705 tatem
1034 3658 1089 3704 et
1139 3649 1367 3703 salutem
1400 3649 1697 3702 multorum
1756 3661 2125 3716 praeponens;
2189 3659 2379 3700 vocem

818 3744 960 3798 hanc
1005 3756 1168 3812 opere
1227 3740 1345 3808 ipso
1371 3747 1582 3793 tantum
1617 3754 1723 3792 nou
1780 3738 1989 3792 edens:
2017 3737 2191 3791 Nolite
2235 3737 2383 3791 arhio

818 3832 951 3886 trari
981 3847 1160 3886 meum
1189 3830 1505 3886 mandatum
1547 3845 1710 3900 grave
1747 3829 1873 3900 quid
1916 3843 2036 3885 esse
2059 3829 2386 3884 vcldiﬂicul-

824 3935 906 3978 ter
945 3922 1296 3986 obeundum;
1349 3938 1450 3993 ego
1503 3923 1649 3978 enim
1683 3921 1776 3991 qui
1827 3921 1958 3976 nulli
1986 3921 2208 3976 debitor
2237 3935 2381 3986 sum,

821 4030 936 4068 rem
988 4015 1154 4084 ipsam
1181 4015 1430 4084 princeps
1461 4014 1738 4078 exordior,
1769 4023 1824 4069 et
1871 4021 1997 4067 ante
2032 4011 2224 4068 Matris
2252 4027 2385 4067 mea:

822 4105 1047 4166 cultum,
1072 4115 1131 4159 ut
1158 4106 1354 4161 intueri
1385 4106 1561 4160 oculis
1584 4106 1830 4174 potestis,
1869 4114 2104 4158 vestram
2141 4099 2388 4173 pouo'sa-

823 4199 1010 4252 lutem.
1045 4197 1142 4252 Ubi
1162 4213 1291 4252 vero
1312 4199 1558 4254 omnium
1591 4197 1705 4252 Rex
1738 4213 1838 4266 ego
1876 4199 1969 4266 qui
2004 4211 2124 4249 sum
2182 4205 2236 4249 et
2281 4195 2385 4249 Do-

824 4289 1082 4344 minuset
1127 4291 1414 4352 Conditor,
1447 4290 1591 4345 haud
1623 4306 1742 4345 sum
1789 4290 1860 4344 ita
1888 4303 2076 4358 gerere
2131 4303 2214 4342 me
2255 4303 2386 4355 erga

823 4395 922 4435 vos
973 4382 1316 4453 dedignatus,
1376 4393 1435 4437 ut
1465 4393 1703 4438 vestram
1762 4382 1990 4436 salutem
2042 4380 2263 4435 aﬂ‘ectui
2331 4389 2387 4434 et

825 4477 997 4531 atnori
1027 4487 1271 4530 materno
1312 4477 1666 4546 praatulerim,
1694 4484 1843 4530 certe
1873 4475 2044 4529 multo
2083 4488 2181 4527 vos
2215 4473 2389 4542 magis

827 4568 1084 4622 tenemini
1113 4569 1362 4622 similiter
1391 4582 1772 4637 compensare,
1811 4575 1868 4620 et
1894 4581 2004 4634 prae
2028 4566 2243 4619 caeteris
2263 4579 2383 4618 om-
2420 4589 2464 4643 ι)

825 4661 986 4714 nibus
1021 4659 1160 4714 ferre
1201 4660 1500 4713 amicitiam
1532 4673 1736 4720 meam,
1786 4669 1841 4710 et
1871 4658 1924 4710 in
1953 4672 2039 4710 me
2063 4657 2389 4711 benevolen-

828 4754 1003 4805 tiam:
1040 4767 1141 4806 ncc
1171 4751 1241 4805 ob
1288 4750 1514 4818 aliquod
1567 4763 1746 4804 meum
1783 4748 1883 4802 hoc
1927 4747 2395 4809 emolumentum;

825 4855 982 4894 amor
1046 4841 1192 4894 enim
1226 4841 1500 4894 humanus
1538 4849 1594 4894 et
1614 4838 1966 4902 desiderium,
2002 4837 2132 4906 quid
2157 4836 2400 4905 proderit

825 4933 876 4988 ei
915 4933 1008 5003 qui
1043 4943 1238 4987 cuncta
1258 4933 1340 4988 vel
1373 4941 1506 4985 nutu
1529 4932 1904 4994 circumrotat,
1928 4930 2083 4998 cujus
2112 4943 2248 4997 opus
2265 4928 2399 4998 digi-

824 5037 1006 5081 torum
1033 5026 1314 5080 hominum
1337 5035 1423 5080 est
1438 5036 1649 5085 natura,
1673 5024 1874 5080 cmlum
1904 5032 2092 5092 etquae
2113 5024 2392 5078 exsistunt

827 5117 1102 5171 universa.
1137 5114 1261 5171 Haec
1287 5132 1387 5186 ego
1413 5116 1552 5186 ipsa,
1584 5123 1644 5169 ut
1667 5126 1718 5170 et
1749 5116 1880 5179 alia,
1906 5114 1976 5168 ob
2028 5125 2260 5169 vestram
2295 5115 2396 5168 de-

827 5209 1009 5264 sidero
1065 5209 1321 5264 salutem.
1377 5206 1486 5264 Nec
1531 5207 1719 5263 mirari
1782 5213 2017 5277 oportet,
2063 5207 2107 5261 si
2169 5205 2394 5259 Matrem

827 5301 1183 5364 Christus,ut
1206 5301 1470 5369 oportuit,
1503 5301 1804 5366 honorans,
1838 5299 1982 5354 illam
2001 5297 2143 5352 haud
2165 5297 2399 5366 praetulit

829 5393 990 5448 saluti
1027 5393 1310 5448 hominum
1341 5410 1354 5446 :
1387 5408 1514 5447 nam
1561 5401 1792 5447 matrem
1843 5392 1993 5446 illam
2038 5397 2261 5460 propter
2297 5403 2399 5442 nos

829 5498 882 5536 rt
917 5495 1158 5540 nostram
1191 5485 1427 5544 salutem
1468 5485 1790 5553 assumpsit,
1815 5493 1877 5538 ut
1911 5497 2258 5554 nequaquam
2293 5480 2400 5536 sibi

901 5624 946 5653 ”
980 5621 1167 5677 Matth.
1203 5639 1332 5687 xvtt,
1355 5623 1441 5678 58.

2477 3373 2611 3441 τέρα
2653 3374 2792 3443 ὑπὲρ
2823 3373 2947 3441 ἐμὲ,
2977 3375 3079 3426 οὐκ
3121 3373 3234 3426 ἐστι
3284 3391 3389 3444 μου
3418 3375 3588 3440 ἄξιος,
3626 3392 3646 3426 t
3708 3373 3804 3428 ἵνα
3844 3374 3924 3444 μὴ
3950 3373 4066 3441 δάξῒὶ

2483 3464 2622 3536 βαρὺ
2677 3467 2771 3518 καὶ
2819 3464 3078 3519 δύσκολον
3119 3466 3436 3520 ὲπιτάσσειν
3485 3468 3863 3537 πρόσταγμα,
3918 3467 4067 3526 αὑτὰς

2481 3554 2638 3608 τοῦτο
2685 3556 2898 3626 πρῶτος
2950 3558 3220 3628 ἐκπληροῖ
3259 3558 3338 3629 τῷ
3391 3559 3515 3612 καθ’
3566 3560 3760 3612 ἑαυτὸν
3821 3560 4068 3624 ὑποδείγ-

2486 3665 2618 3719 ματι
2657 3649 2842 3721 ῥᾳδίαν
2889 3649 3327 3714 παρασκευάζων
3371 3651 3472 3720 τὴν
3513 3651 3772 3721 μίμησιν,
3827 3654 3928 3704 καὶ
3983 3653 4068 3717 τῆς

2487 3743 2765 3814 μητρικῆς
2837 3741 3136 3811 θεραπείας
3239 3742 3530 3812 προτίθησι
3611 3745 3713 3811 τὴν
3800 3742 4068 3809 ὠᾷέἳειαν

2485 3835 2580 3887 καὶ
2639 3834 2913 3903 σωτηρίαν
2945 3833 3055 3886 τῶν
3101 3833 3314 3886 πολλῶν
3336 3850 3351 3864 ·
3392 3836 3677 3902 μονονουχὶ
3723 3835 3848 3895 τοῖς
3898 3834 4070 3903 ἔργοις

2487 3925 2669 3995 φωνὴν
2695 3925 2896 3992 ἀφιείς·
2916 3925 3007 3994 Μὴ
3033 3925 3417 3995 νομίσηται⁸-¹
3447 3926 3548 3996 τὴν
3566 3923 3707 3994 ἐμὴν
3725 3925 3962 3993 ἐντολὴν
3989 3924 4072 3992 βα-

2491 4018 2639 4086 ρεῖαν
2667 4010 2806 4068 εἷναι
2830 4016 2923 4068 καὶ
2951 4016 3345 4080 δυσεξάνυστον
3369 4033 3384 4047 ·
3411 4017 3558 4086 ἔργῳ
3585 4018 3695 4084 γὰρ
3725 4018 3889 4085 ὑμῖν,
3913 4018 3942 4066 ὁ
3980 4033 4073 4084 μη-

2488 4107 2602 4158 δενὶ
2631 4105 2912 4173 τυγχάνων
2939 4106 3246 4176 ὑπόχρεως,
3292 4105 3510 4174 πρῶτος
3542 4105 3636 4158 τοῦ
3676 4105 3853 4174 ἔργου
3897 4107 4074 4171 ἀπάρο

2489 4214 2674 4266 χομαι,
2709 4197 2804 4249 καὶ
2839 4198 2938 4267 τῆς
2987 4197 3269 4269 μητρικῆς
3300 4197 3621 4267 θεραπείας,
3656 4197 3736 4259 ὡς
3764 4197 3911 4264 ὑμῖν
3948 4199 4073 4266 ὀρᾷν

2491 4289 2744 4358 πάρεστι,
2784 4285 2880 4357 τὴν
2922 4286 3078 4356 ὑμῶν
3127 4287 3406 4358 προκρίνω
3455 4285 3751 4357 σωτηρίαν.
3787 4287 3980 4338 Ὅπου

2491 4380 2707 4434 πάντων
2754 4381 3031 4450 Δεσπότης
3060 4379 3323 4450 ὑπᾶρχων
3356 4380 3454 4431 καὶ
3508 4379 3894 4448 Δημιουργὸς,
3921 4377 4077 4430 coit;

2493 4472 2621 4542 περὶ
2671 4473 2815 4541 ὑμᾶς
2865 4471 3064 4534 αὐτοὺς
3095 4471 3196 4524 οὐκ
3225 4471 3450 4540 ὤκνησα
3493 4469 3908 4534 ἐπιδείξασθαι,
3945 4473 4074 4524 ἀλλὰ

2493 4563 2588 4616 καὶ
2623 4561 2885 4632 μητρῴας
2914 4562 3153 4633 στοργῆς
3190 4560 3289 4631 τὴν
3323 4563 3405 4625 είς
3436 4561 3581 4631 ὑμᾶς
3610 4561 3856 4630 σπουδὴν
3891 4563 4079 4631 προτί-

2498 4656 2635 4726 θημι
2664 4654 2759 4707 καὶ
2790 4652 3064 4706 διάθεσινο
3095 4654 3212 4717 πῶς
3245 4653 3346 4706 οὐκ
3369 4654 3524 4707 αὐτοὶ
3555 4655 3754 4722 μᾶλλον
3786 4654 4073 4722 ὀφειλέτιι

2498 4747 2893 4816 καθεστήκατε,
2923 4750 3036 4811 τοῖς
3079 4747 3287 4817 ὁμοίοις
3313 4746 3634 4817 ἀμείϐεσθαι
3657 4786 3672 4809 ,
3706 4747 3803 4798 καὶ
3854 4749 4074 4800 πάντων

2496 4839 2806 4912 ἔμπροσθεν
2836 4840 2989 4907 ἄγειν
3021 4839 3120 4910 τὴν
3146 4839 3272 4910 περὶ
3299 4839 3398 4909 ἐμὲ
3419 4839 3513 4892 τδν
3545 4838 3853 4910 εὐεργέτην
3896 4841 4074 4906 φιλίαν

2495 4935 2591 4986 καὶ
2641 4930 2888 4996 εὕνοιαν;
2945 4930 3120 4983 καίτοι
3160 4930 3283 4983 οὐδὲ
3330 4929 3504 4984 ταῦτα
3555 4929 3621 4982 δι’
3664 4928 3798 4999 ἐμέο
3870 4933 3926 4982 τί
3981 4934 4077 4997 γὰρ

2497 5021 2720 5075 εἰσοίσει
2771 5019 2934 5084 πόθος
3005 5019 3346 5089 ἀνθρώπινος
3423 5019 3504 5090 τῷ
3573 5017 3748 5071 πάντα
3844 5019 4074 5087 νεύματι

2499 5113 2840 5184 περιάγοντι,
2873 5111 2970 5166 καὶ
2994 5104 3054 5165 οὗ
3080 5111 3361 5166 δακτύλων
3386 5111 3566 5182 ἔργον,
3591 5111 3729 5180 αὑτὴ
3772 5110 3960 5178 φύσις
3994 5113 4075 5162 ἀν·

2497 5183 2752 5275 θρῶπων,
2783 5203 2879 5256 καὶ
2909 5202 3159 5272 οὐρανὸς,
3211 5203 3307 5255 καὶ
3338 5201 3407 5255 τά
3457 5183 3770 5270 σύμπαντα,
3807 5199 3963 5253 ἀλλά
3995 5201 4077 5251 καὶ

2497 5295 2670 5350 ταῦτα
2700 5335 2715 5355 ,
2772 5286 2963 5365 ῶσπέρ
3016 5294 3114 5348 καὶ⁹
3161 5293 3350 5358 τάλλα,
3402 5293 3492 5346 διὰ
3529 5293 3628 5363 τὴν
3682 5290 3848 5361 ὑμῶν
3907 5291 4076 5346 αὐτῶν

2492 5387 2738 5453 ἐπιζητῶ
2791 5387 3087 5458 σωτηρίαν.
3117 5387 3191 5439 οὐ
3236 5387 3340 5457 χρὴ
3374 5384 3440 5455 δὴ
3468 5393 3496 5421 ι
3527 5384 3869 5454 θαυμάζειν.
3906 5385 3958 5436 εἰ
3990 5384 4073 5448 τὴν

2500 5478 2711 5549 μητέρα
2753 5477 2926 5549 τιμῶν
2957 5480 2986 5531 ὁ
3017 5476 3272 5548 Χριστος,
3302 5475 3379 5540 ὡς
3404 5477 3710 5547 προσῆκεν,
3737 5474 3906 5545 ὅμως
3970 5474 4074 5528 οὐξι

2048 5731 2282 5787 ΥΛΒΙᾹΞ
2319 5727 2706 5786 LECTIONES
2731 5769 2744 5782 .

909 5858 934 5897 τι
969 5850 1027 5905 ε.
1082 5851 1150 5904 Μ.
1206 5850 1567 5922 πνευματικὸς
1603 5849 1774 5904 deest.
1856 5858 1875 5888 π
1905 5850 1963 5904 (2.
1997 5848 2063 5904 Μ.
2103 5858 2247 5903 recte
2304 5847 2509 5916 ἑτέρας.

2591 5850 2658 5882 μοι
2695 5847 2972 5918 νομέσητε.
3012 5853 3035 5881 δι
3073 5840 3134 5894 C.
3171 5838 3241 5895 Μ.
3267 5836 3345 5892 δέ.
