4162 6442
162 465 263 528 977

1074 472 1174 531 AD
1238 467 1834 530 AMPHILOCHIUM
1881 465 2227 539 QUESTIO
2281 464 2489 525 CCXV.

3290 457 3395 521 978

161 579 367 649 ταύτην
393 578 495 648 τῆς
516 575 677 648 ἡμῶν
704 577 1027 651 ύπερτίθησι
1053 576 1329 647 σωτηρίας
1356 592 1375 610 ο
1397 578 1493 629 καὶ
1516 574 1626 647 7&9
1654 576 1719 646 δὴ

1829 588 2071 645 parcens,
2098 583 2286 628 nostra
2306 585 2473 626 causa
2501 570 2657 637 longe
2678 568 2782 622 alia
2804 573 2860 621 et
2892 565 3176 619 innumera
3199 580 3390 634 passus

164 674 260 725 καὶ
290 670 504 741 μητέρα
530 670 668 734 ὃλως
693 671 762 724 δι’
790 671 960 741 ἡμᾶς,
990 670 1087 723 καὶ
1113 669 1203 723 διὰ
1224 669 1328 739 τὴν
1370 668 1529 738 ἡμῶν
1554 668 1723 738 ἑρκτή-

166 779 297 816 σατο
341 761 632 833 σωτηρίαν,
666 761 785 814 άλλ*
808 762 949 815 ὥστε
1003 761 1064 814 δὲ
1113 760 1281 815 αὑτοῦ
1302 769 1333 800 ν
1392 760 1724 830 φεισάμενος

167 854 499 926 ύπὶρὴμῶν,
522 855 657 909 ἀλλά
685 855 914 908 κάκεῖνα
933 854 1000 907 τά
1021 853 1187 924 μυρία
1208 852 1355 924 πάθη
1365 854 1605 915 ύποστὰς
1631 854 1727 907 καὶ

165 948 256 999 τὸν
284 946 643 1001 ἐπονείδιστον
669 948 877 1000 ἐκεῖνον
898 946 993 998 καὶ
1021 945 1195 1014 βίαιον
1232 944 1484 1017 θάνατον,
1512 945 1581 998 ῖν⁹
1606 945 1726 997 ἀντὶ

169 1041 420 1106 θανάτου,
442 1041 588 1110 ζωῆς
608 1041 756 1110 ἡμᾶς
771 1027 1042 1092 ἀθανάτου
1057 1037 1205 1109 δείξῃ
1219 1036 1608 1107 κληρονόμους,
1624 1036 1725 1086 οὐκ

168 1135 236 1186 ἄν
265 1131 571 1195 ἀπεικότως
623 1133 722 1186 καὶ
764 1132 867 1200 τῆς
912 1128 1188 1201 μητρικῆς
1224 1127 1569 1198 συμπαθείας
1626 1126 1726 1198 τὴν

168 1224 323 1292 ἡμῶν
363 1225 608 1292 ἡγήσατο
657 1220 1059 1290 προτιμοτέραν
1119 1220 1418 1290 σωτηρίαν.
1442 1218 1509 1271 El
1545 1216 1725 1287 βούλει

165 1316 224 1367 δὲ
271 1316 492 1369 κάκεῖνο
526 1316 748 1368 σκοπεῖν
776 1326 804 1355 ι
837 1314 857 1382 (
885 1312 1157 1382 πολύχους
1200 1312 1313 1382 γάρ
1334 1313 1368 1381 ἠ
1404 1310 1519 1364 τῶν
1565 1305 1755 1361 θείων’

171 1406 402 1477 ι’ραφῶν
434 1405 702 1476 γεωργία.
719 1405 814 1459 καὶ⁵
845 1405 1045 1474 πολλὴν
1070 1403 1394 1459 ἀναδιδοῦσα
1427 1406 1542 1466 τοῖς
1575 1402 1730 1471 φιλο-

170 1502 391 1557 πονοῦσι
422 1503 525 1566 τὴν
548 1502 866 1570 ὠφέλειαν),
882 1500 1097 1564 ούδενδς
1117 1500 1227 1553 τῶν
1248 1499 1424 1554 ἄλλων
1452 1498 1730 1550 ἐνδεέστε-

172 1613 265 1664 ρον
286 1595 608 1666 δψῃβτιτδ,
628 1614 651 1648 ε
678 1594 777 1658 Τίς
803 1596 952 1648 ἐστιν
974 1594 1007 1663 ἡ
1037 1594 1222 1663 μήτηρ
1246 1610 1348 1663 μου
1374 1591 1473 1645 καὶ
1497 1592 1548 1643 oi
1570 1589 1729 1644 ἁδελ-

169 1685 261 1753 φοί
288 1702 390 1755 μου
418 1702 435 1750 ;
472 1702 493 1737 ι
526 1684 590 1738 ού
636 1685 774 1755 πρὸς
816 1685 914 1754 τὴν
936 1683 1163 1751 Μητέρα
1208 1681 1627 1750 ἀποτεινόμενος
1654 1680 1731 1733 εῖ-

172 1793 341 1845 ρηκεν
373 1777 405 1830 ό
461 1776 687 1846 Σωτήρο
710 1776 895 1845 εκείνη
924 1775 1033 1843 γάρ
1060 1775 1093 1842 ἡ
1130 1772 1376 1843 μακαρία
1428 1772 1726 1842 Παρθένος,

1829 672 1932 719 est.
1964 661 2241 732 Imprimis
2290 657 2747 715 contumeliosam
2785 656 2934 710 illam
2988 666 3042 710 et
3096 654 3391 708 violentam

1828 764 2059 811 mortem
2097 754 2304 815 crucis,
2334 764 2393 806 ut
2421 751 2542 805 vita
2582 753 2705 804 'nos
2741 757 2959 803 aeternae
3007 747 3269 807 heredes,
3298 748 3393 814 qui

1830 848 2021 902 mortis
2075 845 2375 903 fueramus.
2423 841 2667 897 faceret:
2730 857 2841 897 non
2900 850 2984 895 est
3037 841 3395 910 improbabile

1831 939 1980 991 illum
2011 945 2255 992 nostram
2285 936 2515 989 salutem
2542 935 2943 1003 antiquiorem,
2992 948 3155 1003 quam
3187 942 3393 985 mater-

1831 1047 1954 1083 nam
1987 1029 2243 1085 habuisse
2270 1027 2703 1083 observantiam.
2737 1026 2793 1079 Si
2823 1026 3000 1080 adhuc
3032 1025 3161 1079 libet
3181 1034 3237 1079 et
3264 1024 3395 1077 illud

1831 1123 1965 1177 mibi
1982 1130 2128 1185 nota,
2148 1120 2454 1174 divinarum
2477 1119 2880 1189 Scripturarum
2902 1116 3217 1187 agricolatio
3252 1117 3398 1169 mul-

1834 1214 2109 1285 tiplicibus
2138 1214 2305 1282 spicis
2356 1212 2620 1275 abundat,
2649 1219 2702 1265 et
2751 1209 3051 1279 plurimum
3108 1208 3397 1262 industriis

1834 1304 2179 1362 commodum
2236 1304 2513 1368 concedit,
2570 1316 2678 1357 non
2722 1302 3011 1357 minimum
3052 1301 3210 1361 illud,
3248 1298 3397 1369 quod

1836 1400 1924 1453 illa
1963 1418 1982 1450 ι
2009 1398 2142 1464 Qua
2172 1406 2257 1451 est
2300 1405 2475 1450 mater
2519 1409 2661 1459 mea,
2702 1401 2757 1448 et
2801 1392 2897 1462 qui
2952 1390 3154 1448 fratres
3188 1393 3293 1445 mei
3321 1392 3344 1443 ἵ
3374 1408 3394 1442 s

1836 1503 1941 1541 non
1970 1488 2023 1540 in
2053 1485 2275 1539 latrem
2304 1485 2512 1540 directa
2535 1483 2761 1553 protulit
2808 1482 3069 1536 Servator
3107 1483 3221 1551 (illa
3247 1481 3398 1535 enim

1836 1581 1990 1634 beata
2020 1576 2185 1647 Virgo
2246 1576 2491 1631 modeste
2528 1584 2587 1630 ut
2626 1576 2868 1643 oportuit
2918 1574 3068 1629 foras
3125 1576 3396 1639 constitit,

1838 1688 1937 1727 nec
1980 1672 2204 1725 liberam
2235 1669 2465 1724 adeundi
2496 1667 2688 1722 Filium
2721 1667 2996 1723 licentiam
3046 1667 3397 1730 vindicavit).

1836 1765 1929 1819 sed
1959 1760 2069 1817 nec
2089 1762 2314 1817 docendi
2344 1776 2565 1817 cursum
2594 1761 2993 1829 interrumpere
3031 1759 3270 1820 volebat,
3304 1760 3399 1814 sed

171 1866 567 1937 σεμνοπρεπῶς
598 1883 658 1920 τε
691 1866 785 1919 καὶ
817 1867 915 1919 σὺν
958 1864 1217 1934 εὐλαϐείᾳ.
1247 1864 1352 1929 [Em
1376 1863 1585 1928 ῖστατο,
1609 1862 1728 1915 οὐδὲ

1840 1856 2015 1925 ipsum
2063 1854 2437 1908 tantummodo
2490 1852 2759 1923 gestiebat
2807 1853 3069 1907 salutare.
3124 1853 3203 1907 Ad
3232 1868 3397 1920 quem

296 1935 433 2028 πρός
453 1958 547 2010 τὸν
575 1958 704 2011 Υίὺν
733 1956 1214 2029 παρρησιαζομένη
1254 1955 1456 2008 εἴσοδον
1480 1970 1494 1985 ·
1538 1956 1728 2022 οὐμεν-

1838 1949 1999 2018 igitur
2036 1945 2290 2015 dirigitur
2350 1960 2535 1999 sermo
2569 1942 2888 2001 Dominicus
2913 1946 2937 1999 l
2964 1952 3114 2015 patet
3155 1945 3297 2015 quod
3332 1946 3401 2001 ad

168 2052 263 2103 οὖν
310 2051 433 2104 οὐδὲ
464 2050 564 2121 τὴν
611 2049 965 2103 διδασκαλίαν
1017 2051 1442 2119 περικόπτουσα,
1478 2046 1642 2098 αύτδν
1669 2045 1728 2099 δὲ

171 2141 334 2209 μόνον
362 2142 492 2195 ίδεῖν
525 2141 880 2195 ἑπιποθοῦσα.
901 2142 1043 2210 Πρὸς
1076 2142 1194 2193 τίνα
1222 2138 1411 2191 λοιπὸν
1430 2141 1460 2190 ό
1487 2141 1738 2190 Δεσποτι-

168 2231 266 2293 κὸς
294 2229 451 2297 λόγος
472 2230 612 2300 δρᾷς
636 2230 795 2301 δῆλον
818 2238 869 2291 1,
895 2227 971 2291 ὡς
1000 2227 1131 2297 πρὸς
1167 2227 1390 2289 ἐκεῖνον,
1427 2222 1520 2276 τὸν
1550 2223 1652 2276 οὐκ
1672 2224 1729 2275 έν

170 2320 352 2395 καιρῷ
391 2322 485 2374 καὶ
533 2320 782 2391 θρασέως
827 2316 1207 2387 ὶπιφωνοῦντα
1252 2316 1347 2369 καὶ
1397 2313 1734 2383 άνακράζον-

165 2429 262 2476 τα,
299 2430 320 2465 ι
364 2412 430 2466 Ἦ
463 2414 648 2483 μήτηρ
675 2428 772 2465 σου
799 2411 895 2465 καὶ
923 2413 974 2463 οι
1014 2408 1232 2478 ἀδελφοί
1271 2423 1367 2461 σου
1395 2406 1502 2470 έξω
1538 2402 1734 2476 ζητοῦ-

169 2504 224 2556 σί
256 2520 338 2560 σε.
365 2523 385 2555 ι
435 2504 672 2566 Ἐκεῖνος
701 2502 816 2573 γάρ
857 2504 887 2556 ό
927 2500 1175 2562 Ἰουδαῖος
1207 2498 1365 2568 (οὐδε
1393 2497 1507 2568 γάρ
1537 2496 1733 2566 ἔχομεν

167 2594 361 2648 τούτου
412 2595 746 2665 κυριώτερον
789 2595 853 2646 ὲκ
883 2591 994 2647 τῶν
1022 2590 1374 2660 Εὐαγγελίων
1397 2589 1570 2656 δνομα
1599 2590 1615 2651 )
1643 2588 1734 2640 ὅτε

165 2687 247 2757 τῷ
298 2688 541 2759 Δεσπὸτῃ
585 2684 958 2758 προσεφώνει,
999 2683 1153 2738 οὐδὲν
1181 2683 1242 2735 ού
1294 2681 1454 2751 μόνον
1494 2683 1733 2750 συνῆπτε

168 2779 323 2846 ῥῆμα
354 2776 798 2846 σεϐασμιότητος,
825 2775 941 2829 ἀλλ’
979 2773 1101 2828 οὐδὲ
1147 2773 1242 2826 τὸν
1283 2772 1564 2842 πρέποντα
1608 2788 1734 2824 και-

169 2869 263 2937 ρὸν
293 2866 613 2937 ἀναμείνας,
638 2866 775 2921 ἀλλὰ
815 2868 911 2921 καὶ
946 2865 1045 2936 τὴν
1095 2864 1447 2919 διδασκαλίαν
1494 2863 1733 2933 περικό-

164 2977 341 3024 πτων,
360 2959 457 3013 καὶ
478 2958 645 3029 πολλῇ
664 2958 946 3029 χρώμενος
967 2959 1035 3027 τῇ
1058 2954 1322 3025 αὐθαδείᾳ
1344 2955 1440 3008 καὶ
1459 2953 1732 3023 θρασύτη-

162 3069 239 3112 τι,
274 3051 358 3117 τδ,
383 3068 404 3103 ι
444 3050 508 3103 Ἦ
532 3051 716 3121 μήτηρ
747 3066 845 3103 σου
872 3051 963 3103 καὶ⁸
996 3049 1045 3101 οἱ
1074 3047 1292 3114 ἀδελφοί
1334 3062 1454 3107 σου.
1492 3045 1730 3115 προσέρ-

165 3146 360 3215 ριπτεν
384 3182 402 3206 ,
453 3141 559 3207 ἔξω
611 3141 836 3211 ζητοῦσι
882 3157 965 3194 σε.
1005 3158 1025 3192 ι
1051 3136 1221 3207 οἶμαι
1260 3137 1318 3190 δὲ
1365 3136 1530 3189 αὐτὸν
1572 3134 1732 3190 τοῦτο

160 3235 503 3308 δεδρακέναι,
524 3236 727 3288 ὡσανεὶ
748 3236 845 3312 καὶ
872 3234 982 3287 άπὸ
1000 3231 1097 3285 τοῦ
1128 3230 1321 3298 γένους
1354 3228 1728 3281 ἰπισκώπτειν

158 3327 257 3379 τὸν
284 3326 463 3379 κοινὸν
487 3323 583 3379 τοῦ
613 3326 807 3392 γένους
838 3322 1071 3391 Σωτῆρα
1112 3320 1620 3389 διαμηχανώμενον.
1654 3318 1729 3371 Ού

157 3420 272 3489 7&9
306 3416 376 3473 ἂν
405 3417 548 3472 οὕτω
574 3417 845 3487 θρασέως,
888 3416 984 3469 καὶ
1009 3418 1090 3478 είς
1126 3415 1366 3483 ὑπήκοον
1393 3422 1416 3451 ⁸
1444 3412 1554 3466 τῶν
1580 3412 1729 3466 διδα-

159 3511 465 3579 σκομέτων,
509 3510 603 3563 τὸν
651 3507 952 3578 ὀνειδισμὸν
991 3506 1321 3575 οἰκειότερον
1365 3505 1598 3575 εἰπεῖνῆ
1630 3504 1728 3573 τὴν

156 3601 463 3673 πρόκλησιν
490 3600 585 3653 τοῦ
618 3600 888 3653 Δεσπότου
944 3596 1240 3667 ἐπεποίητο
1263 3613 1280 3628 ο
1309 3596 1407 3649 καὶ
1436 3595 1613 3649 ταῦτα
1644 3596 1727 3647 δι-

155 3710 184 3747 ε
192 3695 473 3764 μηχανᾶτο
490 3694 585 3745 καὶ
609 3690 1051 3754 συνεσκευάζετο,
1080 3688 1483 3762 ῥᾳθυμοτέρως
1511 3705 1572 3741 τε
1601 3688 1730 3758 περὶ

154 3784 258 3855 τὴν
303 3784 590 3854 ἀκρόασιν,
627 3783 688 3836 τό
737 3799 803 3850 γε
832 3782 952 3836 καθ’
978 3781 1189 3844 ἑαυτὸν,
1233 3782 1296 3833 τὸ
1323 3779 1527 3850 πλῆθος
1555 3780 1729 3849 άπερ-

154 3874 482 3943 γαζόμενος,
516 3876 613 3927 καὶ
645 3875 708 3926 es
750 3871 1061 3937 ἀξιόπιστον
1108 3871 1204 3926 τοῦ
1250 3872 1596 3937 διδασκάλου,
1620 3872 1730 3923 ἀπό

154 3977 222 4027 γε
286 3959 384 4029 τῆς
421 3959 757 4028 συγγενείας,
787 3959 863 4023 ὡς
922 3960 1195 4030 ενόμιζεν,
1221 3959 1573 4024 έξευτελίζων
1630 3962 1727 4015 καὶ

154 4052 617 4121 ὑποτεμνόμενος.
643 4052 757 4105 Καὶ
802 4051 911 4123 7&9
971 4052 1066 4106 καὶ
1098 4051 1334 4122 ἀλλαχοῦ
1365 4053 1617 4122 φαίνεται
1667 4052 1729 4105 τὸ

167 4141 421 4195 Ἰουδαῖον
455 4142 628 4208 έθνος,
654 4142 753 4197 καὶ
786 4143 1018 4214 μάλιστα
1045 4143 1188 4197 κατὰ
1214 4144 1307 4196 τὸν
1331 4144 1523 4214 καιρὸν
1548 4146 1649 4211 τῆς
1666 4160 1726 4195 τε

151 4231 528 4295 διδασκαλίας,
560 4234 654 4285 καί
704 4250 769 4301 γε
820 4236 918 4286 καὶ
965 4234 1065 4304 τῆς
1118 4233 1584 4303 θαυματουργίατ,
1650 4235 1728 4304 τῷ

151 4322 339 4391 φθόνῳ
360 4321 974 4392 διαπιμπράμενον,⁸καὶ
999 4324 1134 4393 πρὸς
1154 4323 1405 4388 διαϐολάς
1425 4327 1517 4378 καὶ
1541 4323 1729 4395 ὕϐρεις

150 4413 247 4465 τοῦ
280 4416 549 4467 Δεσπότου
579 4415 828 4478 έκτόπως
876 4415 1338 4485 ἀναφλεγόμενον.
1371 4434 1392 4469 ε
1428 4419 1541 4487 Οὐχ
1568 4412 1726 4481 οὗτος

152 4504 266 4573 γάρ
282 4504 419 4567 ἐστι,
435 4504 620 4574 φησὶν,
636 4506 769 4559 ότοῢ
785 4507 1032 4569 τέκτονος
1047 4507 1188 4573 υἱόςς
1223 4527 1241 4558 ι
1269 4508 1365 4559 καὶ
1384 4508 1570 4571 πάλιν,
1589 4527 1608 4560 ι
1630 4508 1727 4561 Οἴ-

1833 2054 1980 2101 eum,
2025 2040 2117 2109 qui
2153 2038 2289 2093 satis
2318 2038 2697 2105 intempestive
2754 2036 3113 2093 vociferando
3136 2049 3189 2093 et
3215 2040 3394 2093 incla—

1833 2131 2034 2184 mando
2058 2129 2295 2192 dicebat,
2334 2146 2354 2180 ι
2387 2128 2555 2183 Mater
2585 2138 2676 2183 tua
2715 2138 2771 2185 et
2801 2129 2996 2184 fratres
3027 2130 3105 2184 tui
3149 2139 3201 2183 te
3252 2129 3401 2184 foras

1829 2218 2158 2289 quarunt".
2177 2238 2197 2271 ι
2221 2218 2366 2289 Erat,
2386 2219 2475 2273 ille
2506 2216 2747 2283 Iudaeus,
2772 2235 2872 2275 nec
2899 2220 3005 2273 alio
3040 2221 3262 2288 proprio
3298 2234 3399 2271 no-

1834 2314 1981 2369 mine
2022 2312 2227 2368 dictum
2261 2312 2524 2366 habemus
2549 2313 2601 2365 in
2632 2310 2944 2383 Evangelio.
2996 2310 3091 2367 Ille
3122 2327 3248 2367 cum
3293 2312 3401 2366 Do-

1832 2408 2039 2462 minum
2068 2407 2457 2475 alloqueretur,
2484 2420 2590 2460 non
2607 2406 2769 2459 modo
2803 2406 3014 2459 nullum
3042 2406 3269 2461 verbum
3308 2423 3397 2461 re-

1832 2500 2080 2553 verentia:
2097 2499 2345 2560 evolavit,
2375 2496 2469 2552 sed
2488 2511 2587 2551 nec
2612 2506 2826 2566 tempus
2839 2501 3181 2567 praestolatus
3199 2513 3400 2567 oppor-

1830 2598 2021 2644 tunum
2050 2588 2277 2642 docendi
2324 2601 2545 2641 cursum
2603 2588 2910 2656 interrupit,
2944 2598 2999 2642 et
3055 2604 3181 2642 cum
3228 2588 3397 2642 multa

1832 2680 2057 2734 audacia
2090 2690 2146 2733 et
2194 2679 2496 2747 supercilio
2528 2678 2931 2749 projccitillud,
2970 2698 2989 2730 ε
3028 2678 3196 2733 Mater
3231 2689 3320 2732 tua
3344 2690 3399 2734 et

1831 2770 2028 2825 fratres
2056 2770 2131 2822 tui
2160 2776 2212 2821 te
2252 2769 2387 2823 foris
2425 2778 2698 2838 quarunt.
2734 2788 2752 2822 ι
2798 2767 2943 2824 Reor
2971 2781 3150 2824 autem
3197 2786 3263 2822 eo
3291 2772 3398 2824 line

1832 2861 2022 2915 hocab
2051 2860 2142 2914 illo
2169 2858 2491 2923 factitatum,
2511 2868 2570 2915 ut
2590 2864 2681 2929 qui
2710 2863 2942 2915 voluerit
2973 2864 3120 2915 omni
3148 2864 3394 2917 machina

1829 2951 2071 3006 adhibita
2115 2952 2330 3021 generis
2375 2953 2547 3005 nostri
2584 2951 2877 3005 Auctorem
2918 2952 2987 3005 ab
3020 2952 3259 3006 humana
3298 2968 3395 3006 sua

1832 3043 2179 3112 generatione
2201 3044 2524 3096 traducere:
2562 3058 2671 3096 non
2704 3044 2850 3097 enim
2884 3055 2991 3097 tam
3015 3047 3319 3112 petulanter
3342 3047 3395 3099 in

1829 3134 2053 3187 auribus
2112 3134 2421 3187 auditorum
2469 3136 2939 3203 exprobrationem
3010 3136 3190 3204 potius
3230 3152 3395 3205 quam

1829 3226 2197 3279 evocationem
2223 3225 2479 3279 adhibere
2526 3227 2761 3288 volebat.
2797 3226 2904 3281 nisi
2936 3226 2991 3281 id
3040 3230 3237 3294 agebat
3275 3242 3393 3281 ma-

1830 3314 2122 3378 chinando,
2181 3324 2242 3370 ut
2295 3316 2602 3386 ignaviores
2658 3316 2908 3373 redderet
2971 3320 3269 3373 auditores.
3315 3318 3392 3373 lla

1830 3418 2094 3479 quantum
2123 3410 2176 3463 in
2212 3410 2329 3478 ipso
2353 3420 2471 3465 erat
2498 3411 2722 3465 abduxit
2746 3412 2815 3465 ab
2840 3410 3113 3466 audiendo
3146 3412 3397 3466 multitu-

1828 3505 2035 3567 dinem,
2059 3512 2114 3556 et
2140 3504 2379 3558 due-toris
2410 3506 2770 3559 reverentiam
2800 3505 3157 3559 imminuendi
3189 3506 3397 3569 animo,

1831 3609 1927 3663 per
1961 3594 2365 3649 vilillcationem
2407 3598 2675 3665 prosapiei
2725 3598 3093 3665 interrumpit.
3159 3599 3397 3666 Apparet

1828 3690 1973 3741 enim
2006 3696 2061 3741 et
2117 3688 2243 3742 alibi
2278 3686 2563 3743 Iudaicam
2616 3698 2829 3758 gentem
2881 3704 3009 3741 cum
3059 3688 3218 3749 alias.
3279 3701 3394 3742 tum

1829 3779 2100 3848 praecipue
2152 3794 2276 3833 cum
2315 3781 2537 3834 doceret
2564 3791 2659 3834 aut
2688 3782 2948 3835 miracula
2979 3782 3153 3844 daret,
3189 3783 3395 3837 invidia

1830 3886 2175 3933 succensam,
2224 3881 2277 3925 et
2320 3874 2386 3925 ad
2453 3874 2820 3927 accusandum
2867 3874 3395 3943 convitiandumque

1830 3962 2117 4016 Dominum
2146 3965 2338 4017 insano
2367 3966 2529 4018 modo
2564 3966 2977 4020 inﬂammatam.
3010 3966 3086 4019 Ita
3114 3966 3392 4033 inquiunt,

1834 4072 1854 4105 ι
1886 4057 2077 4108 Annon
2109 4054 2197 4109 hic
2228 4064 2312 4109 est
2347 4055 2483 4109 fabri
2524 4057 2767 4110 lilius"?
2792 4076 2809 4107 ι
2841 4067 2913 4121 et,
2960 4077 2980 4108 ε
3007 4057 3267 4114 Novimus
3298 4075 3392 4129 pa-

1829 4155 1965 4199 trem
2005 4148 2124 4214 eius
2174 4161 2238 4200 ac
2295 4159 2522 4201 matrem
2571 4149 2691 4216 ejus
2713 4150 2806 4201 “:
2848 4169 2866 4201 ›
2906 4157 2980 4213 et,
3010 4167 3029 4199 ι
3056 4152 3250 4204 Annon
3289 4168 3389 4205 nos

1828 4236 2035 4291 scimus
2077 4238 2218 4291 unde
2272 4238 2373 4291 iste
2419 4239 2649 4291 est“?o
2682 4249 2754 4303 et,
2813 4259 2831 4290 ι
2869 4240 3058 4296 Nonne
3105 4243 3246 4311 apud
3293 4258 3395 4295 nos

1829 4337 1959 4382 sunt
2001 4326 2274 4384 fratreset
2334 4343 2554 4384 sorores
2611 4333 2783 4398 ipsius
2802 4332 2929 4383 σιτ»
2967 4344 3019 4386 et
3068 4335 3237 4387 multa
3287 4336 3395 4388 alia

1831 4421 2218 4477 malevolentiae
2264 4424 2427 4477 verba
2492 4425 2766 4491 ingerunt.
2819 4423 3087 4490 Quocirca
3138 4426 3397 4481 Christus

1830 4512 2089 4567 Dominus
2109 4514 2477 4568 incivilitatem
2500 4515 2646 4569 illius
2671 4516 3019 4585 redarguens,
3042 4528 3095 4571 et
3122 4534 3213 4585 per
3238 4519 3389 4573 illum

149 4595 326 4663 ὅαμεν
341 4594 431 4647 τὸν
450 4596 660 4664 πατέρα
677 4596 842 4650 αὑτοῦ
864 4600 960 4649 καὶ
980 4596 1079 4668 τὴν
1098 4599 1312 4667 μητέρα
1330 4613 1345 4627 ο
1369 4615 1390 4649 ι
1418 4600 1531 4660 καὶ,
1562 4617 1582 4649 ι
1618 4593 1726 4652 οὖ-

1829 4612 2151 4659 cmtventum
2179 4620 2367 4658 eorum
2403 4608 2491 4675 qui
2524 4605 2712 4659 eodem
2758 4610 2941 4663 animo
2998 4610 3177 4664 affecti
3210 4622 3386 4672 erant.

149 4701 246 4748 τος
261 4686 363 4738 οὐκ
392 4686 614 4754 οῖδαμεν
636 4688 797 4740 πόθεν
820 4688 967 4741 ἐστίν
991 4706 1006 4754 ;
1035 4706 1055 4739 ι
1090 4689 1206 4753 καὶ,
1236 4708 1256 4741 ι
1289 4689 1425 4759 υύχὶ
1439 4692 1721 4760 παρ’ήμῖν

1829 4695 1893 4747 ad
1920 4694 2275 4763 cogitationes
2301 4696 2607 4750 istiusmodi
2640 4700 3018 4752 accommodat
3040 4717 3389 4769 responsum.

149 4777 299 4828 είσιν
333 4776 385 4828 oi
415 4776 635 4845 ἀδελφοὶ
658 4778 824 4831 αὐτοῦ
863 4780 957 4832 καὶ
983 4780 1042 4832 αί
1075 4780 1304 4849 ἀδελφαὶ
1319 4781 1485 4834 αὐτοῦ
1521 4798 1537 4847 ;
1578 4801 1597 4833 ι
1629 4784 1725 4836 καὶ

150 4866 328 4920 πολλὰ
347 4868 571 4921 τοιαῦτα
588 4868 882 4937 βασκανίας
906 4872 1148 4941 ῥήματα.
1171 4874 1263 4925 Διὸ
1283 4874 1379 4926 καὶ
1393 4876 1423 4927 ό
1444 4874 1721 4942 Δεσπότης

149 4960 389 5029 Χριστὸς
408 4960 646 5031 ἐλέγχων
661 4962 825 5016 αὐτοῦ
847 4963 945 5033 τὴν
970 4981 1046 5017 πα
1054 4966 1339 5034 ρανομίαν,
1358 4966 1455 5019 καὶ
1470 4966 1539 5019 δι’
1553 4966 1719 5020 αὐτοῦ

146 5051 262 5103 τῶν
295 5051 612 5121 όμοφρόνων
643 5053 706 5106 τὸ
729 5052 1005 5124 σύστημα,
1044 5056 1124 5118 είς
1151 5056 1410 5125 τοιαύτην
1431 5056 1556 5110 τινα
1602 5056 1719 5111 διά-

146 5159 306 5195 νοιαν
336 5142 427 5196 τὸν
461 5142 618 5211 λόγον
651 5146 998 5215 σχηματίζων
1024 5147 1125 5217 τῆς
1144 5148 1513 5215 ἀποκρίσεως,
1560 5166 1581 5200 ι
1619 5148 1718 5212 Τίς

145 5236 489 5304 ὲστι,φησὶν,
510 5238 544 5306 ἡ
573 5240 758 5308 μήτηρ
787 5256 913 5306 μου,
943 5239 1035 5292 καὶ
1055 5240 1106 5292 οί
1132 5239 1352 5309 ἀδελφοί
1378 5257 1479 5309 μου
1503 5258 1519 5307 ;
1544 5240 1721 5294 Τουτ-

143 5327 290 5391 έστι,
318 5326 384 5379 Τί
430 5327 529 5398 τὴν
562 5328 791 5399 μητέρα,
820 5331 914 5383 καὶ
958 5332 1083 5393 τοὺς
1119 5330 1384 5398 ἀδελφοὺς
1415 5333 1496 5395 είς
1520 5332 1717 5385 ὀνειδι-

145 5418 293 5487 σμδν
324 5420 621 5489 προφέρειν
654 5421 993 5493 ὲμελέτησας
1021 5438 1036 5487 ;
1067 5422 1246 5493 μάτην
1272 5438 1353 5476 σοι
1380 5423 1714 5495 διεμηχανήι

142 5510 211 5579 οη
241 5508 305 5562 τὸ
351 5512 734 5582 κακούργημα,
772 5515 853 5575 εἰς
880 5514 1190 5567 τούναντίον
1224 5530 1309 5567 σοι
1360 5516 1711 5586 περιτραπή-

218 5642 266 5673 ⁸⁸
292 5642 711 5713 Μαιιιι.χιι,ηί7.
823 5649 865 5679 ⁸⁸
927 5648 1117 5706 Matth.
1153 5667 1275 5716 ιιιι,
1330 5652 1422 5707 55.

1499 5654 1543 5683 “
1571 5651 1729 5706 Joan.
1754 5668 1829 5717 vt,
1851 5653 1941 5707 42.

1820 4794 1875 4838 et
1904 4785 2100 4855 inquit,
2136 4805 2155 4837 ι
2177 4787 2311 4851 Quae
2337 4797 2420 4841 est
2440 4799 2611 4841 mater
2648 4804 2763 4842 mea
2786 4790 2809 4841 ’ἔ
2833 4791 2928 4858 qui
2957 4793 3059 4845 mei
3099 4793 3294 4847 fiatrcs
3316 4794 3338 4846 ?
3364 4812 3381 4843 ι

1820 4879 1977 4946 quasi
2024 4877 2271 4932 diceret:
2329 4878 2466 4943 Quid
2520 4880 2651 4932 mihi
2709 4892 2935 4934 matrem
2994 4893 3049 4936 et
3078 4882 3275 4937 fratres
3329 4885 3384 4937 in

1821 4969 2170 5035 opprobrium
2205 4970 2450 5039 ingeris?
2476 4970 2675 5024 frustra
2705 4972 2798 5025 tibi
2837 4972 2941 5026 hoc
2968 4976 3134 5027 cessit
3180 4977 3384 5028 machi-

1822 5063 2159 5129 na‘mentum,
2188 5065 2242 5117 in
2259 5066 2593 5120 contrarium
2619 5076 2966 5121 convertetur
2993 5068 3251 5121 insidiosa
3274 5069 3387 5123 haec

1819 5165 1912 5207 tua
1944 5156 2260 5223 satagentia.
2284 5154 2514 5209 Tantum
2536 5158 2680 5210 enim
2718 5159 2873 5211 abest
2905 5166 2966 5211 ut
2988 5174 3073 5212 me
3100 5169 3367 5225 parentun

1819 5262 2064 5301 meorum
2106 5248 2382 5302 tenuitatis
2422 5248 2641 5316 pudeat,
2706 5257 2766 5302 ut
2800 5264 2909 5303 non
2940 5251 3119 5304 solum
3155 5261 3369 5304 matren

1817 5353 1940 5405 qu:e
1983 5354 2069 5392 me
2106 5339 2445 5393 incarnatum
2483 5355 2610 5395 vere
2656 5342 2884 5410 peperit,
2940 5358 3259 5411 agnoscam,
3288 5343 3381 5395 sed

1819 5432 2043 5498 insuper
2064 5438 2118 5485 et
2148 5430 2282 5485 istos
2326 5447 2466 5500 quos
2516 5432 2653 5486 viles
2698 5434 2929 5485 intueris
2982 5444 3034 5487 et
3071 5436 3381 5499 despectos,

1819 5521 1935 5575 sine
1966 5521 2101 5575 urbe
2124 5531 2181 5575 et
2207 5523 2326 5577 loco
2348 5537 2635 5594 pauperes,
2677 5523 2803 5577 licet
2820 5524 2965 5577 nulla
2998 5538 3083 5577 me
3109 5524 3381 5593 attingant

2059 5654 2105 5687 ⁸³
2132 5652 2288 5709 Joan.
2323 5654 2509 5719 “.29.
2584 5656 2629 5685 “
2662 5653 2825 5709 Marc.
2857 5670 2931 5720 vi,
2956 5654 3007 5707 5.

1414 5764 1639 5820 ΫΑΙῑΙίΕ
1673 5765 1962 5821 ιευτιοκ
1973 5767 2077 5823 ES.

218 5880 246 5908 τ
281 5872 454 5936 ἄλλως
476 5872 534 5927 τέ
561 5890 622 5941 γε
652 5876 749 5945 οὐχ
780 5877 993 5932 ἑαυτοῦ.

1093 5888 1115 5915 ι
1182 5880 1389 5935 σκόπει.
1464 5890 1488 5928 3
1527 5884 1588 5936 C.
1626 5882 1695 5936 Μ.
1720 5882 1755 5953 ἦ
1782 5883 1959 5953 δῆλον.

2043 5894 2064 5921 ι
2098 5885 2355 5955 ἐπήκοον.
