4162 6442
741 386 848 452 979
1893 385 2158 450 ΡΗΟΤΙΙ
2180 384 2350 448 ΡΑΤῙ

2432 384 2688 447 \RCliiE
2718 385 2827 448 ΟΡ.
3891 387 3990 452 ω)

742 503 1022 569 atlinitate,
1045 516 1153 559 non
1193 502 1426 573 abnego,
1471 501 1567 558 scd
1599 500 1732 558 mihi
1784 501 2035 572 proprius
2065 516 2308 567 assumo,
2337 536 2350 564 λ

2432 519 2566 556 πεται
2592 503 2655 556 τὸ
2690 500 3046 574 σκευώρημα.
3082 502 3225 572 Ἐγὼ
3247 501 3357 576 γὰρ
3390 504 3642 560 τοσοῦτον
3662 505 3871 578 ἀπέχω
3897 506 3986 561 τοῦ

745 598 938 654 matris
984 607 1037 652 et
1071 595 1302 651 fratrum
1359 595 1493 650 mihi
1543 595 1725 650 locum
1779 595 2124 660 impleturus,
2155 593 2314 649 modo

2432 597 2478 664 τῇ
2509 595 2756 666 εὐτελείᾳ
2787 595 2900 648 τῶν
2924 595 3205 664 συγγενῶν
3253 595 3700 666 ἐπαισχύνεσθαι,
3724 597 3886 652 ὥστε
3931 601 3988 653 οὺ

746 707 841 762 per
866 705 1040 744 meam
1064 689 1366 744 doctrinam
1394 688 1623 755 inducti,
1643 687 1824 742 Patris
1852 687 1954 740 mei
1983 687 2316 755 adimpleant

2432 687 2578 740 ιόνον
2603 688 2701 758 τὴν
2724 687 2868 742 κατὰ
2899 689 3082 759 σάρκα
3108 691 3521 761 γεννησαμένην
3549 690 3794 762 ἀληθῶς,
3826 692 3990 761 μητέ-

747 783 1100 833 voluntatem.
1135 776 1605 843 Quemadmodum
1637 777 1782 829 enim
1816 776 1984 838 illam,
2050 776 2197 828 nulla
2230 790 2317 829 me

2420 797 2488 851 ρα
2513 781 2913 850 ὲπιγράφομαι,
2940 782 3079 836 ἀλλὰ
3108 782 3174 851 δὴ
3197 786 3293 836 καὶ
3311 782 3535 845 τούτους
3568 785 3704 855 δρᾷς
3735 783 3878 847 τοὺς
3908 785 3994 837 c0-

748 871 1222 939 cunsanguinitate
1251 871 1604 938 attingentem
1629 868 1774 938 (nam
1791 867 1925 937 quid
1951 868 2116 921 habet
2137 883 2310 936 genus

2432 873 2588 937 τελεῖς
2615 875 2710 927 καὶ
2733 862 3015 939 ἀπόλιδας,
3041 876 3167 938 τοὺς
3199 875 3416 945 ἀοίκους
3443 876 3539 929 καὶ
3579 877 3851 946 πένητας,
3878 876 3993 928 καί·

751 964 1047 1016 Immanum
1097 977 1220 1016 cum
1252 961 1457 1016 Deitate
1480 960 1828 1031 commune?)
1878 961 1945 1015 de
1980 970 2206 1029 paterna
2229 970 2315 1014 ta-

752 1071 873 1108 men
905 1054 1186 1108 voluntate
1236 1055 1552 1107 incarnatus
1597 1068 1664 1106 ex
1719 1052 1831 1115 illa,
1879 1062 2104 1105 matrem
2155 1067 2317 1104 mun-

751 1147 941 1209 stravi,
975 1156 1030 1200 et
1056 1146 1238 1199 omnia
1275 1154 1518 1198 materna
1555 1143 1856 1214 privilegia,
1894 1159 1998 1197 una
2027 1157 2154 1196 cum
2204 1145 2316 1194 vir-

751 1241 977 1308 ginitate
1010 1239 1216 1292 illibata
1239 1247 1384 1292 sarta
1421 1237 1496 1289 illi
1527 1245 1666 1290 tecta
1695 1235 1902 1290 servavi
1938 1252 1953 1299 ;
1990 1235 2062 1288 ita
2098 1248 2319 1304 quoque

751 1339 806 1384 et
826 1331 959 1384 istos
993 1328 1088 1398 qui
1120 1327 1328 1382 nullum
1361 1328 1574 1396 justum
1609 1325 1826 1378 titulum
1871 1325 2020 1378 adire
2066 1333 2321 1393 possunt,

753 1439 862 1492 quo
914 1422 1048 1476 mihi
1104 1435 1200 1490 per
1224 1435 1447 1475 carnem
1505 1418 1914 1487 coniungantur
1966 1430 2059 1472 aut
2099 1417 2322 1481 tribum,

757 1513 918 1566 modo
941 1511 1304 1580 adimplentes
1342 1524 1541 1578 cepero
1568 1508 1875 1562 doctrinam
1933 1523 2107 1563 meam
2140 1516 2195 1563 et
2229 1523 2322 1562 vo-

757 1601 1020 1656 luntatem
1061 1600 1260 1665 Patris,
1297 1600 1350 1653 in
1379 1610 1580 1654 sortem
1603 1605 1660 1652 et
1687 1596 2000 1667 dignitatem
2030 1597 2326 1652 fraternam

759 1701 1174 1763 maternamque
1211 1705 1512 1746 assumant.
1549 1689 1729 1760 Atque
1757 1689 1854 1753 ita,
1892 1698 1951 1743 ut
1980 1704 2079 1760 ego
2110 1692 2327 1760 opinor,

757 1799 789 1837 e
818 1785 978 1838 dictis
1003 1783 1102 1836 tibi
1136 1791 1283 1852 patet
1311 1791 1367 1836 et
1399 1781 1617 1847 satisﬁt,
1651 1781 1799 1851 quod
1826 1791 2045 1851 propter
2086 1781 2218 1835 illud
2244 1781 2330 1835 di-

2417 983 2502 1018 τοι
2537 967 2704 1035 μηδὲν
2750 966 2896 1021 κατὰ
2939 968 3098 1037 γένος
3140 969 3540 1039 προσήκοντας,
3576 969 3641 1021 οὗ
3685 968 3991 1038 παραιτοῦ-

2425 1074 2522 1126 μαι
2548 1057 2622 1121 ὡς
2658 1059 2871 1129 μητέρα
2916 1059 3015 1113 καὶ
3057 1059 3317 1126 ἀδελφοὺς
3357 1059 3893 1128 οἰκειοποιήσασθαι,
3933 1058 3996 1110 ἄν

2422 1141 2524 1200 ὦσι
2561 1149 2726 1217 μόνον
2751 1149 2813 1202 τὸ
2859 1150 3150 1221 πατρικὸν,
3177 1151 3263 1203 διὰ
3289 1149 3398 1204 τῶν
3426 1151 3579 1218 ἑμῶν
3621 1147 3992 1218 διδαγμᾶτων,

2423 1238 2827 1308 ἐκπληροῦντες
2880 1240 3117 1310 θέλημα.
3151 1242 3364 1307 Ὠσπερ
3413 1241 3523 1309 γὰρ
3571 1240 3795 1310 εκείνην
3837 1240 3997 1310 μηδὲν

2423 1332 2489 1399 τῇ
2523 1329 2644 1400 θείᾳ
2681 1331 2839 1397 φύσει
2892 1333 3277 1402 προσήκουσαν
3301 1332 3376 1400 (τί
3418 1332 3527 1401 γὰρ
3573 1331 3756 1386 κοινὸν
3784 1330 3994 1400 ἀνθρωο

2426 1423 2566 1493 πίνῳ
2610 1424 2757 1490 γένει
2800 1425 2897 1478 καὶ
2935 1425 3226 1494 θεότητις),
3261 1425 3410 1493 ὅμως
3440 1423 3712 1493 θελήματι
3743 1421 3997 1492 πατρικῷ

2429 1515 2732 1586 σαρκωθεὶς
2775 1515 2838 1580 ἐξ
2883 1516 3073 1584 αὐτῆς,
3108 1515 3326 1587 μητέρα
3370 1514 3639 1579 ἀνέδειξα,
3667 1513 3765 1568 καὶ
3825 1513 3998 1567 πάντα

2425 1607 2497 1660 τὰ
2544 1606 2787 1678 μητρικὰ
2811 1607 3106 1676 προνόμια,
3137 1607 3278 1675 μετά
3322 1623 3388 1674 γε
3423 1607 3522 1674 τῆς
3571 1604 3880 1675 παρθενίας
3917 1604 4002 1656 αὺ-

2427 1697 2548 1768 τῆς,
2573 1699 2920 1768 ωνετήρησα
2949 1715 2962 1728 ο
2992 1695 3138 1749 οῦτω
3161 1696 3248 1765 δὴ,
3278 1695 3421 1749 οὕτω
3447 1696 3544 1747 καὶ
3579 1695 3810 1758 τοῦτους
3841 1692 4003 1763 μηδὲν

2435 1788 2574 1858 μηδὲ
2600 1791 2667 1841 ἐκ
2695 1789 2795 1858 τῆς
2843 1788 2987 1842 κατά
3018 1789 3199 1857 σάρκα
3231 1785 3534 1857 προσεχοῦς
3565 1786 3743 1856 φυλῆς
3770 1787 3904 1855 ἔμοι
3929 1786 4002 1839 διο

757 1883 929 1938 ctum,
961 1890 980 1924 ι
1009 1870 1142 1938 Qua:
1174 1881 1257 1926 est
1298 1881 1470 1925 mater
1502 1886 1644 1935 mea,
1676 1889 1698 1921 ι
1729 1880 1786 1925 et
1812 1885 1936 1940 quae.
1968 1880 2281 1939 sequuntur
2310 1886 2326 1936 ;

2433 1881 2654 1950 καίωμα
2709 1877 3074 1943 διασώζοντας
3095 1918 3110 1940 ,
3158 1879 3226 1932 ἂν
3281 1879 3442 1947 μόνον
3500 1878 3652 1933 λάϐω
3714 1878 4006 1949 πληρωτὰς

759 1966 1068 2019 nullatenus
1112 1961 1374 2018 Dominus
1403 1973 1458 2017 et
1511 1963 1760 2018 Salvator
1793 1970 1980 2016 noster
2009 1977 2134 2016 reus
2175 1971 2330 2016 tene-

761 2055 923 2109 batur
951 2054 1184 2124 alicujus
1232 2063 1580 2124 contemptus
1609 2063 1705 2108 aut
1744 2053 2034 2122 despectus
2056 2069 2186 2123 erga
2209 2068 2330 2107 ma-

764 2159 936 2213 trem;
974 2149 1067 2204 sed
1099 2145 1313 2209 cuntra,
1371 2159 1480 2201 tam
1527 2163 1624 2217 per
1669 2148 1772 2203 ista
1795 2163 1960 2217 quam
2013 2148 2121 2202 alia
2145 2148 2329 2202 omnia

764 2241 860 2295 Dei
899 2255 1064 2311 Opera
1081 2240 1410 2300 ostenditur,
1436 2239 1700 2295 maternis
1723 2238 2022 2308 privilegiis
2059 2249 2114 2293 et
2154 2240 2326 2294 hono-

765 2334 941 2398 ribus,
981 2333 1144 2403 idque
1188 2333 1571 2396 meritissimo,
1619 2333 1764 2402 apud
1809 2347 1934 2388 eum
1970 2349 2130 2404 quem
2168 2347 2334 2404 pepe-

763 2435 933 2491 rerat,
966 2423 1198 2480 fructam
1237 2431 1292 2479 et
1317 2425 1558 2493 gavisam
1585 2423 1776 2480 fuisse.

2433 1973 2530 2041 τῆς
2558 1971 2698 2040 ἐμῆς
2728 1969 3076 2033 διδασκαλίας
3109 1967 3322 2022 καὶτοῦ
3353 1966 3638 2038 πατρικοῦ
3667 1967 3971 2036 θελήματος
3991 2004 4005 2027 ,

2435 2063 2514 2125 είς
2541 2062 2632 2114 τὸν
2663 2060 2772 2114 τῶν
2797 2060 3047 2128 ἀδελφῶν
3090 2060 3184 2112 καὶ
3222 2059 3476 2129 μητέρων
3513 2057 3834 2122 ἀναδιδαζω
3887 2056 4008 2124 κ.ὶῆ-

2437 2171 2532 2225 ρον
2560 2154 2657 2208 τιια)⁸
2695 2153 2758 2206 τὸ
2796 2151 3034 2222 ἀξίωμα.
3075 2152 3171 2205 Ἐκ
3207 2151 3388 2205 τοίνυν
3442 2151 3552 2204 τῶν
3599 2151 3914 2220 εἰρημένων
3944 2143 4010 2198 οἷ-

2439 2246 2537 2316 μαί
2565 2263 2648 2298 σοι
2675 2245 2861 2313 σαφῶς
2900 2243 3325 2312 ἐπιγνωσθῆναι,
3351 2242 3430 2306 ὡς
3463 2243 3584 2296 οὐδὲ
3612 2243 3704 2296 διὰ
3730 2239 3857 2304 τοῦ,
3884 2258 3904 2291 ι
3923 2239 4010 2300 Τίς

2443 2338 2592 2390 ἐστιν
2621 2338 2656 2406 ἡ
2691 2336 2875 2405 μήτηρ
2921 2351 3072 2405 μους
3106 2353 3125 2385 ι
3165 2333 3260 2388 καὶ
3296 2333 3406 2386 τῶν
3453 2330 3961 2402 ἑφεξῆς,οὺδαμῶς
3984 2331 4010 2383 ὁ

2443 2430 2720 2499 Δεσπότης
2759 2428 2918 2499 ἡμῶν
2949 2427 3046 2482 καὶ
3079 2427 3273 2496 Σωτὴρ
3324 2427 3600 2498 μητρικῆς
3625 2425 4010 2495 ὑπεροψίας,ῆ

765 2533 911 2581 τινος
974 2515 1285 2587 ὀλιγωρίας.
1317 2515 1535 2584 ἐγένετο
1564 2515 1747 2585 ἔνοχος
1767 2532 1784 2549 ο
1814 2515 1951 2569 ἀλλὰ
1982 2517 2081 2570 καὶ
2117 2517 2208 2572 διὰ
2254 2521 2479 2588 τούτων,
2508 2523 2585 2586 ὡς
2616 2523 2712 2575 καὶ
2742 2520 2830 2573 διὰ
2854 2519 3078 2574 πάντων
3094 2517 3205 2572 τῶν
3235 2517 3439 2580 ἄλλων,
3472 2519 3507 2587 ὴ
3537 2515 3803 2580 Θεοτόκος
3847 2514 4013 2568 ἔπι.δὲ-

771 2609 984 2662 δεικται
1033 2610 1142 2662 τῶν
1196 2607 1482 2678 μητρικῶν
1545 2609 1727 2679 γερῶν
1765 2607 1935 2673 ἀξίως
1964 2611 2119 2681 παρὰ
2147 2614 2243 2666 τοῦ
2274 2616 2562 2686 τεχθέντος
2587 2614 2647 2681 ἐξ
2675 2612 2848 2683 αὐτῆς
2879 2611 3256 2667 ἀπολαύουσα.

878 2698 1206 2767 ρυιεετιο
1255 2698 1463 2756 cexvr
1519 2698 1721 2771 [CoisL
1769 2700 2018 2769 CCXLV,
2058 2702 2223 2760 Timr.

1370 2793 1748 2867 ccxxxer

2967 2703 3306 2759 ΕΡΩΤΗΣΙΣ
3333 2703 3490 2770 Σῐφ.

834 2928 978 2980 Edita
1013 2942 1042 2977 ι
1071 2931 1368 2980 llontacutlo
1403 2930 1508 2992 (ep.
1543 2929 1650 2990 155,
1684 2929 1745 2978 ad
1778 2929 2027 2992 Εἰώθει,
2059 2945 2111 2994 p.
2149 2931 2350 3042 ιτδίιτι

2278 3008 2350 3042 nc.

2432 2929 2539 3041 -ἷιὲ
2563 2929 2712 2979 verba
2744 2930 2884 2989 Joan.
2922 2929 3176 2991 Baptista,
3211 2926 3380 2977 Matth.
3415 2939 3484 2987 tu,
3522 2925 3570 2975 11
3602 2939 3617 2987 ;
3650 2925 3800 2976 Marc.
3839 2938 3872 2988 ι,
3903 2925 3964 2986 7;

2278 3008 2351 3042 nc.
2379 3008 2449 3052 Ill,
2478 3008 2558 3042 ιο.

847 3074 1122 3130 Ριτεοοοὶε
1145 3075 1294 3130 illius
1323 3089 1510 3129 vocem
1573 3091 1682 3144 qna
1735 3075 2107 3146 proﬁtebatur,
2174 3095 2193 3128 ι
2229 3074 2346 3130 Non

2522 3073 2634 3145 Τὴν
2663 3072 2758 3126 τοῦ
2797 3074 3040 3145 κήρυκος
3064 3072 3271 3141 φωνὴν,
3302 3071 3425 3124 καθ’
3463 3072 3530 3142 ἢν
3558 3072 3766 3134 ἐκεῖνος
3801 3069 4017 3140 ἐκήρυτ-

777 3181 898 3222 sum
923 3166 1122 3236 dignus
1146 3166 1242 3236 qui
1264 3166 1472 3221 solvam
1494 3165 1786 3237 corrigiam
1813 3166 1978 3221 calcei
1995 3167 2134 3234 eius,
2169 3185 2189 3218 ι
2209 3168 2354 3235 quod

781 3273 813 3312 a
847 3269 900 3312 te
929 3257 1220 3327 quasitum
1245 3263 1349 3321 est,
1372 3254 1675 3311 secundum
1701 3256 1944 3323 diversas
1963 3257 2359 3310 consideratiu-

785 3365 884 3405 nes
906 3349 1214 3418 expositum
1241 3348 1555 3419 invenimus
1586 3357 1754 3403 :sunt
1779 3347 1875 3418 qui
1899 3363 2004 3401 non
2028 3348 2203 3402 solum
2227 3363 2357 3416 pro-

781 3442 907 3512 pius
921 3439 989 3494 ad
1007 3455 1250 3508 scopum,
1269 3451 1437 3508 utego
1451 3438 2094 3502 arbitror,acceduut,sed
2109 3447 2163 3493 et
2179 3439 2246 3492 ad
2267 3453 2361 3491 vo-

783 3549 864 3588 CIS
895 3533 1300 3602 proprietatem,
1323 3533 1567 3586 calceum
1593 3539 1650 3585 et
1672 3530 1988 3602 corrigiam,
2009 3531 2063 3584 lii
2086 3545 2194 3584 non
2213 3530 2361 3583 aliud

787 3625 1095 3694 intelligunt
1118 3638 1282 3693 quam
1312 3639 1434 3693 quae
1463 3609 1824 3678 communiter
1852 3623 1905 3676 in
1945 3621 2220 3676 communi
2261 3636 2364 3676 usu

785 3714 964 3786 posita
988 3729 1108 3769 esse
1122 3714 1303 3769 sciunt
1324 3732 1339 3769 :
1361 3725 1414 3769 et
1435 3728 1530 3784 per
1545 3713 1664 3768 illas
1688 3726 1845 3768 voces
1868 3711 2051 3767 volunt
2071 3712 2362 3781 Baptistam

788 3807 1088 3876 intelligere
1105 3806 1362 3876 baptizati
1401 3806 1546 3860 illius
1564 3805 1960 3871 excellentiam,
2005 3807 2122 3860 sine
2141 3819 2366 3873 compa-

788 3898 1004 3954 ratione
1026 3897 1517 3953 transcendentem.
1547 3898 1676 3953 Scio
1696 3898 1866 3957 enim.
1882 3898 2078 3966 inquit,
2095 3897 2247 3951 illum
2267 3910 2367 3967 ego

792 3999 903 4044 tam
946 3988 1232 4043 excellenti
1255 4003 1379 4044 esse
1410 3988 1677 4058 dignitate
1708 3990 1991 4059 praeditum
2045 4004 2214 4060 supra
2253 4002 2371 4042 me-

793 4078 1125 4148 ipsum,nou
1164 4076 1219 4132 in
1242 4087 1505 4134 quantum
1536 4091 1728 4133 servus
1747 4091 1777 4131 a
1805 4075 2028 4130 domino
2055 4076 2246 4141 distat,
2275 4074 2370 4130 sed

794 4170 843 4224 si
865 4184 987 4236 qua:
1017 4169 1123 4223 alia
1140 4176 1225 4224 eat
1243 4167 1546 4223 diﬂereutia
1582 4176 1638 4222 et
1656 4167 1937 4232 distantia,
1955 4181 2076 4236 qua:
2096 4182 2126 4220 a
2148 4167 2294 4220 nulla
2313 4181 2374 4221 re

795 4262 902 4318 alia
919 4272 1226 4333 superetur,
1245 4273 1419 4329 neque
1445 4267 1592 4314 certe
1609 4272 1711 4328 ego
1735 4272 1820 4312 me
1847 4257 1899 4311 in
1927 4271 2115 4312 eorum
2141 4271 2373 4312 numero

2455 3184 2566 3234 τεν,
2602 3185 2622 3218 ι
2659 3167 2776 3220 Οὐκ
2801 3165 2919 3232 εἰμὶ
2951 3164 3136 3226 ἱκανὸς
3162 3163 3322 3216 λῦσαι
3353 3164 3446 3216 τὸν
3493 3164 3694 3233 ἱμάντα
3747 3162 3847 3216 τοῦ
3901 3163 4016 3214 ὑκη-

2456 3260 2520 3328 δή
2530 3275 2695 3327 ματος
2709 3255 2892 3320 αὐτοῦ,
2907 3274 2926 3307 ι
2947 3257 3084 3324 ὅπερ
3113 3255 3276 3317 αὐτὸς
3290 3253 3653 3325 διηρώτησας,
3678 3255 3828 3307 κατὰ
3850 3253 4018 3320 διαςό-

2462 3367 2587 3422 ρους
2614 3349 2846 3419 θεωρίας
2870 3348 3284 3418 ὑπειλημμένην
3298 3346 3647 3416 εὑρίσκομεν.
3677 3348 3744 3400 υἱ
3781 3346 3884 3414 μὲν
3905 3346 4017 3414 γὰρ.

2459 3442 2521 3494 οῦ
2585 3440 2744 3511 μόνον
2773 3440 3092 3509 ἐγγύτερον,
3119 3433 3302 3506 οἶμαι,
3334 3437 3430 3490 τοῦ
3488 3437 3712 3498 σκοποῦ,
3757 3436 3896 3488 ἀλλὰ.
3941 3436 4018 3486 καὶ

2462 3534 2678 3595 οἰκείως
2703 3532 2802 3602 τῆς
2835 3531 3054 3597 λέξεως,
3091 3529 3350 3598 ὑπόδημα
3368 3531 3463 3580 καὶ
3488 3528 3684 3597 ἱμάντα.
3725 3528 3828 3596 οὐχ
3852 3527 4017 3593 ἕτερόν

2464 3642 2518 3677 τι
2546 3623 2679 3694 παρ’
2708 3623 2738 3675 ὃ
2791 3622 2936 3676 κατὰ
2959 3619 3146 3691 κοινὴν
3188 3620 3382 3691 χρῆσιν
3414 3619 3646 3684 ἅπαντες
3687 3622 3892 3680 ἴσασιν,

2463 3718 2603 3770 αὑτά
2664 3717 2855 3769 ἐκεῖνα
2907 3715 3227 3784 νενομίκασι
3257 3730 3274 3745 ⁸
3308 3713 3404 3766 καὶ
3449 3712 3540 3766 τὸν
3586 3712 3903 3780 Βαπτιστὴν
3946 3711 4020 3761 διὰ

2465 3806 2669 3860 τούτων
2690 3804 3088 3872 ἀποφαίνεσθαι
3126 3803 3190 3857 τὸ
3210 3803 3334 3856 καθ’
3367 3802 3641 3873 ὑπεροχὴν
3662 3801 3759 3855 τοῦ
3781 3801 4018 3871 βαπτιζο-

2471 3898 2631 3968 μένου
2651 3897 3004 3968 ἀσύγκριτον.
3031 3894 3298 3949 Τοσοῦτον
3329 3894 3438 3966 γὰρ
3478 3897 3704 3957 εκεῐνον,
3732 3895 3890 3962 φησι,
3912 3909 4018 3945 συν·

2469 3986 2767 4056 επίσταμαι
2791 3988 2850 4040 ιν
2876 3987 3124 4056 ὑπεροχῇ
3151 3983 3417 4053 μεγέθους
3458 3985 3554 4038 καὶ
3585 3981 3917 4050 ἀξιώματος,
3939 3980 4020 4048 οὐχ

2469 4079 2594 4132 ὅσον
2611 4081 2730 4131 ἐστὶ
2743 4077 2806 4131 τδ
2823 4078 2986 4147 μέσον
3001 4075 3218 4130 δοῦλονι
3234 4077 3328 4130 καὶ
3337 4075 3629 4138 Δεσπότου,
3644 4074 3783 4128 ἀλλὰ
3797 4073 4021 4132 utsin;

2472 4171 2607 4240 ἄλλη
2634 4169 2869 4241 διαφορὰ
2904 4169 3002 4222 καὶ
3025 4169 3310 4230 διάστασις
3327 4166 3517 4237 μηδενὶ
3538 4167 3711 4236 ἑτέρῳ
3744 4163 4024 4234 ὑπερϐολὴν

2473 4261 2864 4315 ἀπολείπουσαο
2893 4257 3016 4313 οὐδὲ
3036 4257 3170 4329 γὰρ,
3197 4257 3306 4311 οὐδ’
3338 4258 3419 4319 είς
3439 4256 3539 4327 τὴν
3565 4257 3794 4310 ἁπασῶν
3815 4255 4024 4325 ἐσχάτην

797 4369 1079 4422 reponam,
1107 4353 1201 4423 qui
1237 4352 1388 4406 illum
1411 4352 1596 4406 inlima
1620 4351 1944 4421 contingunt
1980 4350 2280 4417 servitute;
2320 4352 2350 4405 ii

2474 4352 2720 4407 δουλείαν
2757 4351 2905 4416 ἄξιον
2936 4351 3175 4420 ἐμαυτὸν
3203 4348 3496 4412 ἐτάζεσθαι
3542 4347 3733 4418 τίθημι
3756 4365 3771 4378 ·
3807 4346 4022 4401 τοιοῦτον

798 4449 943 4501 enim
967 4446 1221 4510 indicat,¢
1254 4444 1479 4500 Solvere
1494 4444 1789 4515 corrigiam
1815 4442 2344 4499 calceamenti.iSun

2432 4425 2585 4513 ’γὰρ
2631 4442 2714 4505 τὸ,
2755 4459 2773 4492 ι
2814 4441 2979 4494 Λύειν
3029 4439 3230 4510 ἱμάντα
3280 4436 3376 4490 τοῦ
3429 4437 3794 4505 ὑποδήματος.
3835 4454 3853 4486 ι
3885 4434 3944 4486 0t
3976 4431 4020 4482 δὲ

802 4538 896 4606 qui
921 4538 1093 4606 magis
1117 4536 1294 4589 adhuc
1323 4534 1623 4588 secundum
1652 4548 1951 4602 anagogen,
1975 4535 2133 4586 calcei
2154 4533 2373 4587 nomine

804 4629 1067 4683 mundum
1093 4637 1409 4697 supponunt
1434 4645 1449 4692 ;
1479 4626 1766 4696 corrigiam
1806 4635 1986 4680 autem
2010 4628 2374 4694 interpretan-

806 4732 894 4776 tur
923 4720 1324 4791 speculationcs
1354 4721 1408 4772 in
1437 4719 1640 4772 mundo
1686 4719 1833 4772 illius
1862 4719 2004 4772 modi
2036 4733 2157 4788 quae
2185 4731 2378 4787 appre-

809 4816 1129 4869 hcnsioncm
1167 4814 1363 4867 habent
1430 4813 1572 4866 haud
1633 4811 1788 4866 facile
1827 4811 2224 4873 inveniendum,
2283 4808 2378 4863 sed

809 4910 1026 4964 vinculo
1058 4909 1379 4977 ignorantiae
1414 4907 1694 4961 insolubili
1725 4906 2197 4972 ευηειιήιιέυηιυιο.
2223 4898 2382 4954 Hunc

808 5003 933 5057 Jrsn
967 5004 1207 5058 calceum
1236 5009 1548 5070 supponunt
1572 5014 1713 5063 esse,
1762 5004 2048 5067 propterea
2105 4994 2269 5064 quod,
2302 4993 2389 5046 iu-

2474 4533 2961 4600 ἁναγωγικώτερον
3019 4531 3170 4591 ἴσως,
3211 4528 3494 4597 ὑπόδημα
3546 4529 3645 4597 μὲν
3695 4527 3790 4580 τδν
3847 4525 4022 4592 κόσμον

2477 4624 2845 4683 ὑποτίθενται,
2883 4621 3098 4690 ἱμάντα
3127 4623 3182 4675 δὲ
3230 4622 3339 4673 τῶν
3381 4623 3438 4672 ὲν
3485 4620 3634 4690 αὐτῷ
3681 4618 4020 4688 θεωρημάτων

2477 4715 2577 4767 ὃσα
2633 4712 2958 4780 δυσεύρετον
3001 4711 3116 4780 ἔχει
3172 4712 3271 4780 τὴν
3313 4710 3638 4778 κατάληψιν,
3671 4709 3766 4761 καὶ
3819 4709 3907 4759 τὸν
3945 4703 4021 4769 τῆς

2482 4807 2706 4875 ἀγνοίας
2763 4805 2961 4872 δεσμὸν
3002 4804 3193 4856 ἄλυτον
3220 4818 3234 4832 ⁸
3283 4803 3344 4854 ὃν
3393 4801 3649 4870 ὑπόδημα
3692 4798 3901 4852 ποιοῦσι
3946 4789 4020 4845 τοῦ

2495 4897 2689 4966 Ἰησοῦ,
2720 4896 2802 4947 ὅτι
2834 4893 3122 4955 διαπαντὸς
3155 4892 3342 4952 αὑτοῦ,
3365 4891 3558 4960 φασὶν,
3593 4891 3627 4960 ἡ
3667 4887 3901 4957 Πρόνοια
3926 4885 4020 4936 δια·

2482 4988 2783 5057 πεφοίτηκε
2813 5026 2829 5052 ,
2881 4988 2977 5040 καὶ
3028 4986 3148 5039 ὂλον
3195 4985 3360 5037 αὑτὸν
3409 4984 3524 5053 εχει
3573 4979 3881 5052 περιλαων
3947 4972 4019 5026 καὶ

814 5099 1030 5165 qniunt,
1063 5094 1399 5149 Providentia
1428 5094 1600 5163 ipsius
1629 5093 1811 5145 omnia
1851 5098 2107 5159 permeet,
2140 5097 2194 5142 et
2214 5096 2350 5140 totur

2487 5079 2728 5150 συνέχων
2758 5096 2774 5111 ο
2829 5078 3030 5147 μᾶλλον
3077 5078 3135 5131 δὲ
3183 5077 3304 5130 ποδὶ
3347 5075 3426 5145 τῷ
3479 5074 3664 5142 οἰκείῳ
3693 5071 3911 5126 διιθύνει
3949 5062 4022 5114 καὶ

817 5189 1078 5241 mumlum
1107 5187 1468 5256 amplectatur
1498 5193 1554 5238 et
1605 5184 1898 5238 contineat.
1959 5181 2144 5235 Potius
2206 5187 2350 5232 auter

2489 5175 2648 5245 φέρει
2680 5173 2976 5240 πανσόφως
3009 5186 3022 5201 ·
3060 5169 3361 5232 τουτέστιν,
3378 5167 3503 5220 οὐδὲ
3541 5166 3740 5232 πολλῆς
3769 5157 4019 5256 διεταισῆς

820 5281 1042 5350 proprio
1076 5279 1249 5348 ipsius
1280 5278 1415 5348 pede
1443 5277 1654 5346 regulat
1682 5283 1739 5329 et
1766 5273 1877 5344 agit
1912 5287 2035 5326 cum
2068 5284 2277 5324 summa
2303 5283 2392 5322 sa-

2488 5265 2574 5318 ἐπ’
2595 5262 2745 5333 αὐτῷ
2778 5260 2975 5332 βουλῆς
2998 5260 3096 5314 καὶ
3122 5259 3398 5330 προνοίας,
3417 5258 3554 5311 ἀλλὰ
3576 5256 3667 5309 διὰ
3689 5255 3788 5324 τῆς
3829 5249 4020 5319 ἐσχάτης

821 5337 1058 5441 pientis;
1091 5337 1200 5424 non
1233 5337 1356 5438 eget
1385 5368 1458 5421 ob
1488 5337 1540 5420 id
1568 5367 1766 5436 ipsum,
1801 5337 2032 5420 consilio
2092 5363 2266 5416 multo
2289 5375 2350 5414 au

2492 5360 2585 5412 καὶ
2618 5359 2934 5420 τελευταίας
2959 5353 3346 5423 imum-'71:.“
3379 5350 3699 5422 τηλικοῦτον
3747 5348 3840 5402 καὶ

824 5460 1052 5532 provida
1076 5474 1232 5524 cura,
1255 5458 1350 5514 sed
1379 5472 1476 5528 per
1498 5466 1798 5512 extremam
1837 5462 1892 5510 et
1930 5454 2172 5508 ultimam
2199 5453 2384 5521 inspe-

2491 5467 2584 5504 τον
2608 5451 2866 5519 συντηριῖ
2893 5465 2953 5502 τε
2981 5449 3078 5503 καὶ
3101 5446 3388 5518 διακοσμεῖ
3417 5442 3808 5516 φίλοτέχνημα.
3830 5434 3959 5502 Αὕτη
3977 5427 4019 5482 δι

2131 5626 2364 5685 VARIA‘I
2405 5625 2814 5684 LECTIONES.

925 5797 951 5825 ⁸
971 5800 1034 5856 C.
1069 5798 1139 5855 ll.
1166 5797 1270 5854 553
1295 5797 1332 5852 ί.
1356 5797 1424 5852 97
1450 5795 1658 5850 δούλου.
