4162 6442
156 443 250 511 981

1133 438 1232 498 AD
1262 430 1853 498 AMPHILOCHIUM
1870 423 2226 502 .QUIESTIO
2252 420 2495 483 CCXVI.

3273 423 3383 489 982

154 582 270 633 ὅσον
316 571 555 645 κομψείᾳ
608 574 715 626 τινὶ
755 569 1183 640 διεσχηματίσθη
1232 572 1267 641 η
1318 570 1586 643 περίνοια,
1616 568 1709 621 ἐπὶ

1827 562 2069 623 :tionem,
2107 571 2245 627 opus
2270 555 2478 625 optimo
2504 555 2685 610 studio
2740 554 2809 609 ab
2855 554 2974 625 ipso
3015 555 3375 622 elaboratum,

154 667 418 731 τοσοῦτον,
444 663 620 735 οἶμαι,
639 665 738 732 τῆς
763 661 993 731 ἀληθοῦς
1024 660 1712 731 ἐννοίαςδιὲστηκεν.”Ετεο

158 779 236 831 pot
260 760 316 813 δὲ
344 775 487 820 τινες
512 756 793 823 ὑπόδημα
840 756 936 824 μὲν
966 754 1064 823 τὴν
1109 753 1306 821 σάρκα
1352 753 1714 822 σημαίνεσθαι

158 848 377 920 (ταύτην
422 849 532 918 γὰρ
563 849 593 901 ὁ
644 848 835 915 Λόγος
867 845 1060 909 ὑπέδυ,
1120 846 1307 915 φασιν)
1343 864 1358 878 ·
1392 844 1606 914 ἱμάντα
1655 843 1713 895 δὲ

154 942 521 1013 γεγενημένην
552 942 660 994 τῶν
708 938 922 1010 φύσεων
949 941 1084 1010 πρὸς
1114 938 1364 1007 ἀλλήλας.
1398 937 1711 1001 συνάφειαι),

154 1038 217 1105 ἢν
244 1038 271 1089 ὸ
306 1034 613 1105 Προδρομος
641 1035 743 1086 οὐκ
789 1033 1071 1101 ἀπετόλμα
1108 1031 1279 1092 λύειν,
1325 1028 1432 1082 οὐδ’
1462 1030 1577 1081 ὅσοι
1616 1028 1713 1094 τῆς

156 1128 359 1180 ἐκείνου
384 1125 729 1188 διδασκαλίας
752 1126 1035 1194 κατήκοοι.
1066 1122 1199 1174 Οὐδὲ
1235 1121 1363 1189 γάρ,
1409 1118 1529 1171 οὐδὲ
1557 1119 1715 1186 θεμι-

153 1217 244 1269 τὸν
270 1218 490 1280 ἀτόποις
536 1217 767 1278 ἐννοίαις
807 1217 929 1269 κατ’
989 1212 1125 1267 ἰδίαν
1161 1211 1365 1281 σχίζειν
1416 1210 1750 1275 ὑπόστασιν,

155 1307 259 1359 ἀπὺ
289 1306 382 1359 τοῦ
401 1308 593 1374 Λόγου
620 1304 682 1358 τδ
710 1305 1066 1374 πρόσλημμα.
1107 1302 1293 1355 ’Λλλοι
1325 1300 1381 1353 δὲ
1408 1298 1560 1367 παρά
1589 1296 1717 1351 τού-

154 1415 303 1461 τους,
338 1398 436 1467 οὐχ
469 1396 654 1459 ἁπλῶς
711 1398 811 1465 τὴν
843 1394 1195 1463 σάρκα,ἀ).λ’
1234 1392 1404 1462 αὐτὴν
1432 1391 1531 1462 τὴν
1570 1390 1720 1458 σάρ-

156 1500 364 1551 ιωσιν,
395 1487 489 1540 καὶ
512 1487 609 1558 τὴν
634 1485 1110 1553 ἐνανθρώπησιν,
1153 1483 1434 1552 ὑπόδημα
1460 1485 1721 1552 νενοήκα-

158 1595 242 1631 σιν
267 1593 284 1609 ’
325 1577 566 1647 Ἰμάντα
596 1576 674 1639 δὲ,
708 1577 769 1629 οὐ
820 1576 1118 1645 συνάφειαν
1162 1573 1400 1643 φύσεων,
1435 1570 1573 1625 ἀλλά
1611 1569 1721 1623 τῶν

157 1669 287 1740 περὶ
312 1668 411 1735 τὴν
450 1668 728 1739 σάρκωσιν
754 1669 850 1721 καὶ
895 1667 994 1738 τὴν
1031 1664 1445 1736 ὲνανθρώπησιν
1477 1665 1718 1736 ἀπόρων,

156 1762 250 1813 καὶ
294 1760 587 1829 λογισμοὺς
635 1758 1008 1828 ἀνθρωπίνους
1060 1756 1521 1827 ὑπερὸεόηκότων
1556 1796 1573 1820 ,
1628 1755 1719 1808 τὸν

158 1850 457 1919 σύνδεσμον
487 1845 594 1904 ’ὧν
615 1849 715 1919 τὴν
744 1850 992 1901 ἐπίλυσιν
1034 1850 1129 1901 καὶ
1159 1847 1483 1917 σαφήνειαν,
1512 1846 1612 1917 οὐχ
1640 1847 1721 1899 ὅτι

1817 653 1925 708 tale
1961 666 2085 705 cum
2116 649 2186 703 sit
2208 656 2264 703 et
2284 656 2516 713 tantum,
2572 656 2859 702 conservat
2882 656 2937 701 et
2963 656 3214 702 exornat.
3253 645 3380 703 Haec

1814 753 1992 799 autem
2018 739 2309 810 expositio.
2362 755 2471 808 quo
2508 739 2685 804 magis
2732 747 2930 792 ornatu
2980 739 3215 807 quodam
3268 739 3381 793 elli-

1814 836 2009 906 giatur,
2036 846 2122 897 eo,
2149 830 2366 899 opinor,
2386 829 2589 884 recedit
2621 827 2833 897 longius
2872 841 2899 879 a
2937 829 3182 880 veritatis
3206 830 3380 880 inlx-n-

1815 926 1981 980 tione.
2013 923 2113 976 Alii
2150 931 2279 976 sunt
2311 922 2403 990 qui
2434 936 2529 989 per
2579 918 2834 982 calceum,
2894 919 3195 988 intellignn-
3266 937 3377 972 cav—

1815 1034 1930 1071 nem
1956 1014 2266 1085 signiﬁcari,
2295 1028 2457 1080 quam
2490 1012 2747 1065 nimirum
2775 1011 2878 1065 sibi
2910 1011 3081 1065 induit
3120 1011 3338 1064 Verbum
3365 1028 3382 1073 ;

1816 1107 2098 1177 corrigiam
2135 1116 2314 1159 autem
2356 1112 2672 1156 naturarum
2726 1100 3032 1154 adinvicem
3086 1102 3383 1154 connexio-

1818 1214 1962 1263 nem,
1992 1213 2153 1267 quam
2190 1208 2531 1264 nequaquam
2566 1193 2655 1246 ille
2684 1191 2994 1246 Prmcursor
3022 1193 3235 1246 solvere
3284 1208 3385 1245 au-

1819 1289 1996 1352 debat,
2049 1288 2248 1342 nedum
2300 1285 2562 1339 doctrina:
2610 1284 2787 1353 ipsius
2844 1284 3145 1337 auditores.
3200 1284 3388 1351 Neque

1820 1381 1963 1436 enim
1989 1379 2069 1434 fas
2131 1376 2440 1453 cuicunque
2486 1374 2590 1428 fuit
2639 1390 2729 1442 per
2779 1374 3043 1428 absurdas
3102 1374 3388 1443 opiniones

1822 1470 2091 1541 quaslibet
2156 1468 2372 1537 propria
2412 1465 2732 1520 auctoritate
2804 1465 3012 1518 solvere
3066 1464 3387 1535 hypostasin

1822 1564 1967 1618 illam
2007 1577 2169 1630 quam
2197 1557 2492 1627 assumpsit
2519 1556 2620 1611 sibi
2661 1554 2899 1610 Verbum.
2934 1556 3116 1625 Aliqui
3161 1557 3229 1609 ab
3268 1556 3390 1609 istis

1831 1657 1922 1712 alii
1947 1672 2052 1710 non
2083 1650 2407 1721 simpliciter
2453 1664 2682 1712 carnem,
2711 1648 2805 1702 sed
2834 1648 3007 1717 ipsam
3042 1656 3098 1702 et
3135 1648 3390 1699 incarna-

1826 1744 2039 1805 tionem,
2079 1747 2132 1793 et
2158 1735 2549 1792 humanitatem
2583 1746 2892 1804 susceptam
2943 1735 3179 1787 calceum
3218 1734 3392 1789 inter-

1826 1842 2108 1907 pretantur
2152 1849 2165 1885 :
2226 1831 2530 1901 corrigiam,
2584 1843 2693 1882 non
2737 1834 3054 1881 naturarum
3108 1826 3389 1889 unionem,

156 1945 309 2007 τινὰς
326 1916 434 1998 τῶν
455 1916 895 2004 πολλῶν-ἑαυτοῖς
928 1940 1242 2012 ἐπιτρέπειν
1265 1916 1370 2011 χρὴ
1392 1940 1485 1993 καὶ
1506 1956 1726 2011 περιερο

1827 1925 2301 1996 gedqnaastionum
2340 1924 2555 1977 illarum
2586 1928 2641 1975 et
2691 1919 3003 1983 dubiorum,
3061 1933 3185 1989 quin
3243 1916 3391 1972 circa

156 2034 444 2103 γάζεσθαι,
475 2034 591 2088 ἀλλ’
620 2033 863 2102 ἀκριϐῶς
917 2035 1138 2085 κάκεῖνο
1169 2030 1621 2097 συνεπίστασθαι,
1644 2030 1721 2093 ὡς

157 2125 276 2178 οὐδὲ
303 2127 414 2189 τοῖς
435 2125 578 2177 κατά
618 2124 893 2195 Ἰωάννην,
929 2123 985 2175 ἐν
1011 2140 1072 2176 τε
1120 2123 1318 2194 πράξει
1350 2123 1444 2175 καὶ
1495 2121 1719 2193 θεωρίᾳ,

156 2214 218 2268 τὸ
266 2213 468 2285 ὑψηλὸν
508 2219 604 2268 καὶ
633 2215 905 2286 μετέωρον
947 2215 1183 2283 ἔχουσιν,
1210 2216 1281 2267 ού
1313 2215 1412 2285 μὲν
1457 2210 1550 2269 οὖν
1602 2215 1722 2267 οὐδὲ

157 2304 390 2370 τούτοις,
411 2304 521 2358 τῶν
573 2306 899 2375 ἀπορρήτων
925 2304 953 2343 δ
982 2305 1205 2357 ἐκείνων
1250 2305 1313 2356 τδ
1350 2304 1578 2374 κρύφιον
1627 2303 1724 2356 καὶ

156 2396 609 2466 δυσκατάληπτον
659 2399 740 2459 είς
785 2396 986 2466 γνῶσιν
1046 2396 1321 2466 ἀφίκοιτο.
1362 2395 1535 2460 Δύτδς
1591 2395 1720 2464 γὰρ,

156 2489 187 2541 ὁ
225 2505 246 2540 ε
282 2484 497 2550 Μείζων
525 2488 584 2539 ὲν
616 2489 891 2555 γεννητοῖς
922 2486 1218 2555 γυναικῶν,
1252 2506 1272 2539 ι
1306 2486 1376 2540 δι’
1408 2482 1484 2540 ὧν
1516 2484 1591 2557 μὴ
1628 2486 1723 2539 δύ-

158 2579 353 2634 νασθαι
404 2582 575 2635 λύειν
626 2581 735 2635 τὸν
772 2580 986 2648 ἱμάντα
1034 2581 1373 2651 ὡμολόγησε,
1400 2580 1527 2651 μηδ’
1561 2578 1725 2634 αὑτὸν

162 2672 347 2724 ἱκανὸν
371 2670 438 2725 ἂν
464 2672 717 2740 γενέσθαι
751 2672 1080 2743 παρίστησιν
1114 2673 1183 2725 τὰ
1214 2671 1438 2725 τοιαῦτα
1461 2672 1568 2725 τῶν
1592 2673 1726 2725 ἀπο-

161 2757 423 2827 ρημάτων
472 2759 852 2814 ἐπιλύσασθαι.
884 2761 1014 2812 Τίνα
1060 2760 1119 2813 δέ
1161 2761 1276 2812 ἐστι
1304 2758 1515 2824 satira;
1546 2759 1643 2823 Τίς
1687 2761 1721 2829 ἡ

161 2851 470 2918 τοῦ⁹Δόγου
525 2850 789 2917 κένωσιςς
848 2851 965 2915 πῶς
1011 2854 1039 2904 ὁ
1084 2851 1339 2921 Πλάστης
1382 2851 1596 2906 ἑνοῦται
1651 2850 1727 2921 τῷ

161 2940 475 3010 πλάσματι;
502 2940 772 3013 Παρθένος
810 2942 867 2994 δὲ
897 2944 1014 3004 πῶς
1037 2942 1103 2995 ἂν
1133 2944 1306 3006 τέκοι,
1337 2945 1434 2996 καὶ
1480 2943 1579 3015 τὴν
1617 2944 1726 2997 τῶν

161 3031 369 3085 ὠδίνων
394 3032 545 3085 λύσιν
575 3035 846 3103 σφραγῖδα
895 3035 993 3104 τῆς
1024 3034 1352 3103 παρθενείας
1399 3036 1723 3105 ποιήσαιτος

162 3122 283 3185 πῶς
306 3122 467 3191 ὄγκον
494 3124 632 3194 ἔχων
668 3127 696 3178 ὀ
723 3125 912 3196 Σωτὴρ
939 3126 1032 3179 καὶ
1066 3127 1247 3195 σῶμα,
1284 3126 1557 3195 θαλάσσης
1583 3127 1725 3181 νῶτα

160 3213 440 3285 διέτρεχες
470 3216 584 3279 πῶς
613 3216 671 3268 δὲ
710 3218 863 3286 τάφῳ
909 3218 1002 3270 καὶ
1026 3217 1294 3288 κλείθροκ
1328 3219 1423 3271 καὶ
1469 3222 1729 3289 σφραγῖσι

163 3307 478 3377 περιέχεται
512 3308 755 3374 ςτούτων
784 3311 842 3363 δὲ
879 3310 1037 3363 πάλιν
1066 3312 1341 3380 ἀκινήτων
1388 3312 1728 3382 φυλαττομέ-

163 3416 275 3452 νων
318 3399 526 3451 ἐκεῖθεν
584 3401 944 3471 προέρχεταις
988 3396 1106 3453 εἶτα
1154 3401 1211 3453 δὲ
1244 3401 1339 3454 καὶ
1393 3400 1503 3454 τῶν
1552 3402 1731 3472 θυρῶν

163 3489 572 3560 κεκλεισμένων
614 3492 695 3554 εἰς
729 3491 925 3561 μέσους
968 3492 1095 3554 τοὺς
1141 3490 1413 3561 μαθητὰς,
1452 3493 1589 3562 μετά
1636 3492 1729 3546 τοῦ

164 3584 337 3638 αὑτοῦ
368 3584 639 3654 σώματος,
670 3587 1049 3655 ἐπιφαίνεται;
1081 3588 1175 3639 καὶ
1214 3586 1429 3655 πληγὰς
1472 3586 1565 3638 καὶ
1588 3585 1732 3655 τρώο

167 3695 285 3741 σεις
308 3676 401 3730 τοῦ
425 3676 669 3752 ἀπαθοῦς
694 3680 788 3731 καὶ
813 3679 1092 3749 ἀφθάρτου
1109 3677 1260 3746 ὄψεις
1289 3677 1614 3748 ἐξερευνῶσι
1638 3677 1733 3731 καὶ

164 3769 456 3835 δάκτυλοι;
488 3768 690 3841 βρῶσις
734 3770 793 3821 δὲ
834 3770 929 3821 καὶ
979 3768 1136 3832 πόσις
1176 3767 1253 3837 τῷ
1297 3768 1588 3839 ἀπροσδεεῖ
1640 3768 1735 3822 καὶ

166 3860 421 3932 ἀρεύστῳ
438 3873 461 3901 α
491 3862 606 3923 πῶς
629 3861 695 3914 ἀν
723 3877 807 3924 τις
825 3860 1462 3932 ἐξείποιςδιαπράττεσθαι
1484 3858 1731 3929 σώματι;

166 3952 393 4007 Τούτων
438 3947 530 4005 οὖν
584 3953 676 4006 καὶ
723 3953 832 4005 τῶν
871 3952 1127 4005 τοιούτων
1184 3952 1399 4022 δεσμῶν
1448 3954 1548 4006 οὐκ
1588 3951 1736 4005 ἐστιν

166 4046 320 4106 ὅστις
359 4044 457 4112 οὐχ
486 4044 568 4096 ὃτι
602 4042 711 4095 τῶν
760 4043 971 4097 πολλῶν
1012 4045 1106 4097 καὶ
1151 4046 1443 4115 τυχόντων,
1475 4043 1589 4097 ἀλλ’
1622 4044 1734 4098 οὐδ’

167 4135 330 4197 εἴτις
348 4136 427 4197 είς
455 4136 555 4205 τὴν
590 4134 686 4187 τοῦ
725 4134 1039 4206 Προδρόμου
1078 4135 1229 4206 διέὸη
1259 4135 1559 4198 τελείωσιν,
1584 4135 1737 4188 οὐδὲν

170 4228 363 4295 σαφῶς
403 4227 501 4281 καὶ
547 4226 801 4297 καθαρῶς
856 4228 1192 4283 ἐπιλύσεται.
1238 4228 1378 4280 Ἀλλ’
1411 4227 1597 4297 ῑτερος
1640 4228 1739 4296 μιν

170 4321 306 4382 [σως
335 4319 521 4388 ἐτέρου
566 4321 678 4381 τοῖς
736 4319 1030 4389 ἀκροαταῖς
1057 4320 1174 4389 ἐρεῖ
1199 4335 1251 4371 τι
1275 4317 1742 4388 ψυχαγωγικῶτε-

174 4428 293 4480 ρον,
325 4411 418 4464 καὶ
429 4411 528 4480 τῆς
560 4410 760 4480 πολλῆς
780 4412 1015 4482 ἀπορίας
1035 4410 1383 4481 παραμύθιον
1398 4424 1414 4441 ·
1434 4412 1469 4480 ἠ
1490 4409 1548 4462 δὲ
1568 4408 1741 4479 χωρὶς

170 4502 458 4571 ἐσόπτρων
488 4501 584 4553 καὶ
604 4501 941 4569 αἰνιγμάτων
983 4502 1043 4553 ἐν
1094 4499 1307 4563 τούτοις
1351 4499 1598 4568 ἀλήθεια,
1632 4496 1741 4549 τῶν

1823 2018 2213 2073 humanitatem
2248 2016 2302 2069 in
2329 2027 2492 2069 carne
2527 2021 2855 2081 susceptam,
2898 2010 3198 2080 agitantur,
3266 2008 3390 2063 vin-

1822 2111 2002 2167 culum
2031 2118 2085 2164 et
2121 2105 2499 2170 annexionem,
2530 2120 2651 2173 qua:
2678 2112 2911 2157 mentem
2940 2117 3160 2155 omnem
3188 2100 3389 2154 huma-

1822 2216 1946 2255 nam
1973 2199 2130 2269 longe
2163 2205 2419 2266 superent
2452 2212 2466 2249 :
2493 2211 2722 2265 quarum
2754 2193 3118 2262 quaestionum
3166 2191 3396 2247 solutio-

1824 2308 1946 2348 nem
1976 2300 2030 2346 et
2058 2288 2492 2359 explicationem,
2524 2302 2630 2340 non
2668 2282 2834 2354 aliqui
2862 2300 2892 2338 e
2923 2282 3084 2353 vulgo
3115 2282 3215 2337 sibi
3240 2296 3395 2335 arro-

1822 2398 1951 2455 gare
2011 2382 2244 2445 debent,
2296 2389 2391 2433 aut
2441 2376 2715 2433 curiosius
2764 2375 2913 2429 circa
3000 2374 3219 2428 easdem
3274 2387 3396 2426 ver-

1824 2478 1931 2536 sari
1966 2517 1982 2543 ,
2038 2476 2131 2532 sed
2178 2473 2310 2528 illud
2358 2470 2627 2541 exquisite
2694 2466 2966 2537 imprimis
3020 2476 3393 2534 cognoscere,

1820 2571 1965 2643 quod
2014 2584 2112 2624 nec
2158 2565 2382 2622 Joannis
2446 2573 2759 2623 sectatores,
2830 2558 2924 2628 qui
2981 2557 3036 2611 in
3086 2556 3304 2610 actione
3337 2559 3394 2607 et

1824 2662 2272 2731 contemplatione
2338 2657 2567 2713 sublime
2632 2653 2762 2724 quid
2820 2660 2875 2704 et
2912 2649 3190 2706 excelsum
3236 2645 3395 2700 habe

1826 2756 1976 2819 bant,
2008 2752 2322 2807 abscondita
2343 2751 2457 2804 haec
2484 2757 2539 2803 ct
2569 2746 2656 2799 vix
2688 2739 3226 2811 comprehensibilia,
3245 2744 3395 2792 certe

1825 2845 2241 2917 inexplicabilia,
2277 2841 2663 2909 intelligebant.
2699 2836 2819 2903 Ipse
2851 2852 2870 2884 ι
2911 2831 3083 2901 Major
3112 2830 3255 2884 inter
3273 2842 3393 2882 om-

1827 2951 1923 2992 nes
1948 2951 1980 2991 e
2006 2934 2324 2989 mulieribus
2352 2939 2529 2994 natos,
2562 2946 2581 2978 ι
2620 2941 2744 2980 cum
2774 2924 3054 2993 prolitetur
3088 2936 3147 2976 se
3178 2920 3395 2975 solvere

1827 3028 2101 3096 indignum
2130 3040 2251 3080 esse
2276 3022 2559 3091 corrigiam
2593 3017 2777 3081 calcei,
2815 3014 3005 3069 eodem
3036 3022 3163 3067 actu
3223 3025 3396 3081 agno-

1826 3120 1930 3175 scit
1964 3133 2071 3173 non
2101 3130 2261 3187 posse
2293 3128 2352 3169 se
2418 3108 2685 3181 ejusmodi
2740 3106 2935 3162 dubias
2989 3104 3198 3159 solvere
3247 3114 3398 3169 quae-

1829 3212 2051 3267 stiones.
2089 3209 2153 3263 At
2183 3218 2432 3276 quaenam
2465 3202 2569 3257 illa:
2606 3196 2774 3253 sunt?
2800 3195 3058 3263 Quaenam
3085 3190 3251 3247 Verbi
3275 3190 3394 3243 exi-

1832 3298 2089 3356 nanitiol
2117 3298 2318 3352 Rerum
2349 3292 2614 3350 Conditor
2656 3302 2766 3359 quo
2828 3295 2984 3355 pacto
3038 3282 3115 3336 rei
3164 3279 3397 3336 condiue

1830 3392 2129 3449 adunitur!
2160 3405 2269 3460 quo
2317 3395 2476 3457 pacto
2513 3381 2781 3453 pepererit
2848 3376 3033 3446 Virgo,
3090 3384 3143 3428 et
3195 3383 3387 3441 partus

1829 3484 2077 3539 dolorum
2110 3479 2455 3540 minutionem,
2474 3473 2709 3543 sigillum
2743 3467 2991 3524 adhibuit
3019 3460 3392 3531 virginitatis?

1830 3574 2101 3647 quomodo
2152 3570 2427 3631 Servator,
2459 3566 2553 3637 qui
2610 3562 2823 3633 pondus
2860 3567 2914 3613 et
2945 3571 3143 3625 corpus
3188 3549 3398 3616 habuit,

1835 3642 1999 3722 maris
2030 3675 2241 3735 tergora
2286 3675 2451 3716 cursu
2507 3650 2853 3729 peragravit?
2901 3650 3173 3719 quomodo
3222 3642 3400 3712 sepul-

1833 3775 1950 3824 cro,
1969 3734 2223 3814 claustris
2238 3762 2293 3808 et
2305 3749 2494 3819 sigillis
2517 3747 2802 3801 tenebatur
2827 3740 3071 3794 inclusus
3086 3737 3176 3791 ?et
3205 3734 3395 3788 iisdem

1835 3852 1967 3921 ipsis
2006 3845 2244 3902 immotis
2276 3838 2581 3901 custoditis,
2615 3835 2741 3889 inde
2775 3827 3097 3903 egreditur?
3126 3824 3399 3895 quomodo

1834 3916 2027 3998 deinde
2055 3938 2211 3992 ostiis
2241 3934 2443 3990 clausis
2470 3930 2525 3983 in
2572 3926 2810 3983 medium
2836 3919 3100 3991 processit
3152 3916 3398 3985 discipu-

1835 4032 2033 4093 lorum,
2057 4042 2181 4083 cum
2213 4028 2400 4080 eodem
2433 4016 2703 4089 corpore?
2752 4012 3027 4084 quomodo
3062 4008 3269 4078 plagas,
3311 4006 3398 4058 in-

1835 4120 1978 4176 ﬂicta
2012 4119 2235 4172 vulnera
2287 4109 2643 4183 impassibilis
2680 4103 2931 4175 corporis
2967 4108 3020 4155 et
3075 4094 3400 4165 incorrupti-

1838 4210 1985 4277 bilis,
2014 4208 2156 4263 oculi
2197 4215 2253 4261 et
2279 4204 2430 4274 digiti
2483 4194 2937 4273 perscrutantur?
2993 4188 3278 4258 Quomodo
3329 4186 3403 4241 ci-

1838 4303 1940 4358 bus
1966 4312 2021 4356 et
2049 4309 2206 4370 potus
2236 4294 2519 4352 conferent
2591 4305 2699 4345 non
2753 4280 3036 4356 indigenti,
3068 4296 3171 4335 nec
3224 4278 3394 4332 ﬂuido

1839 4392 2074 4463 corpori,
2103 4389 2230 4460 quis
2286 4395 2465 4441 autem
2495 4382 2645 4438 ell‘ari
2672 4378 2886 4449 potest?
2929 4374 3055 4429 Haec
3104 4380 3285 4425 autem
3345 4375 3400 4422 et

1841 4485 2037 4542 similia
2064 4482 2301 4546 vincula,
2332 4492 2512 4539 nemo,
2555 4490 2664 4529 non
2700 4472 2886 4525 dixero
2917 4484 2947 4522 e
3004 4466 3165 4533 vulgo
3226 4460 3401 4515 homi-

170 4598 230 4649 ἐν
266 4551 368 4665 βίιῤ
398 4595 613 4648 πάντων
642 4551 857 4663 regis,
875 4551 1329 4660 ἀποκεχώρηκεν.
1359 4551 1534 4643 uin
1567 4551 1729 4641 ταῦτα

1843 4592 1971 4632 num
2004 4590 2058 4631 et
2089 4575 2219 4628 laece
2258 4570 2588 4640 promiscua,
2622 4565 2714 4619 sed
2744 4579 2809 4615 ne
2842 4559 3060 4628 quidem
3096 4556 3141 4609 si
3167 4555 3233 4607 ad
3261 4551 3404 4605 Prae-

2242 4661 2255 4665 -
2346 4661 2354 4665 -
2766 4653 2775 4665 .
2846 4653 2876 4665 .,
2975 4650 3003 4665 ,.
3226 4644 3378 4665 ,ΑΔΗ

172 4688 277 4756 μέν
306 4703 389 4738 σοι
413 4686 519 4738 τῶν
547 4687 685 4738 κατά
716 4686 935 4754 μνήμην
964 4683 1282 4753 σωζομένων
1309 4678 1461 4750 οἶμαι
1496 4680 1567 4733 τὰ
1595 4679 1737 4742 ἀξιο-

168 4780 435 4850 λογότερα
472 4777 684 4848 ἔγραψα
709 4793 723 4805 ⁸
769 4779 833 4829 σὺ
864 4776 907 4829 δ’
929 4776 1212 4845 ἐπικρίνας
1235 4774 1483 4844 στέργοις
1499 4773 1559 4825 τὸ
1583 4772 1739 4839 ἀμει-

170 4890 288 4927 νον.
331 4870 392 4924 Εί
419 4872 464 4924 δ’
488 4871 745 4940 ἐρυθριᾷς
772 4869 869 4937 τὴν
897 4866 1099 4935 κρίσιν,
1154 4864 1263 4933 ἐγώ
1298 4881 1379 4917 σοι
1425 4865 1487 4916 τὸ
1525 4862 1740 4932 πρῶτον

171 4966 275 5018 καὶ
320 4964 382 5017 τὸ
411 4964 715 5016 τελευταῖον
749 4961 857 5014 τῶν
901 4962 958 5012 ἐν
988 4960 1136 5027 μέσῳ
1177 4958 1496 5027 προτίθημι.
1541 4955 1614 5007 Τὸ
1644 4955 1741 5023 μὲν

170 5056 289 5124 γὰρ
319 5054 414 5106 καὶ
439 5054 537 5121 τῆς
578 5052 882 5111 ὑποθέσεως
918 5052 1011 5102 καὶ
1046 5048 1155 5099 τῶν
1190 5047 1448 5116 ῥημάτων
1470 5046 1615 5097 ἐστὶν
1662 5046 1741 5097 οἰ-

174 5148 457 5199 κειότατον
483 5161 498 5176 ο
553 5145 613 5197 τὸ
666 5145 723 5195 δὲ
781 5142 1090 5194 τελευταῖον
1142 5138 1250 5190 τῶν
1301 5138 1440 5191 κατὰ
1510 5137 1744 5207 θεωρίαν

174 5239 435 5308 εὑρήσεις
456 5236 877 5304 ἀναλογώτερον.
916 5235 1186 5303 Ἕρρωσο.

1842 4666 2084 4723 cursoris
2136 4661 2519 4734 perfectionem
2581 4653 2883 4710 ascenderit
2938 4649 3174 4716 aliquis,
3225 4644 3402 4713 plane,

1844 4760 2007 4821 clare,
2032 4767 2083 4809 et
2111 4756 2392 4823 perspicue
2428 4749 2650 4803 solverit
2686 4763 2699 4799 :
2738 4744 2848 4797 lieri
2881 4751 3060 4795 autem
3111 4746 3309 4806 potest,
3342 4744 3403 4786 ut

1846 4865 1985 4903 unus
2008 4848 2197 4910 altero,
2234 4845 2372 4911 apud
2404 4842 2702 4901 auditores,
2730 4835 2859 4904 quid
2907 4831 3080 4900 magis
3112 4830 3175 4882 ad
3211 4829 3407 4880 auium:

1847 4944 2107 5001 solamen,
2137 4937 2354 4998 dixerit,
2386 4944 2440 4989 et
2464 4936 2515 4987 in
2546 4929 2877 4985 dillicultatis
2935 4920 3251 4989 multiplicis
3307 4934 3406 4971 ex—

1847 5028 2169 5103 peditionem
2202 5046 2215 5081 :
2247 5028 2446 5080 veritas
2470 5034 2649 5078 autem
2683 5021 2736 5073 in
2761 5018 2878 5073 istis
2921 5016 3036 5069 sine
3070 5011 3303 5080 speculis
3353 5016 3409 5061 et

1849 5122 2152 5191 aanigmatis
2185 5122 2323 5173 ultra
2357 5118 2526 5185 ipsius
2585 5115 2707 5166 vine
2762 5109 3026 5162 terminos
3077 5113 3406 5157 removetur.

1851 5218 2026 5286 Atque
2062 5216 2131 5268 ita
2190 5213 2283 5266 tibi
2321 5224 2505 5263 earum
2537 5204 2936 5274 expositionum
2985 5212 3106 5266 quae
3149 5195 3412 5247 mandan-

1854 5320 1941 5361 tur
1969 5305 2261 5365 memorize,
2312 5300 2608 5369 praecipuas
2648 5293 2916 5349 enarravi.
2961 5289 3063 5351 Tu,
3114 5288 3254 5341 facta
3280 5286 3397 5339 dis-

175 5412 458 5476 cussione,
494 5412 753 5479 optimam
785 5410 1128 5479 amplectere.
1159 5406 1313 5473 Qnod
1376 5406 1421 5461 si
1475 5401 1737 5473 judicium
1797 5398 2139 5465 interponere
2205 5390 2610 5451 verecunderis,
2640 5402 2741 5456 ego
2770 5387 3005 5455 primam
3042 5390 3208 5449 atque
3274 5377 3400 5431 ulti-

180 5524 332 5563 mam
375 5506 579 5558 catteris
611 5469 892 5572 praepono:
933 5499 1066 5555 Nam
1088 5514 1276 5554 earum
1346 5469 1631 5551 una—cum
1692 5498 2009 5560 argumento
2047 5486 2313 5554 subjecto,
2378 5490 2433 5535 et
2474 5495 2599 5534 cum
2670 5477 2850 5532 verbis
2914 5476 3174 5545 majorem
3247 5469 3408 5523 habet

178 5598 541 5657 inﬁnitatem;
590 5602 915 5660 postremam
946 5591 1180 5661 reperies
1214 5587 1385 5658 magis
1408 5588 1473 5640 ad
1498 5581 1973 5651 contemplationis
2007 5576 2315 5646 analogiam
2349 5572 2661 5627 facientem.
2702 5566 2847 5622 \alc.

1489 5735 1718 5795 VARI/[‘3
1747 5730 2138 5788 LECTIONES.

261 5868 289 5909 δ
314 5867 379 5932 ϐ,
420 5866 487 5923 Μ.
516 5864 955 5940 ἀπορρηθέντων.
1038 5874 1060 5902 ε
1099 5860 1199 5932 leg.
1232 5854 1535 5930 ἀρῤεύστῳ.
1567 5852 1629 5909 C.
1655 5849 1727 5905 Μ.
1765 5846 2056 5917 ἐναρέστῳ.
