4162 6442
769 416 873 482 983

873 531 1200 602 ρυιεδτιο
1247 532 1475 589 CCXVII
1512 533 1722 608 [CoisL
1747 533 2026 603 CCXLVI,
2062 536 2224 592 Taur.

1343 626 1743 698 ccxxxvu].

1146 717 1223 772 De
1275 718 1575 786 cli/lemma
1630 720 1937 788 imaginum.

1911 423 2173 484 PHOTII
2221 425 2720 488 PATRUIRCIIB
2749 427 2858 488 (ΞΡ.

2945 535 3275 590 ΕΡΩΤΠΣΙΣ
3318 534 3455 592 ΣΙΖ⁸.

2819 713 2957 782 Περὶ
3006 711 3294 782 διαφορᾶς
3319 713 3588 768 εἰκόνων.

1622 832 1764 883 Edita
1786 849 1814 884 a
1839 833 2136 884 lontacutio
2162 834 2268 898 (ep.
2303 831 2412 893 154,
2437 833 2498 882 ad
2525 833 2665 884 Joan.
2688 833 2936 896 Spatium,
2965 848 3014 897 p.
3036 835 3143 892 I78,
3171 833 3303 893 180).

837 941 953 995 Non
977 942 1214 998 detrahit
1244 944 1450 1016 aliquid
1509 943 1715 1000 Christi
1772 945 2016 1017 imagini,
2071 947 2118 1004 si
2155 945 2329 1001 Filius
2355 957 2408 1017 Α

2500 942 2662 998 οὐδὲν
2691 945 3002 1015 λυμαίνεται
3031 948 3096 1015 τῇ
3140 944 3307 998 εἰκόνι
3339 941 3576 1014 Χριστοῦ
3595 984 3612 1006 ,
3652 945 3715 997 τδ
3744 944 3997 1013 λέγεσθαι

768 1035 980 1090 dicatur
1024 1051 1149 1090 vera
1171 1034 1354 1091 Patris
1381 1037 1581 1107 imago,
1624 1046 1741 1103 aut,
1768 1037 1932 1093 homo
1979 1054 2105 1094 vere
2153 1037 2329 1094 factus

769 1126 835 1178 ad
870 1127 1154 1198 imaginem
1185 1127 1324 1182 Dei:
1363 1145 1431 1184 ne
1455 1137 1569 1185 tum
1619 1131 1666 1186 si
1725 1130 2051 1185 aﬂlrmamus
2100 1145 2197 1185 eos
2238 1131 2333 1199 qui

771 1217 1068 1270 secundum
1106 1217 1360 1271 virtutem
1407 1219 1613 1284 vivunt,
1643 1220 1708 1275 ad
1738 1236 1920 1276 veram
1957 1221 2160 1276 Christi
2198 1222 2335 1275 ima-

772 1305 952 1373 ginem
983 1303 1334 1360 conformari.
1365 1306 1482 1361 Non
1510 1310 1658 1364 enim
1688 1321 1745 1364 ut
1769 1312 2084 1364 traducatur
2138 1309 2332 1376 imagi-

771 1395 857 1446 nis
874 1395 1180 1460 artiﬁcium,
1199 1396 1299 1452 hoc
1315 1399 1514 1454 dicitur
1531 1418 1547 1463 ;
1573 1416 1679 1454 non
1693 1411 1750 1454 ut
1766 1401 2100 1454 mendacium
2119 1399 2337 1468 imagini

769 1486 1060 1541 atl'ricetur:
1079 1489 1171 1543 sed
1188 1497 1244 1542 ut
1258 1490 1344 1544 illa
1361 1507 1482 1560 qua:
1497 1491 2343 1561 interceditdiversitasintelliga-

769 1586 876 1629 tur.
891 1575 1006 1632 Non
1018 1579 1161 1632 enim
1176 1594 1300 1634 cum
1322 1579 1518 1636 Filium
1539 1598 1718 1637 veram
1733 1583 2049 1652 sapientiam
2077 1583 2328 1637 nomina-

2435 1037 2527 1090 τὸν
2563 1037 2689 1090 Υἰδν
2728 1038 2986 1110 ἀληθινὴν
3051 1038 3237 1092 εἰκόνα
3284 1036 3379 1091 τοῦ
3413 1036 3646 1107 Πατρδς,
3684 1037 3720 1108 ἢ
3751 1037 3852 1090 τὸν
3908 1040 3999 1091 ἂν·

2441 1125 2655 1195 θρωπον
2681 1126 2895 1196 ἀληθῶς
2924 1127 3046 1181 κατ’
3091 1127 3277 1180 εἰκόνα
3319 1127 3648 1196 γεγενῆσθαι
3701 1125 3848 1180 Θεοῦ
3881 1143 3899 1158 ο
3945 1130 4000 1179 οὐ

2437 1219 2542 1287 μὴν
2571 1217 2682 1271 οὐδ’
2701 1216 2951 1272 ἐπειδ’ἃν
2974 1217 3241 1288 λέγωμεν,
3272 1218 3399 1281 τοὺς
3428 1219 3548 1272 κατ’
3569 1217 3782 1288 ἀρετὴν
3816 1218 3999 1287 βεδιω-

2435 1309 2599 1370 κότας
2643 1309 2740 1377 τὴν
2773 1307 2945 1378 ἀληθῆ
2995 1307 3334 1378 μορφοῦσθαι
3375 1309 3560 1362 εἰκόνα
3618 1309 3888 1379 Χριστοῦ.
3926 1311 3996 1362 οὐ

2436 1399 2546 1467 γὰρ
2593 1399 2688 1453 ἐπὶ
2736 1399 2955 1470 διαϐολῇ
3015 1399 3114 1468 τῆς
3169 1399 3436 1469 τεχνητῆς
3476 1398 3505 1438 ἀ
3560 1399 3774 1462 εἰκόνος
3834 1399 3999 1452 ταῦτα

2436 1489 2671 1556 λέγεται,
2707 1489 2816 1543 οὐδ’
2846 1489 2936 1543 ίνα
2964 1488 3155 1558 ψεῦδος
3182 1491 3323 1559 αὐτῇ
3351 1489 3713 1559 ἐπιγράφοιτο
3741 1505 3760 1519 ·
3785 1487 3909 1542 ἀλλ’
3933 1488 3999 1548 ὡς

2438 1581 2505 1634 ἂν
2550 1580 2726 1633 αὐτῶν
2765 1580 2800 1650 ἡ
2869 1579 3004 1650 πρὸς
3054 1579 3257 1649 ἄλληλα
3277 1582 3512 1652 διαφορά
3559 1579 3997 1649 infimum.

770 1683 911 1732 unus,
939 1669 1260 1738 sapientiam
1288 1685 1319 1725 a
1351 1672 1550 1726 divinis
1569 1674 1805 1728 oraculis
1832 1673 2206 1738 eliminamus;
2232 1673 2325 1726 sed
2432 1674 2456 1726 (

2438 1673 2566 1726 Οὐδὲ
2603 1674 2729 1742 γὰρ,
2757 1672 2869 1726 οὐδ’
2890 1671 3021 1725 ὅταν
3057 1671 3151 1724 τὸν
3183 1671 3313 1726 Υίὸν
3331 1671 3592 1742 ἀληθινὴν
3616 1671 3821 1740 σοφίαν
3840 1689 3998 1742 προσ-

768 1774 870 1813 nec
895 1774 1020 1814 cum
1047 1761 1220 1816 lucem
1259 1779 1465 1825 veram.
1499 1767 1665 1819 vitam
1695 1781 1898 1830 veram,
1929 1765 2184 1826 dicimus,
2235 1762 2324 1816 Iu-
2427 1784 2456 1816 α

2438 1765 2796 1834 ιγορεύωμεν,
2807 1765 2908 1835 τὴν
2924 1765 2986 1817 ἐκ
3000 1764 3108 1817 τῶν
3123 1763 3285 1818 θείων
3303 1763 3534 1834 Γραφῶν
3551 1763 3742 1832 σοφίαν
3753 1763 3857 1834 τῆς
3873 1765 3996 1833 ἀλη-

771 1865 892 1902 nten
920 1853 1096 1906 solare
1121 1861 1216 1907 aut
1247 1854 1409 1909 vitam
1455 1856 1544 1912 hic
1610 1865 1872 1920 nostram,
1924 1857 2094 1909 multo
2145 1854 2325 1909 minus
2428 1855 2456 1908 0

2438 1855 2573 1919 θείας
2592 1855 2906 1926 ἐξορίζομεν
2927 1872 2944 1887 ο
2965 1855 3076 1909 οὐδ’
3095 1854 3263 1909 ἐπειδ⁰
3283 1855 3352 1909 ἂν
3385 1855 3504 1923 φῶς
3526 1854 3694 1909 αὑτὸν
3721 1854 3996 1924 ἀληθινὸν.

772 1939 918 1996 illam
953 1942 1211 2011 futuram,
1243 1944 1475 2001 {aleariae
1501 1947 1865 2002 subsistentia:
1895 1946 2050 2000 inniti
2079 1945 2322 2000 insinua-
2429 1948 2456 2016 ἢ

2438 1948 2462 2016 ἢ
2497 1947 2640 2017 ζωὴν
2674 1945 2929 2017 ἀληθινὴν
2951 1945 3331 2016 ὀνομάζωμεν,
3355 1945 3418 1998 τδ
3435 1943 3666 2014 ἡλιακὸν
3683 1943 3831 2013 φῶς,
3851 1943 3888 2013 ἢ
3908 1945 4002 2013 τὴν

771 2045 917 2084 Inus.
947 2030 1148 2087 Eodem
1184 2033 1345 2089 modo
1369 2045 1422 2089 et
1449 2048 1575 2089 cum
1621 2035 1814 2090 Filium
1877 2037 2192 2106 prolitemur
2237 2048 2327 2088 ve-
2354 2019 2401 2078 Β
2429 2043 2456 2107 ἡ

2438 2041 2700 2109 ἡμετέραν
2714 2037 2941 2092 ἐνταῦθα
2957 2039 3122 2108 ζωὴν,
3151 2038 3237 2090 ίνα
3254 2037 3328 2107 μὴ
3345 2037 3495 2104 λέγω
3505 2037 3606 2108 τὴν
3617 2036 3856 2101 ἐκεῖθεν,
3879 2037 4002 2104 ψευ-

769 2135 886 2173 ram
912 2121 1221 2192 imaginem,
1247 2139 1352 2178 non
1389 2125 1506 2180 illas
1531 2125 1813 2197 imagines,
1835 2141 1954 2195 quae
1969 2139 2127 2179 suum
2147 2133 2325 2178 ortum
2428 2129 2456 2181 δ

2438 2129 2786 2182 Βοῦπόστατον
2815 2125 3188 2195 ἀποφαίνομαν
3203 2140 3219 2156 ν
3235 2125 3408 2189 οὕτως
3425 2125 3534 2179 οὐδ’
3559 2125 3805 2196 ὁπηνίκα
3824 2127 4002 2194 φαμὲν

772 2214 841 2266 ab
894 2215 1196 2270 imitatione
1251 2219 1576 2283 sortiuntur,
1624 2219 1678 2272 in
1733 2219 2138 2272 mendaciorum
2189 2217 2332 2272 ordi-
2429 2218 2456 2270 ἀ

2438 2217 2686 2286 ἀληθινὴν
2717 2216 2900 2269 εἰκόνα
2922 2217 3012 2269 τὸν
3031 2215 3174 2279 Υίὸν,
3203 2216 3433 2286 οὺχὶτάς
3458 2215 3694 2277 εἰκόνας,
3708 2213 3767 2268 αἶ
3796 2215 3901 2286 τὴν
3921 2216 4002 2281 γέ·

773 2321 895 2358 ncm
945 2305 1262 2376 rejicimus;
1300 2311 1676 2365 tantummodo
1751 2310 2105 2365 diﬂerentiam
2165 2327 2326 2381 quam
2430 2325 2456 2360 ν

2438 2307 2575 2360 νεσίν
2600 2309 2736 2359 εἰσιν
2763 2305 3022 2375 λαχοῦσαι
3052 2305 3142 2358 διὰ
3168 2307 3472 2376 μιμήσεως,
3502 2307 3586 2369 εἰς
3613 2304 3817 2374 ψεῦδος
3855 2303 4004 2357 lla-.3.

773 2396 862 2450 illa
902 2398 967 2452 ad
1007 2399 1140 2454 istas
1173 2401 1333 2454 habet
1363 2417 1754 2468 perexcessum
1776 2405 2166 2472 signiﬁcamus.
2190 2403 2328 2457 Audi
2431 2419 2456 2452 ν

2438 2416 2614 2466 νομεν,
2647 2398 2784 2451 ἀλλά
2827 2397 2890 2451 τδ
2927 2397 3064 2468 πρὸς
3095 2398 3267 2461 αὐτὰς
3304 2397 3519 2466 ἰκείνης
3565 2395 3687 2450 καθ’
3727 2396 4004 2464 ὑπεροχὴν

775 2487 940 2557 igitur
1006 2491 1174 2545 lilium
1243 2493 1508 2557 tonitrus,
1563 2494 2014 2564 quemadmodum
2084 2495 2214 2560 ille,
2264 2494 2331 2548 de
2431 2494 2456 2544 δ

2438 2491 2697 2560 δηλοῦμεν
2744 2490 3020 2560 διάφορον.
3070 2491 3336 2543 Ἄκουσον
3373 2490 3554 2542 τοίνυν
3606 2488 3701 2541 τδν
3744 2489 3870 2542 υίδν
3911 2491 4005 2555 τῆς

773 2582 912 2633 malo
939 2580 1212 2643 intonans.
1242 2583 1398 2638 nobis
1431 2586 1592 2638 talem
1618 2585 1905 2640 verborum
1934 2600 2156 2640 sensum
2204 2599 2333 2654 sug-
2437 2580 2456 2651 β

2438 2580 2682 2651 βροντῆς,
2726 2580 2874 2643 ὅτ’-ως
2931 2581 3062 2650 ἡμίν
3100 2579 3308 2634 ἀνωθεν
3370 2579 3628 2650 βροντῶν,
3671 2579 3774 2649 τὴν
3822 2579 4005 2632 τοιαύ-

777 2672 930 2742 gerit.
958 2670 1261 2744 Utrumque
1305 2686 1472 2741 certe,
1510 2677 1564 2731 in
1593 2693 1680 2742 eo,
1755 2695 1775 2729 ι
1809 2679 2033 2748 gratiam
2059 2693 2159 2747 pro
2214 2693 2336 2748 gra-
2433 2692 2456 2727 ἰ

2438 2692 2534 2742 την
2600 2675 2794 2743 χρῆσιν
2843 2673 2952 2726 τῶν
3000 2673 3172 2742 λόγων
3221 2675 3422 2726 ἐννοεῖν
3496 2672 3732 2727 δίδωσιν.
3806 2675 4008 2742 Ἀμςω

775 2766 848 2818 tia
874 2766 940 2829 ”,
981 2784 1001 2816 ι
1040 2780 1237 2820 novum
1273 2776 1325 2822 et
1355 2779 1547 2834 vetus;
1580 2785 1688 2824 uno
1710 2770 1898 2824 eodem
1940 2771 2127 2840 gratire
2177 2771 2335 2824 titulo
2434 2783 2456 2835 1

2438 2769 2545 2836 γὰρ
2573 2767 2630 2818 ἐν
2662 2765 2738 2835 τῷ
2761 2767 2955 2830 εἰπεῖν,
2991 2783 3009 2816 ι
3042 2768 3137 2819 καὶ
3155 2765 3315 2837 χάριν
3331 2766 3452 2819 ἀντὶ
3483 2766 3724 2834 χάριτος,
3765 2783 3788 2815 ι
3819 2767 3922 2834 τήν
3955 2782 4010 2815 τε

775 2858 1085 2924 appellans:
1135 2858 1282 2911 addit
1347 2859 1542 2915 deinde
1590 2863 1964 2926 eminentiam,
2021 2864 2111 2918 ubi
2168 2879 2332 2917 unum
2437 2858 2456 2910 Ι

2438 2857 2675 2910 Παλαιὰν
2701 2858 2793 2908 καὶ
2819 2857 2915 2926 τὴν
2963 2856 3129 2919 Νέαν,
3151 2857 3230 2926 τῷ
3273 2856 3375 2924 τῆς
3403 2857 3622 2926 χάριτος
3671 2857 4010 2924 ἐξονομάσας

775 2963 899 3000 cum
933 2949 1104 3002 altero
1137 2960 1433 3017 camparat,
1465 2969 1484 3003 ι
1532 2950 1665 3016 Lex,
1697 2952 1949 3021 inquiens
1990 2969 2084 3022 per
2115 2954 2331 3024 Moysen
2436 2965 2456 3001 1

2438 2949 2786 3018 προσρήματι
2810 2964 2824 2978 ⁸
2897 2944 3015 3002 εἶτα
3085 2947 3149 3001 τὸ
3203 2947 3642 3019 ὑπερανεστηκὸς
3690 2947 3934 3017 θάττερα
3987 2958 4007 2984 ε

776 3038 1030 3100 dabatur,
1072 3038 1239 3108 gratia
1270 3051 1446 3092 autem
1479 3048 1532 3092 et
1563 3042 1761 3094 veritas
1809 3056 1903 3110 per
1936 3039 2122 3094 Jesum
2177 3042 2337 3095 Chri-
2439 3057 2456 3092 ς

2439 3041 2574 3109 πρὸς
2612 3041 2709 3107 τὴν
2739 3039 2930 3110 ἑτέραν
2977 3039 3284 3109 παριστῶν,
3328 3057 3347 3089 ι
3406 3041 3466 3092 '0
3507 3042 3691 3108 νόμος,
3727 3041 3892 3108 φησὶ,
3927 3040 4010 3091 διὰ

778 3137 921 3181 stum
957 3129 1021 3181 “.
1054 3147 1071 3177 ι
1106 3127 1386 3184 Manifeste
1439 3141 1605 3198 patet.
1666 3132 1810 3200 quod
1872 3148 1993 3186 cum
2045 3133 2114 3185 ita
2169 3131 2334 3196 dicat,
2438 3132 2456 3182 1

2438 3131 2679 3190 Μωσέως
2708 3129 2882 3198 ἐδόθη,
2905 3131 2938 3196 η
2967 3129 3126 3198 χάρις
3153 3129 3210 3181 δὲ
3235 3129 3328 3181 καὶ
3359 3131 3390 3198 ἡ
3420 3129 3648 3198 ἀλήθεια
3701 3129 3794 3182 διὰ
3837 3128 4010 3197 Ἰησοῦ

779 3234 878 3272 nec
902 3220 1128 3288 gratiam
1158 3235 1254 3274 nec
1281 3223 1557 3275 veritatem
1593 3238 1622 3276 a
1656 3223 1888 3276 Mosaica
1917 3223 2031 3289 lege
2064 3223 2334 3284 abscidit;
2440 3221 2456 3271 1

2440 3219 2672 3288 Χριστοῦ
2736 3220 2970 3286 ἐγένετο.
3021 3236 3042 3270 ι
3076 3219 3246 3288 Δῆλον
3299 3219 3408 3289 γὰρ
3460 3219 3537 3281 ὡς
3577 3219 3752 3272 ταῦτα
3814 3220 4009 3286 λέγων,

779 3311 892 3376 ipse
934 3314 1077 3364 enim
1114 3313 1202 3366 ille
1244 3311 1341 3366 fuit
1408 3315 1502 3382 qui
1555 3316 1717 3384 paulo
1776 3316 1926 3382 prius
1975 3316 2336 3384 appellatione
2364 3369 2402 3384 η
2439 3329 2456 3364 ι

2439 3313 2559 3380 οὐχὶ
2579 3312 2679 3380 τὴν
2704 3309 3016 3381 ἀλήθειανῆ
3053 3311 3152 3382 τὴν
3190 3311 3350 3380 χάριν
3388 3310 3480 3364 τοῦ
3515 3311 3818 3365 Μωσαῖκοῦ
3850 3313 4012 3382 νόμου

777 3403 962 3470 ςνοιίιε
990 3403 1158 3469 ipsam
1203 3403 1538 3474 insignierat.
1578 3406 1682 3459 Sed
1714 3421 1810 3460 nec
1859 3407 2199 3460 mendacium
2258 3407 2332 3460 illi

779 3495 1026 3562 imputat.
1065 3494 1180 3548 Non
1228 3498 1372 3550 enim
1410 3500 1463 3550 in
1526 3501 1914 3554 contumeliam
1975 3511 2068 3555 aut
2123 3501 2333 3555 crimen

782 3583 914 3651 legis
944 3583 1144 3638 dictum
1179 3585 1330 3646 illud,
1364 3605 1382 3637 ι
1415 3585 1604 3642 Gratia
1648 3601 1831 3643 autent
1888 3599 1938 3644 et
1986 3591 2188 3645 veritas
2243 3607 2340 3659 per

778 3671 962 3728 Iesum
990 3675 1264 3729 Christum
1299 3675 1419 3740 l'uit,
1453 3696 1471 3728 ι
1504 3679 1843 3749 Evangelicis
1867 3682 2093 3735 sancitis
2119 3681 2341 3749 adapta-

781 3767 939 3819 hatur
980 3767 1295 3834 (lIeracleon
1346 3771 1418 3824 ita
1452 3770 1676 3836 diceret,
1705 3780 1760 3826 et
1797 3771 2148 3827 Ileracleonis
2195 3773 2335 3839 lilii),

781 3857 873 3910 sed
907 3857 1149 3925 profecto
1183 3859 1354 3927 magis
1378 3860 1644 3914 illustrem
1674 3869 1729 3916 et
1780 3862 2070 3930 perlectam
2122 3862 2336 3916 Domini

789 3947 1242 4016 magniﬁcentiam
1270 3950 1555 4006 ostendere
1580 3951 1763 4006 volens
1800 3967 1961 4021 quam
2012 3952 2199 4006 habuit
2230 3952 2335 4006 Lex

781 4052 876 4106 per
915 4037 1130 4108 Moysen
1172 4039 1317 4102 data,
1346 4041 1578 4108 generali
1613 4041 1706 4095 illo
1760 4041 1980 4095 nomine
2033 4039 2233 4094 Gratia
2287 4051 2340 4095 et

782 4131 1014 4183 veritatis
1064 4130 1380 4197 complexus
1407 4141 1509 4187 est.
1559 4132 1700 4200 Quin
1753 4143 1808 4187 et
1869 4134 2086 4188 divinus
2137 4131 2337 4188 Paulus

783 4236 906 4273 rum
953 4221 1103 4284 dixit,
1146 4238 1165 4270 ι
1201 4219 1456 4274 Umbram
1493 4222 1699 4277 habens
1744 4223 1827 4276 lex
1877 4222 2188 4277 futurorum
2243 4223 2338 4276 bo-

785 4325 1001 4375 norum,
1039 4311 1158 4378 noni
1193 4311 1360 4379 ipsum
1410 4313 1700 4382 imaginem
1753 4328 1954 4377 rerum,
1987 4331 2005 4364 ι
2045 4313 2214 4381 legem
2253 4322 2339 4384 ty-

789 4417 914 4469 pum
957 4413 1009 4454 et
1040 4401 1327 4471 imaginem
1369 4417 1489 4457 esse
1533 4402 1837 4459 futurorum
1897 4405 2183 4468 bonorum,
2231 4420 2337 4457 non

789 4493 1134 4562 prazdicavit;
1188 4494 1278 4546 sed
1329 4494 1594 4562 imprimis
1644 4511 1736 4564 per
1782 4495 2069 4549 verborum
2127 4495 2337 4548 illorum

792 4598 1054 4645 tenorem,
1107 4583 1299 4638 docere
1353 4585 1524 4638 voluit
1556 4587 1736 4654 potius
1773 4587 2021 4655 gratiam,
2061 4601 2222 4654 quam
2263 4585 2340 4639 le-

2439 3401 2792 3470 περιέκοψεν·
2818 3402 2976 3462 αὐτὸς
2995 3401 3104 3470 γὰρ
3140 3397 3210 3471 ἦν
3251 3403 3279 3454 ό
3317 3401 3500 3471 μικρῷ
3543 3402 3783 3473 πρόσθεν
3815 3403 3899 3472 τῷ
3917 3404 4013 3470 τῆς

2438 3493 2678 3561 χάριτος
2720 3493 2883 3545 αὑτὸν
2929 3493 3310 3560 ἀποσεμνύνας
3342 3493 3587 3561 ὀνόματι.
3626 3495 3703 3544 Οὐ
3751 3496 3867 3564 μὴν
3897 3495 4014 3548 οὐδὲ

2436 3581 2628 3650 ψεῦδος
2658 3581 2823 3635 αὐτοῦ
2852 3582 3228 3651 κατηγόρησεν
3249 3597 3266 3612 ο
3293 3582 3414 3634 οὐδὲ
3443 3581 3550 3651 γὰρ
3599 3585 3684 3649 ἐφ’
3719 3583 3885 3652 ῦσρει
3927 3586 4015 3638 καὶ

2436 3672 2653 3743 διαϐολῇ
2676 3673 2771 3726 τοῦ
2801 3674 2964 3742 νόμου
2996 3673 3077 3731 τὸ,
3112 3690 3133 3723 ι
3171 3673 3239 3725 'H
3267 3673 3424 3742 χάρις
3459 3673 3516 3724 δὲ
3555 3675 3650 3723 καὶ
3694 3673 3931 3744 ἀλήθεια
3952 3677 4013 3728 δι’

2449 3763 2622 3832 Ἰησοῦ
2677 3763 2912 3832 Χριστοῦ
2955 3763 3192 3831 ἐγένετο,
3239 3782 3257 3814 ι
3305 3765 3417 3825 τοῖς
3478 3763 3868 3830 εὐαγγελικοίς
3931 3765 4012 3818 θε-

2441 3858 2600 3923 σμοῖς
2640 3858 3010 3926 περιήρμοσεν
3038 3855 3386 3925 (Ἡρακλέων
3408 3855 3516 3924 γὰρ
3541 3855 3610 3908 ἂν
3636 3855 3816 3919 οὕτως
3850 3858 4010 3917 εἴποι,

2439 3945 2535 3998 καὶ
2560 3946 2608 3999 oi
2641 3945 2827 4008 παῖδες
2853 3944 3275 4015 Ἡρακλέωνος),
3310 3945 3428 3998 ἀλλ’
3461 3948 3880 4014 ἐπισημοτέραν
3920 3947 4011 4016 δη-

2439 4036 2611 4091 λονότι
2640 4039 2734 4091 καὶ
2766 4039 3106 4107 τελειοτέραν
3144 4038 3245 4106 τὴν
3269 4035 3363 4089 τοῦ
3390 4036 3661 4088 Δεσπότου
3693 4037 4011 4104 φιλοτιμίαν

2438 4133 2536 4198 τῆς
2581 4130 2881 4198 Μωσαῐκῆς
2914 4127 3231 4198 νομοθεσίας
3268 4126 3622 4196 παραστῆσαι
3655 4125 4008 4196 βουλόμενος,

2439 4221 2548 4288 τῆς
2594 4221 2834 4290 χάριτος
2862 4219 3031 4291 αὐτὴν
3065 4221 3160 4273 καὶ
3187 4219 3473 4287 ἀληθείας
3509 4221 3573 4287 τῇ
3628 4223 3784 4288 κοινῇ
3846 4236 4010 4290 προσ-

2439 4317 2636 4386 ηγορίᾳ.
2653 4315 2990 4386 περιέλαϐεν.
3026 4314 3185 4367 Ἀλλά
3209 4314 3303 4366 καὶ
3334 4311 3542 4374 Παῦλος
3569 4312 3599 4363 ό
3620 4310 3786 4373 θεῖος,
3813 4313 4010 4365 ιΣκιάν

2439 4405 2575 4473 ἔχων
2602 4407 2630 4458 ὁ
2653 4407 2812 4474 νόμος
2834 4403 2943 4457 τῶν
2975 4405 3276 4473 μελλόντων
3303 4400 3542 4469 ἀγαθῶν,
3572 4402 3673 4454 οὐκ
3697 4403 3877 4472 αὐτὴν
3916 4404 4009 4473 τὴν

2439 4496 2620 4548 εἰκόνα
2647 4495 2755 4547 τῶν
2781 4495 3173 4566 πραγμάτων,›
3201 4494 3658 4561 ἀποφαινόμινος,
3680 4494 3746 4546 οὐ
3771 4495 3835 4546 τὸ
3872 4491 4006 4548 εἶναι

2439 4587 2530 4641 τὸν
2560 4589 2723 4656 νόμον
2751 4588 2922 4643 τύπον
2953 4591 3048 4642 καὶ
3067 4589 3252 4642 εἰκόνα
3273 4587 3382 4640 τῶν
3414 4586 3720 4655 μελλόντων
3759 4589 4005 4656 ἀγαθῶν,

792 4692 937 4745 gem,
993 4677 1260 4730 bonorum
1318 4674 1622 4731 futurorum
1684 4676 1992 4732 lruitionem
2038 4692 2335 4747 repneseno
2365 4681 2456 4754 De

2440 4681 2786 4748 ἀπεκήρυξεν
2814 4695 2830 4710 ο
2874 4680 3010 4732 ἀλλά
3038 4679 3125 4732 διὰ
3150 4679 3257 4732 τῶν
3284 4679 3542 4750 ῥημάτων
3569 4676 3781 4732 τούτων
3805 4681 4006 4734 ἐνεδεί-

796 4779 929 4822 lare.

862 4944 1002 5009 Quin
1060 4953 1113 4998 et
1171 4947 1485 5000 decantatus
1522 4943 1574 4999 in
1604 4946 1936 5016 explicandis
1980 4958 2032 5002 et
2080 4951 2339 5005 docendis

792 5035 985 5089 disinis
1015 5033 1251 5101 Litteris,
1299 5033 1536 5092 Joannes
1587 5037 2021 5109 Chrysostomus,
2056 5043 2244 5098 multis
2281 5044 2337 5097 in

793 5126 925 5180 locis
975 5125 1072 5179 hac
1129 5125 1296 5194 ﬁgura
1340 5127 1593 5181 dictionis
1648 5143 1777 5184 usus
1833 5144 1955 5184 csse
2002 5133 2334 5200 agnoscitur.

795 5215 980 5269 Divina
1008 5216 1221 5270 oracula
1252 5217 1658 5272 commentariis
1682 5220 1998 5288 explanans,
2018 5229 2072 5274 et
2102 5222 2337 5290 linguam

793 5308 847 5362 in
875 5308 943 5362 iis
972 5309 1269 5362 enodandis
1299 5309 1718 5381 adhibens,qua:
1749 5326 1870 5366 cum
1902 5310 2194 5368 Nicodemo
2224 5314 2338 5369 dis-

860 5507 904 5538 "
934 5506 1088 5562 Joan.
1117 5525 1154 5573 ι,
1193 5507 1276 5561 16.
1352 5508 1396 5539 ⁸⁸
1432 5507 1565 5564 ibid.
1601 5507 1686 5563 I7.

2446 4769 2590 4835 ξατο,
2621 4771 2818 4840 μᾶλλον
2835 4773 2933 4838 τὴν
2960 4773 3116 4840 χάριν
3144 4772 3177 4840 ἢ
3204 4770 3295 4823 τὸν
3328 4771 3511 4840 νόμον,
3549 4770 3658 4822 τῶν
3705 4772 4008 4841 μελλόντων

2455 4862 2677 4931 ἀγαθῶν
2705 4863 2990 4925 εἰκονίζειν
3022 4862 3120 4932 τὴν
3151 4861 3467 4914 ἀπόλαυσιν.

2531 4953 2641 5006 Ναὶ
2666 4953 2731 5022 δὴ
2758 4955 2849 5006 καὶ
2879 4955 2909 5006 ὁ
2928 4953 3093 5017 πολὺς
3129 4955 3188 5006 ἐν
3212 4955 3280 5023 τῇ
3311 4952 3419 5005 τῶν
3436 4952 3594 5006 θείων
3627 4954 3864 5024 Γραφῶν
3886 4957 4009 5013 ἀναν

2439 5043 2629 5107 mea;
2686 5044 2782 5096 καὶ
2823 5042 3140 5114 διδασκαλίᾳ
3201 5043 3456 5114 Ἰωάννης
3507 5045 3537 5095 ό
3585 5043 3998 5115 Χρυσόστομος,

2438 5133 2705 5204 πολλαχοῦ
2734 5135 3072 5206 κεχρημένος
3106 5138 3184 5204 τῷ
3212 5134 3440 5206 τοιούτῳ
3490 5138 3735 5206 σχήματι
3771 5139 3884 5190 τῶν
3921 5139 4006 5190 λὸ-

2439 5243 2551 5294 γων
2596 5227 2889 5280 δείκνυται.
2938 5227 3077 5292 Τοὺς
3133 5228 3239 5298 γὰρ
3289 5227 3471 5292 θείους
3538 5228 4005 5301 ὑπομνηματίζων

2442 5317 2744 5388 χρησμοὺς,
2779 5319 2872 5372 καὶ
2898 5319 2976 5382 είς
2995 5319 3066 5372 τὰ
3096 5320 3230 5392 πρὸς
3277 5319 3368 5372 τὸν
3404 5321 3717 5392 Νικόδημον
3746 5322 4004 5393 εἰρημένα

2044 5690 2080 5740 \'
2097 5686 2274 5743 ᾹΙίΙΑΞ
2315 5685 2719 5742 LECTIONI'IS.

851 5815 876 5846 α
903 5808 1169 5878 τεχνικῆς.
1249 5819 1269 5847 τ
1309 5811 1390 5862 ίσ.
1419 5811 1670 5881 θατὲρας.
