4162 6442
159 462 258 520 985

862 460 960 517 AD
990 457 1582 517 AMPIHLOCIIIUM
1612 457 1954 527 OU/ESTIO
1992 459 2263 530 CCXVII,
2293 460 2599 519 CCXVIII.

3283 469 3385 532 936

159 558 229 624 ττι)
260 556 521 625 Δεσπότῃ,
554 555 651 621 τὴν
690 551 786 619 τῆς
823 552 1118 619 ἑρμηνείας
1173 548 1417 616 γλῶτταν
1464 549 1711 615 ἐπαφεὶς,

1823 551 2033 603 serebat
2086 550 2362 612 Servator,
2420 566 2806 623 sermonesque
2859 570 3046 611 serens
3084 557 3148 610 de
3214 558 3389 627 bapti-

162 649 398 719 καὶπερὶ
436 647 537 713 τῆς
590 645 678 697 διὰ
725 642 818 695 τοῦ
874 641 1242 711 βαπτίσματος
1295 640 1704 709 άναγεννήσεως

160 743 245 793 καὶ
277 744 372 810 τῆς
395 738 635 808 ἀχρόνως
658 740 722 788 ἐκ
751 735 959 803 Πατρὸς
979 730 1075 785 τοῦ
1108 730 1237 783 Υἱοῦ
1267 734 1575 800 γεννήσεως
1625 730 1716 783 τὸν

161 837 320 900 Λόγον
348 832 531 892 κινῶν,
566 847 584 879 ι
626 829 687 880 Εἰ
715 828 823 895 γὰρ
850 825 945 879 καὶ
983 824 1145 895 αὑτὴ,
1171 824 1361 893 φησιν,
1382 824 1416 892 η
1460 822 1714 889 γέννησις

158 924 471 993 ἐπουράνιος
504 935 516 948 ⁸
550 918 685 970 ἀλλά
710 916 843 988 πρὸς
877 914 1091 982 ἐκείνην
1136 912 1591 983 παραϐαλλομένη
1618 913 1716 982 τὴν

160 1013 351 1081 ἀληθῆ,
389 1012 483 1062 καὶ
512 1010 575 1061 ἐκ
618 1008 716 1075 τῆς
745 1004 837 1057 τοῦ
892 1003 1103 1071 Πατρός
1132 1001 1650 1069 οὐσίας,“ὲπίγειος.
1692 1019 1711 1052 ι

170 1105 405 1163 Ἀκούεις
455 1102 603 1162 ὅπως
664 1099 799 1167 πρὸς
833 1097 1047 1165 ἐκείνην
1091 1094 1227 1165 φησὶ
1271 1094 1369 1163 τὴν
1415 1094 1611 1164 ἀληθῆ.
1654 1092 1720 1145 Τί

155 1196 274 1261 ein;
310 1198 340 1263 ἡ
380 1194 467 1247 διὰ
491 1192 583 1245 τοῦ
616 1190 994 1260 βαπτίσματος
1049 1187 1148 1240 οὐκ
1176 1186 1322 1238 ἔστιν
1354 1184 1592 1254 ἁληθής;
1626 1186 1719 1238 καὶ

155 1290 237 1349 τίς
273 1289 429 1351 ἂν,εί
492 1287 566 1354 μὴ
616 1284 726 1335 τῶν
774 1280 977 1348 σφόδρα
1041 1278 1380 1348 μαινομένων
1429 1276 1754 1347 εῐη,τοῦτο›

156 1380 330 1443 φάναι
370 1376 688 1442 τολμήσειε;
738 1372 859 1432 Πῶς
906 1365 998 1421 οὖν
1050 1370 1254 1431 ἐκεῖνος
1308 1368 1450 1437 ἔφη,
1500 1385 1519 1419 ι
1570 1367 1713 1436 Πρὸς

158 1470 371 1539 εκείνην
428 1469 527 1536 τὴν
561 1465 765 1533 ἁληθῆς
804 1481 823 1514 ι
886 1462 947 1514 τὸ
1005 1460 1333 1530 ὑψηλότερον
1367 1459 1580 1528 ἐκείνης
1627 1459 1721 1510 καὶ

141 1559 595 1628 θαυμασιώτερον
642 1554 907 1623 ὲξυμνῶν,
942 1552 1003 1604 ού
1058 1551 1264 1620 ταύτην
1308 1550 1408 1621 τῆς
1464 1550 1723 1621 ἀληθείας

156 1652 489 1721 ἀποστερῶν.
519 1650 627 1701 Καὶ
686 1648 739 1699 τί
787 1648 843 1700 δὲ
886 1645 1045 1713 τοῦτό
1094 1661 1274 1714 φημι;
1304 1644 1471 1698 ἄκουε
1524 1643 1723 1712 μᾶλλον

156 1747 315 1797 αὑτὸν
342 1745 408 1797 τὰ
427 1742 565 1795 αὐτὰ
602 1741 747 1809 ἐμοὶ,
765 1740 825 1793 οὐ
849 1740 961 1800 τοῖς
989 1738 1224 1806 νοήμασι
1256 1736 1438 1807 μόνον,
1472 1735 1609 1789 ἀλλὰ
1630 1734 1723 1788 καὶ

156 1839 335 1898 αὐτοῖς
352 1840 460 1897 τοῖς
492 1836 697 1904 ῥήμασι
728 1849 791 1884 συ
800 1830 1233 1901 μφθεγγόμενον,
1248 1830 1343 1884 καὶ
1356 1828 1453 1900 τὴν
1469 1827 1723 1897 τοιαύτην

1821 653 1994 695 smate
2038 644 2487 711 regenerationis,
2521 653 2574 697 et
2615 648 2960 712 generatione
2991 664 3155 717 supra
3185 661 3239 705 et
3269 657 3389 707 sine

1819 736 2078 799 tempore,
2103 731 2223 786 Filii
2259 748 2287 785 a
2316 731 2496 799 Patre,
2558 754 2576 786 ι
2619 734 2921 805 Utcunque,
2959 740 3053 805 ait,
3086 742 3199 796 lucc
3222 760 3387 812 gene-

1818 824 1956 876 ratio
1984 825 2220 880 caelestis
2251 828 2354 890 sit,
2390 843 2513 881 cum
2549 828 2638 881 illa
2666 838 2843 881 tamen
2875 845 3000 884 vera
3040 836 3387 901 generatione

1816 916 2032 977 collata,
2057 932 2178 985 quae
2205 920 2271 971 de
2304 928 2529 987 paterna
2559 919 2794 973 essentia
2822 931 2926 984 est,
2958 932 3171 977 terrena
3205 926 3386 993 potius

1817 1008 2148 1062 censebitur.
2190 1027 2208 1058 ι
2254 1010 2447 1073 Audis,
2498 1022 2557 1066 ut
2602 1011 2768 1075 dicat,
2804 1023 3049 1081 respectu
3106 1016 3174 1068 ad
3238 1017 3384 1068 illam

1816 1113 1998 1153 veram
2054 1100 2255 1153 habito.
2288 1099 2428 1154 Num
2485 1118 2590 1156 non
2639 1118 2769 1173 ergo
2817 1119 2913 1173 per
2956 1106 3223 1174 baptisma
3257 1124 3387 1161 vera

1818 1198 1900 1243 est
1930 1192 2463 1259 regeneratio?Quis
2517 1195 2621 1248 nisi
2669 1210 2879 1249 summa
2941 1197 3152 1250 insania
3211 1200 3388 1267 perci-

1821 1291 1929 1344 tus,
1971 1282 2116 1336 dicet
2173 1283 2287 1337 ita?
2318 1283 2605 1349 Quomodo
2628 1301 2757 1357 ergo
2789 1288 2926 1341 dixit
2956 1289 3070 1353 ille,
3117 1308 3136 1339 ι
3176 1290 3386 1343 Collata

1821 1388 1944 1428 cum
1979 1374 2069 1428 illa
2099 1374 2264 1429 vera?
2303 1394 2322 1427 ι
2354 1391 2547 1447 nempe
2567 1379 2729 1448 hujus
2754 1379 3143 1434 sublimitatem
3176 1382 3386 1443 laudat,

1822 1463 2140 1530 admiratur,
2188 1480 2288 1519 nec
2344 1474 2521 1521 tamen
2576 1469 2715 1523 hanc
2753 1470 2930 1537 privat
2961 1472 3205 1525 veritate.
3244 1470 3387 1537 Quid

1822 1569 1962 1624 opus
1990 1563 2073 1609 est
2102 1557 2174 1609 ita
2203 1558 2496 1626 colligam?
2523 1560 2754 1614 Attende
2779 1561 2923 1613 enim
2974 1564 3156 1630 potius
3184 1574 3242 1616 ut
3274 1565 3389 1633 ipse

1822 1658 1936 1697 rem
1970 1645 2363 1711 eamdem,non
2395 1663 2559 1702 sensu
2587 1652 2725 1713 solo,
2744 1651 2837 1703 sed
2868 1653 3047 1706 verbis
3075 1652 3386 1721 ipsissimis,

1826 1747 1929 1785 una
1959 1736 2197 1787 concinit
2222 1750 2459 1800 mecum,
2496 1745 2550 1789 et
2586 1737 2820 1791 ostendit
2866 1738 3017 1792 illum
3070 1740 3249 1809 ipsum
3281 1757 3392 1795 ser-

1826 1840 2045 1880 monum
2089 1842 2249 1881 usum
2290 1829 2343 1880 in
2379 1827 2594 1881 Domini
2622 1830 2793 1883 nostri
2826 1831 3002 1885 verbis
3038 1833 3387 1887 insidentem.

155 1931 262 1981 τῶν
316 1929 485 1996 λόγων
520 1927 717 1996 χρῆσιν
774 1926 925 1994 ἡμῖν,
962 1925 1065 1976 κάν
1127 1925 1239 1986 τοῖς
1294 1920 1389 1975 τοῦ
1445 1921 1716 1974 Δεσπότου

1823 1914 1951 1970 Nam
1980 1933 2104 1970 cum
2134 1918 2201 1971 de
2231 1933 2430 1973 manna
2486 1917 2689 1975 ludatis
2745 1922 2823 1975 sic
2876 1923 3193 1991 prolocutus
3224 1926 3386 1979 Chri-

158 2025 395 2094 ῥήμασιν
433 2019 793 2087 ὲγκειμένην,
840 2014 1273 2069 ὑποδεικνύοντα.
1320 2013 1426 2067 Τοῦ
1454 2013 1563 2085 γὰρ
1610 2013 1722 2067 Σω-

155 2110 319 2183 τῆρος
380 2114 491 2173 τοῖς
546 2109 815 2169 Ἰουδαίοις
882 2107 1126 2169 εἰπόντος
1186 2105 1317 2177 περὶ
1372 2104 1467 2158 τοῦ
1525 2104 1717 2175 μάννα,

154 2206 228 2266 ὠς
267 2225 283 2253 σ
320 2205 453 2271 Οὐχὶ
501 2200 702 2269 Μωσῆς
748 2200 977 2252 δέδωκεν
1012 2199 1140 2267 ὑμῖν
1164 2197 1256 2251 τὸν
1302 2196 1487 2267 ἄρτον,
1533 2194 1647 2249 ἀλλ’
1692 2196 1721 2249 ό

157 2294 346 2358 Πατήρ
380 2309 477 2360 μου
496 2290 708 2342 δίδωσιν
737 2289 863 2357 ὑμῖν
888 2288 979 2340 τὸν
1004 2286 1257 2355 ἀληθινὸν
1280 2287 1466 2358 ἄρτον,
1498 2304 1518 2337 ι
1554 2285 1718 2349 αὐτὸς

152 2388 244 2434 τὸν
290 2383 412 2434 νοῦν
452 2380 808 2433 ἀναπτύσσων
834 2380 925 2433 τὸν
981 2378 1335 2444 Δεσποτικὸν,
1361 2378 1505 2432 οὕτω
1534 2376 1670 2448 φησί
1697 2393 1715 2410 σ

159 2478 357 2545 ’Λρτον
397 2474 451 2526 δὲ
506 2473 752 2542 ἀληθινὸν
792 2472 965 2536 καλεῖ,
988 2472 1088 2524 οὒκ
1128 2471 1314 2541 ἐπειδὴ
1340 2471 1533 2540 ψευδὲς
1556 2465 1625 2541 ἦν
1657 2469 1717 2523 τὸ

154 2566 359 2632 Οαῦμα,
400 2564 458 2617 τὸ
486 2565 576 2615 ἐπὶ
608 2563 701 2615 τοῦ
749 2562 926 2630 μάννα
954 2577 970 2592 ⁶
998 2562 1114 2615 ἀλλ’
1148 2562 1230 2615 ὅτι
1278 2561 1447 2624 τύπος
1494 2558 1582 2632 ἦν,
1619 2563 1721 2615 οὐκ

154 2656 548 2727 αὑτοαλήθεια’
584 2657 677 2708 καὶ
730 2656 896 2725 μυρία
921 2654 1077 2709 ἄλλα.
1125 2651 1285 2706 Ἀλλά
1338 2651 1391 2706 τί
1431 2652 1521 2707 τὸν
1574 2652 1721 2708 δεῖνα

157 2754 414 2821 μάρτυρα
442 2749 474 2818 ἦ
501 2748 591 2801 τὸν
615 2748 761 2799 δεῖνα
792 2744 972 2809 καλῶς
1004 2744 1212 2806 Κοινῶς
1246 2744 1483 2807 ἅπαντες
1508 2744 1601 2797 καὶ
1625 2745 1722 2813 τῆς

166 2841 493 2910 Ἐκκλησίας
516 2840 564 2891 οἱ
600 2839 876 2909 τρόφιμοι,
907 2837 1001 2889 καὶ
1029 2835 1137 2889 τῶν
1185 2834 1419 2903 θύραθεν
1452 2836 1503 2887 οἱ
1526 2835 1722 2903 λογιώ-

154 2950 326 2995 τατοι,
364 2932 494 3001 πλὴν
519 2929 626 2981 τῶν
667 2926 1196 2996 Εἰκονομαχούντων,
1225 2927 1300 2989 ὼς
1326 2926 1489 2987 ἔοικε,
1519 2926 1721 3012 ταύτην

153 3026 245 3076 τοῦ
282 3024 442 3089 λόγου
493 3020 589 3090 τὴν
624 3018 818 3089 χρῆσιν
850 3017 1303 3070 συνεπίστανται·
1338 3020 1431 3069 καί
1459 3016 1721 3086 γέμουσιν

156 3118 209 3166 αἱ
260 3114 432 3182 βίϐλοι
482 3112 542 3163 τὸ
584 3110 791 3163 τοιοῦτο
838 3109 946 3161 τῶν
980 3106 1154 3176 λόγων
1201 3107 1413 3177 ἰδίωμα.
1451 3107 1537 3166 Ὠς
1586 3107 1722 3159 ἐπὰν

154 3212 255 3258 ilia:
287 3206 379 3256 δύο
408 3206 546 3267 τινὰ,
579 3203 610 3271 ἦ
640 3204 732 3255 καὶ
760 3200 979 3252 πλείονα
1006 3198 1127 3251 καθ’
1164 3196 1561 3268 όμωνυμίαν,ἢ
1601 3197 1721 3250 καθ’

154 3297 341 3366 Ξτερόν
373 3312 492 3348 τινα
512 3295 732 3364 τρόπον,
761 3293 859 3362 τὴν
880 3292 1047 3361 αὐτὴν
1075 3289 1265 3359 κλῆσιν
1292 3290 1653 3359 ἐφελκόμενα,
1685 3290 1717 3359 ἣ

156 3391 252 3441 καί
282 3389 452 3449 ἄλλως
481 3387 536 3439 έν
564 3403 672 3438 τισι
693 3384 994 3447 κοινωνίαις
1021 3384 1328 3452 ἰδιωμάτων
1341 3384 1677 3454 τυγχάνοντα
1703 3402 1718 3417 ο

156 3482 321 3551 ἡνίκα
343 3497 425 3541 τις
457 3478 700 3546 περὶτοῦ
734 3479 791 3529 ὲν
818 3478 1003 3539 αὐτοῖς
1041 3476 1398 3546 ὑπερέχοντος
1434 3478 1523 3530 τὸν
1566 3477 1721 3544 λόγον

156 3570 488 3639 ποιήσασθαι
518 3569 773 3638 βουληθῇ,
803 3570 871 3622 τὰ
899 3571 1051 3640 κοινῇ
1103 3569 1375 3638 προσόντα
1415 3570 1571 3629 πᾶσι,
1603 3570 1720 3620 κατ’

155 3664 437 3731 ἐξαίρετον
481 3661 672 3729 ἐκείνῳ
723 3662 903 3731 φέρων
950 3659 1198 3713 δίδωσιν·
1230 3660 1351 3728 οὐχὶ
1401 3659 1509 3712 τῶν
1548 3658 1723 3712 ἀλλων

154 3756 298 3807 αὺτά
342 3751 615 3816 παντελῶς
664 3751 1080 3821 ἀφαιρούμενος,
1110 3750 1245 3804 άλλά
1280 3749 1369 3802 διὰ
1396 3749 1585 3802 τούτου
1625 3749 1723 3819 τὴν

154 3844 254 3897 ’ττιῦ
299 3844 661 3913 προκειμένου
688 3841 957 3911 ὑπεροχὴν
997 3840 1135 3910 πρὸς
1160 3839 1229 3893 τὰ
1262 3839 1420 3892 λοιπά
1450 3838 1720 3891 ἐνδεικνύ-

162 3955 327 4004 μενος
346 3953 357 3965 ·
388 3935 588 3989 καὶτοῦ
612 3934 768 4002 λόγου
800 3933 1024 4003 ἀρκέσει
1053 3931 1402 4003 παράδειγμα
1419 3932 1507 3996 τὰ,
1543 3924 1720 4000 οἶμαι,

159 4032 194 4081 ἂ
224 4027 570 4097 προείρηται.
600 4027 661 4079 Ei
704 4025 759 4077 δὲ
788 4025 881 4077 καὶ
926 4024 1127 4094 ἑτέρων
1175 4021 1352 4092 βούλει
1400 4021 1721 4093 παράθεσιν,

157 4120 324 4181 αὐτὸς
374 4120 512 4170 κατά
560 4116 784 4171 σεαυτὸν
829 4114 899 4168 τά
949 4113 1128 4185 βιϐλία
1185 4114 1548 4185 διερχόμενος,
1594 4113 1724 4182 ὃλην

157 4212 484 4279 ἀπαρτίσεις
525 4210 704 4279 βίϐλον
734 4207 842 4262 τῶν
884 4206 1138 4261 τοιούτων
1158 4207 1405 4279 χρήσεων
1439 4206 1509 4261 τὰ
1543 4224 1723 4279 παρα-

153 4305 428 4374 δείγματα
484 4303 915 4375 ὲγγραφόμενος.

683 4422 1013 4478 ΕΡΩΤΗΣῙΣ
1053 4421 1202 4475 Σ1Η’.

1822 2017 1940 2063 stus
1994 2020 2171 2064 esset:
2220 2030 2238 2061 ι
2298 2009 2474 2067 Moses
2523 2026 2629 2067 non
2671 2011 2816 2066 dedit
2854 2015 3011 2068 vobis
3040 2029 3255 2082 panem,
3295 2018 3391 2070 sed

1821 2101 1981 2155 Pater
2013 2116 2165 2155 meus
2201 2102 2356 2157 vobis
2383 2104 2476 2158 dat
2511 2119 2696 2157 verum
2725 2119 2915 2172 pauent
2950 2105 3030 2171 ⁶⁷;
3079 2123 3097 2155 ι
3132 2107 3221 2159 ille
3249 2123 3393 2160 mor-

1823 2198 1931 2244 tem
1965 2189 2184 2245 Domini
2217 2195 2532 2257 enucleans,
2567 2196 2662 2249 ait.
2697 2196 2897 2250 Panem
2933 2207 3112 2250 autem
3158 2198 3394 2266 appellat

1824 2284 1912 2339 hic
1940 2300 2157 2350 verum,
2195 2303 2300 2341 non
2332 2288 2480 2358 quod
2511 2286 2708 2342 falsum
2732 2298 2848 2342 erat
2872 2288 3001 2342 illud
3037 2290 3389 2354 miraculum,

1820 2375 1965 2446 quod
2008 2376 2062 2429 in
2107 2392 2303 2431 manna
2345 2378 2636 2443 edebatur;
2674 2379 2768 2433 sed
2798 2382 2939 2448 quod
2972 2380 3141 2449 ﬁgura
3173 2392 3309 2442 erat,
3340 2392 3395 2434 et

1825 2484 1931 2522 non
1978 2469 2094 2539 ipsa
2131 2470 2208 2524 rei
2257 2470 2455 2523 veritas
2487 2487 2502 2523 :
2534 2480 2659 2525 sunt
2684 2481 2737 2524 et
2776 2482 3028 2525 sexcenta
3059 2471 3163 2524 alia
3198 2473 3390 2526 istius-

1823 2560 1991 2612 modi.
2014 2560 2117 2613 Sed
2140 2577 2403 2629 quorsum
2440 2561 2583 2615 hunc
2615 2561 2697 2613 vel
2729 2561 2873 2614 illum
2900 2576 3002 2631 ego
3026 2572 3216 2616 testem
3246 2562 3393 2614 cito?

1822 2652 2121 2720 generatim
2157 2667 2368 2718 omnes,
2391 2668 2515 2707 cum
2550 2652 2803 2707 Ecclesiae
2833 2653 3061 2716 alumni,
3088 2665 3201 2707 tum
3241 2663 3394 2708 exte-

1824 2756 2009 2796 rorum
2039 2743 2362 2808 doctissimi,
2385 2746 2517 2800 solis
2546 2746 2787 2814 exceptis
2814 2744 3216 2809 lconomacbis,
3246 2749 3394 2801 hunc

1823 2833 1973 2887 verbi
2016 2848 2201 2901 usum,
2248 2846 2305 2890 ut
2366 2836 2610 2900 videtur,
2658 2845 2962 2906 agnoscunt
3011 2854 3025 2890 :
3078 2847 3135 2890 et
3184 2848 3397 2894 scatent

1826 2926 2032 2995 passim
2067 2926 2186 2979 libri
2226 2928 2535 2981 istiusiodi
2572 2930 2870 2982 verborum
2918 2930 3389 2999 prolirietatibus:

1827 3028 1887 3071 ut
1915 3029 2066 3087 puta,
2102 3034 2224 3073 cum
2277 3019 2387 3073 duo
2432 3018 2680 3088 quaedam
2711 3029 2803 3074 aut
2853 3022 3017 3075 etiam
3050 3021 3205 3090 plura
3240 3029 3392 3085 sunt,

1825 3125 1945 3179 qua:
1974 3125 2069 3179 per
2100 3112 2509 3182 homonymiam
2537 3120 2631 3164 aut
2659 3112 2823 3166 alium
2852 3115 3137 3181 quemdam
3169 3115 3390 3167 modum

1827 3200 2106 3268 dicuntur,
2151 3207 2395 3258 eamdem
2453 3206 2734 3259 attrahunt
2767 3206 2831 3259 ad
2864 3220 2922 3259 se
2952 3206 3391 3274 appellationem,

1829 3295 1909 3346 vel
1930 3294 2036 3347 alio
2062 3294 2244 3365 aliquo
2274 3296 2455 3359 modo,
2485 3311 2608 3350 cum
2632 3298 3129 3351 communicatione
3160 3296 3394 3350 idioma-

1828 3396 1940 3441 tum
1971 3390 2327 3457 adhibentur;
2358 3391 2449 3461 qui
2479 3404 2786 3445 sermonem
2814 3390 3046 3445 instituit
3076 3390 3143 3443 de
3172 3390 3394 3458 praecel-

1824 3479 2058 3544 leutiori,
2085 3483 2172 3534 illa
2218 3498 2336 3549 quae
2362 3485 2727 3538 communiter
2769 3484 2835 3537 ad
2887 3483 3072 3536 omnia
3117 3488 3389 3550 spectant,

1826 3589 1921 3644 per
1964 3589 2248 3629 excessum
2290 3576 2465 3629 eidem
2523 3576 2988 3630 accommodanda
3033 3574 3253 3638 tribuit;
3291 3588 3393 3627 nec

1824 3668 1892 3719 ab
1942 3666 2063 3719 aliis
2094 3666 2309 3720 interim
2361 3667 2453 3720 illa
2502 3668 2701 3732 aufert,
2734 3669 2826 3721 sed
2864 3683 2957 3735 per
3008 3666 3139 3719 illud
3177 3664 3391 3732 allegati

1824 3757 2197 3812 excellentiam
2251 3773 2414 3824 super
2434 3770 2628 3812 caetera
2678 3758 2942 3812 declarat.
2985 3758 3211 3827 Opinor,
3245 3755 3392 3825 quod

1825 3849 2048 3902 allatum
2082 3858 2162 3902 est
2194 3850 2525 3917 exemplum,
2551 3848 2773 3911 sufﬁcit,
2814 3848 2959 3917 quod
2991 3851 3135 3912 dico,
3165 3848 3393 3901 demon-

1824 3948 2016 3994 strare.
2078 3937 2171 3992 Sin
2229 3948 2282 3993 et
2325 3941 2429 3993 alia
2474 3956 2689 4009 quoque
2735 3941 3037 4008 adjicienda
3092 3942 3389 4004 desideres,

1826 4028 1940 4097 ipse
1965 4043 2060 4097 per
2105 4038 2270 4082 temet
2300 4031 2449 4082 solus
2476 4045 2631 4083 sacra
2672 4029 2839 4081 Biblia
2875 4044 3154 4098 percurre,
3186 4040 3239 4082 et
3262 4045 3389 4083 coa-
3472 4088 3481 4098 ,

1825 4123 2070 4176 cervabis
2123 4132 2207 4175 tot
2245 4124 2491 4193 exempla
2541 4126 2698 4178 istius
2740 4139 2892 4189 usus,
2940 4140 3062 4194 quae
3121 4127 3391 4180 coniicere

1822 4213 2077 4267 volumen
2114 4222 2335 4284 queant.

1834 4423 2443 4493 QUESTIOZCCXVIII
2479 4432 2665 4506 [CoisL
2698 4432 2924 4496 CLXIII,
2967 4433 3129 4488 Taur.
3161 4431 3387 4488 CLXlll.

841 4538 984 4588 Edita
1006 4551 1033 4586 a
1054 4534 1352 4586 Hontacutio
1378 4536 1481 4597 (ep.
1508 4538 1566 4586 ad
1605 4537 1910 4600 Amphiloch.
1936 4555 1982 4604 p.
2010 4542 2256 4606 190-195).
2283 4572 2344 4582 —
2365 4548 2502 4598 Joan.
2527 4563 2611 4608 xx,
2638 4549 2709 4597 l'l.

234 4628 416 4693 Ὅπερ
434 4622 685 4694 Χριστὸς,
724 4623 753 4673 ό
775 4621 907 4684 Θεὸς
931 4620 1109 4689 ἡμῶν,
1138 4621 1203 4688 τῇ
1234 4619 1563 4688 Μαγδαληνῇ
1598 4621 1720 4673 Μα-

1890 4620 2043 4688 Quod
2096 4625 2345 4682 Christus
2393 4629 2534 4684 Deus
2587 4641 2769 4684 noster
2818 4628 2999 4683 Mariae
3057 4628 3391 4699 Magdalcnze

160 4721 277 4791 ρίᾳ.
329 4713 624 4783 προσιούσῃ
680 4713 831 4781 φησι,
864 4729 885 4762 ι
938 4712 1025 4779 Μή
1066 4727 1167 4779 μου
1193 4708 1364 4763 ἅπτου
1387 4724 1401 4738 °
1432 4708 1583 4762 οὔπω
1615 4712 1723 4780 γὰρ

156 4808 481 4876 ἀναϐέϐηκα
522 4806 656 4874 πρὸς
692 4803 781 4856 τὸν
834 4802 1054 4868 Πατέρα
1090 4819 1215 4872 μου,
1247 4821 1265 4854 ι
1292 4801 1439 4854 δοκεῖ
1470 4803 1569 4870 μέν
1607 4820 1723 4864 πως

156 4895 713 4965 εἷναιδυσθεὼρητον.
749 4894 813 4946 Τί
858 4892 956 4958 δέ;
987 4888 1094 4961 ἆρα
1130 4892 1239 4961 γὰρ
1282 4891 1418 4961 μετὰ
1464 4890 1563 4961 τὴν
1593 4893 1727 4962 πρὸς

155 4995 256 5045 τὸν
308 4989 519 5058 Πατέρα
548 4986 754 5047 ἄνοδον,
789 4985 909 5037 τότε
951 4981 1150 5051 μᾶλλον
1175 4982 1311 5051 αὐτῇ
1344 4981 1629 5052 ἐπιτρέψει
1664 4982 1726 5035 τὸ

156 5079 541 5153 ὲφάπτεσθαις
576 5078 648 5129 Τὸ
684 5076 739 5128 δὲ
769 5074 1008 5128 τοιοῦτόν
1036 5075 1217 5126 ἐστιν·
1248 5073 1361 5126 Οὐκ
1390 5072 1564 5137 ἒξεστί
1622 5090 1723 5137 σοι,

157 5174 353 5243 φησὶν,
386 5168 517 5238 ἐμοῦ
552 5166 813 5221 ἆπτεσθαι
846 5182 859 5196 ·
890 5164 980 5217 διὰ
1006 5162 1057 5216 τί
1084 5181 1098 5229 ;
1131 5163 1297 5217 Οὔπω
1326 5165 1435 5235 γάρ
1478 5182 1558 5217 σοι
1582 5166 1725 5219 δοκῶ

154 5266 305 5335 πρὸς
336 5260 397 5312 τὸ
422 5258 672 5328 πατρῷον
697 5256 827 5325 ὕψος
857 5254 1274 5325 ἀναϐεϐηκέναι,
1305 5258 1400 5309 καὶ
1433 5260 1531 5325 τῆς
1560 5257 1725 5328 ὑπερ-

154 5352 334 5423 φυοῦς
359 5350 542 5410 οὐσίας
571 5349 857 5403 ἀναλαϐεῖν
885 5346 946 5399 τὸ
966 5345 1180 5417 ἀξίωμα
1204 5364 1219 5378 ο
1251 5347 1365 5401 ἀλλ’
1392 5348 1473 5401 ἔτι
1496 5351 1725 5404 ταπεινά

156 5446 354 5515 ποτίζῃ
400 5442 529 5513 περὶ
561 5441 716 5511 ἐμοῦ,
766 5437 1066 5509 προσιοῦσα
1125 5456 1215 5509 μοι
1248 5437 1293 5503 ί,
1322 5440 1416 5493 καὶ
1454 5440 1563 5492 τῶν
1612 5441 1723 5493 άν..

198 5537 454 5607 ρωπίνων
485 5534 698 5603 μέτρων
750 5531 901 5584 οὐδὲν
932 5529 1278 5601 ὑψηλότερον.
1308 5531 1382 5583 Τὸ
1406 5531 1484 5594 δὲ,
1512 5533 1607 5603 οὐχ
1638 5534 1719 5587 ὅτι

224 5656 268 5685 ’⁵⁷
304 5652 462 5705 .Ioan.
494 5669 565 5710 vr,
594 5652 680 5706 5:2.

1826 4714 2047 4769 adeunti
2099 4718 2298 4785 ipsum,
2355 4722 2450 4785 ait,
2510 4739 2529 4771 ‹
2563 4722 2681 4776 Noli
2716 4737 2801 4775 me
2855 4733 3097 4791 tangere,
3146 4724 3386 4775 nondum

1827 4808 2046 4861 asccndi
2093 4809 2157 4862 ad
2213 4809 2424 4867 Patrem
2464 4829 2681 4878 meum,
2725 4832 2744 4865 ι
2806 4815 3021 4869 videtur
3053 4815 3194 4866 haud
3233 4813 3391 4867 facile

1827 4899 2253 4971 intelligendum.
2315 4904 2453 4971 Quid
2502 4907 2684 4961 enim?
2724 4922 2791 4960 an
2844 4916 2964 4975 post
3009 4908 3388 4962 ascensionem

1827 4990 1893 5043 ad
1954 4992 2187 5057 Patrem,
2224 4997 2395 5065 magis
2448 4999 2497 5051 ei
2551 4999 2919 5068 permissurus
2946 5007 3026 5051 est
3064 4998 3239 5066 ipsum
3272 5008 3391 5051 tan-

1825 5070 1986 5147 gere?
2012 5080 2127 5136 luio
2158 5084 2259 5139 hoc
2290 5086 2531 5155 estquod
2566 5088 2681 5141 vult
2703 5104 2716 5141 :
2738 5085 2853 5141 Non
2880 5088 3005 5141 licet
3036 5087 3151 5149 tibi,
3180 5090 3277 5151 ait,
3306 5104 3391 5140 me

1828 5170 2160 5240 contingere.
2192 5173 2302 5228 Cur
2333 5176 2552 5230 autem?
2580 5174 2828 5231 Nondum
2858 5192 2957 5244 ego
2983 5176 3077 5230 tibi
3107 5176 3291 5229 videor
3323 5178 3388 5230 ad

1824 5260 2003 5319 Patris
2070 5265 2462 5322 sublimitatem
2532 5268 2876 5331 ascendisse,
2938 5276 2993 5323 et

1824 5354 1970 5411 illius
2020 5360 2448 5415 transcendentis
2485 5359 2800 5431 dignitatem
2848 5360 3247 5429 assumpsisse;
3294 5361 3387 5413 sed

1824 5454 1882 5499 tu
1907 5446 2084 5502 adhuc
2112 5464 2198 5504 me
2224 5464 2509 5505 accessura
2540 5451 2744 5505 humile
2765 5450 2895 5519 quid
2932 5451 2996 5505 de
3026 5466 3112 5504 me
3151 5453 3385 5516 cogitas,

1824 5550 1924 5591 nec
1954 5538 2247 5594 humanam
2297 5555 2608 5598 mensuram
2639 5540 2902 5596 excedens
2933 5558 2947 5596 :
2987 5548 3195 5594 tantum
3233 5538 3389 5593 abest

3072 5268 3393 5322 substantia:

1415 5763 1638 5818 VARUE
1674 5763 2077 5821 LECTIONES.

223 5862 237 5895 τ
289 5857 391 5910 355
424 5874 544 5925 μου.
