4162 6442
783 381 888 447 98⁸1

1941 387 2168 449 ΡΗΟΤΙ
2175 387 2202 447 Ι
2241 387 2744 454 ΡΑἸἮΙΛΒΟΗᾸΞ
2773 391 2884 454 CP.

3949 396 4047 457 $8

783 481 846 527 ut
891 470 1006 526 haec
1059 469 1247 540 opinio
1288 481 1340 527 te
1374 471 1595 541 dignam
1634 475 1848 542 reddat,
1883 491 2005 547 qua:
2035 491 2122 530 me
2148 486 2359 546 tangas,

2464 479 2622 544 ἀξίαν
2642 480 2702 532 οὑ
2737 483 2885 534 ποιεῖ
2918 497 2978 533 σε
3001 480 3100 552 τῆς
3131 481 3270 552 ἐμῆς
3303 481 3462 552 δόξης
3503 483 3874 552 ἐφάπτεσθαι,
3914 487 4045 537 ἀλλὰ

782 573 842 617 ut
875 563 1093 634 elouget
1135 564 1327 633 magis.
1359 565 1548 635 Itaque
1590 566 1846 622 advertas
1873 569 2134 638 qualiter,
2174 586 2193 620 ι
2235 568 2358 623 Noli

782 669 871 709 me
901 663 1148 726 tangere,
1172 674 1190 706 ι
1218 656 1306 710 ubi
1335 655 1568 724 dixerat,
1589 658 1732 713 .illud
1766 664 2026 724 annectit,
2063 681 2082 712 ι
2103 659 2356 717 Nondum

780 749 958 814 enim;
997 767 1014 798 ι
1052 764 1204 820 spem
1240 750 1315 803 illi
1353 748 1504 816 facit,
1535 752 1682 821 quod
1733 768 1839 807 nou
1897 755 1950 807 in
1989 753 2152 808 ﬁnem
2181 770 2212 809 a
2256 771 2358 810 suo

781 839 1055 894 desiderio
1085 841 1436 908 excludetur;
1469 842 1562 896 sed
1605 845 1753 912 quod
1791 854 1913 915 post
1940 846 2212 914 paululum
2245 857 2360 902 slu-

782 931 937 988 diose
981 935 1213 1002 quaesito
1237 934 1566 1004 perfruetur,
1597 953 1660 991 ac
1691 938 1736 991 si
1775 939 1979 993 diceret
2006 957 2020 990 :
2058 938 2175 993 Non
2203 948 2360 1009 potes

782 1038 870 1076 me
930 1024 1081 1078 adire
1131 1025 1206 1079 ita
1251 1027 1487 1080 animata
1537 1038 1598 1082 ut
1647 1043 1797 1082 nunc
1838 1045 1918 1092 es,
1961 1044 2058 1084 nec
2100 1030 2244 1083 enim
2279 1029 2359 1083 sic

783 1126 1077 1184 assequere
1114 1116 1256 1184 quod
1284 1117 1415 1170 velis
1449 1135 1462 1170 :
1497 1118 1645 1187 quod
1677 1121 1721 1173 si
1752 1135 1780 1171 a
1804 1119 2002 1175 vilibus
2035 1120 2186 1175 hisce
2206 1121 2356 1189 cogi-

781 1203 1080 1258 tationibus
1121 1214 1173 1258 te
1206 1208 1466 1261 extuleris
1493 1210 1560 1262 ad
1597 1210 1967 1273 sublimiores,
1999 1222 2053 1264 et
2086 1209 2198 1265 Deo
2226 1225 2359 1265 cou-

781 1309 969 1360 gruas,
1007 1295 1326 1349 conceditur
1379 1297 1475 1351 tibi
1517 1312 1796 1362 accessus,
1830 1307 1885 1353 et
1933 1299 2138 1369 majora
2190 1315 2355 1369 quam

781 1387 1045 1452 sperabas
1097 1401 1456 1458 consequere.
1493 1387 1718 1443 Volebat
1753 1391 1841 1445 illa
1881 1392 2141 1455 humano,
2165 1403 2220 1446 et
2247 1407 2357 1462 quo

779 1476 990 1532 solebat
1043 1493 1139 1548 per
1185 1493 1502 1534 (eeonomtze
1536 1483 1849 1551 temporalis
1876 1483 2168 1539 decursum
2206 1500 2358 1540 more

778 1570 942 1623 etiam
974 1585 1122 1625 nunc
1147 1585 1274 1626 cum
1319 1570 1550 1628 Domino
1578 1575 1893 1631 conversari
1929 1593 1944 1631 :
1976 1587 2031 1631 et
2054 1587 2202 1632 certe
2225 1577 2354 1632 dum

777 1660 1034 1725 sepulcro
1063 1659 1362 1726 assidebat,
1400 1662 1572 1716 multa
1602 1662 1767 1733 hujus
1795 1665 2011 1735 generis
2034 1676 2089 1721 et
2113 1666 2242 1722 fecit
2265 1668 2355 1723 illa

777 1759 834 1803 et
859 1750 1140 1817 cogitavit,
1160 1762 1495 1823 unguentum
1519 1754 1776 1821 offerens,
1805 1755 2071 1828 Iacrymas
2098 1757 2355 1825 fundens,

779 1841 1198 1898 translationem
1245 1853 1490 1910 causata,
1535 1854 1593 1900 et
1636 1849 2091 1904 resurrectionem
2123 1850 2181 1906 in
2209 1850 2356 1906 illam
2389 1830 2430 1885 Β

779 1932 1204 1990 trausformans.
1232 1933 1574 1992 AtChristus
1603 1939 1673 1992 ab
1701 1940 1803 1995 hoc
1830 1939 2026 1995 aﬂ'ectu
2047 1942 2278 2005 ducens,
2303 1953 2359 1998 et

778 2025 916 2080 tales
941 2042 1262 2097 expungens
1293 2029 1675 2098 cogitationes,
1709 2032 1804 2087 sed
1830 2043 1884 2088 et
1923 2033 2356 2103 intempestivam

777 2133 894 2173 rem
946 2131 1002 2172 et
1035 2119 1425 2188 impossibilem
1455 2121 1710 2179 all'ectare
1744 2139 1862 2178 eam
1913 2126 2226 2191 ostendens,
2261 2127 2355 2193 ait,

781 2226 802 2261 ι
846 2208 926 2265 Ne
946 2225 1033 2266 me
1066 2219 1278 2282 tangas,
1311 2213 1552 2268 nondum
1588 2215 1734 2270 enim
1768 2218 1991 2272 ascendi
2036 2218 2103 2272 ad
2142 2219 2358 2274 Patrem

777 2316 958 2356 meum
988 2320 1002 2356 :
1043 2321 1062 2354 ι
1099 2304 1201 2357 hoc
1232 2313 1336 2367 est,
1369 2317 1476 2358 nou
1504 2315 1589 2360 est
1636 2321 1854 2375 aequum
1889 2316 1945 2362 ut
1979 2322 2079 2377 ego
2123 2308 2177 2363 id
2211 2308 2358 2380 quod

779 2393 874 2449 tibi
916 2395 1122 2449 arridet
1176 2396 1455 2450 communi
1509 2397 1793 2466 praeferam
1843 2400 2226 2470 providentiae,
2259 2413 2358 2457 aut

779 2486 967 2542 tuuudi
1018 2488 1187 2541 totius
1247 2488 1578 2556 commodo;
1639 2506 1746 2544 non
1774 2499 1860 2546 est
1887 2507 1984 2561 par
2014 2501 2074 2546 ut
2104 2492 2357 2548 allectum

780 2589 933 2633 tuum
956 2592 1058 2648 ego
1093 2585 1274 2631 ratum
1329 2576 1578 2643 habens,
1629 2589 1910 2648 paternam
1970 2582 2360 2636 subobscurem

777 2671 834 2726 iu
869 2686 956 2725 me
982 2670 1349 2736 divinitatem,
1385 2682 1482 2725 aut
1509 2674 1686 2741 patiar
1713 2683 1771 2727 ut
1801 2688 1886 2728 me
1914 2674 2210 2728 etiamnum
2238 2683 2360 2729 tau-

776 2779 940 2834 quam
977 2778 1186 2819 merum
1238 2774 1294 2818 et
1322 2764 1527 2818 nudum
1591 2765 1867 2820 hominem
1909 2769 2162 2822 accedas.
2195 2765 2357 2821 Tem-

778 2871 882 2925 pus
909 2869 1072 2908 omne
1104 2854 1250 2924 quod
1288 2856 1569 2924 precessit
1595 2871 1838 2920 crucem,
1872 2859 2360 2914 condescensionis

777 2955 832 3000 et
869 2945 1268 3001 butniliationis
1298 2955 1509 3016 tempus
1545 2957 1706 3002 erat:
1773 2958 1903 3004 tunc
1951 2952 2047 3004 tibi
2083 2952 2361 3020 permitte-

779 3042 940 3095 batur
969 3042 1799 3110 cogitationibushumilioribus
1840 3044 2022 3097 iuuixc
2044 3043 2360 3111 acquiesce-

779 3150 857 3198 re,
891 3150 989 3191 uec
1024 3135 1311 3190 confertim
1351 3135 1417 3189 ad
1453 3138 1658 3204 majora
1707 3137 2012 3203 expulsam,
2047 3136 2213 3189 veluti
2240 3150 2359 3189 om-
2383 3172 2427 3234 Ο

778 3227 909 3279 nino
945 3227 1223 3280 ominibus
1256 3225 1532 3287 excidere,
1582 3237 1636 3280 et
1669 3226 1736 3279 ab
1768 3225 1836 3281 iis
1892 3226 2088 3290 avelli;
2124 3233 2181 3279 at
2211 3240 2356 3281 nunc

777 3329 994 3388 tempus
1049 3329 1134 3374 est
1174 3318 1492 3373 sublimium
1526 3329 1582 3372 et
1618 3319 1926 3374 divinarum
1963 3334 2170 3373 rerum.
2211 3317 2355 3374 Mors

777 3413 924 3466 enim
957 3412 1215 3478 absorpta
1250 3411 1306 3465 iu
1342 3412 1654 3475 victoriam,
1690 3412 1850 3466 morti
1894 3412 2019 3466 data
2046 3421 2150 3466 est.
2184 3411 2357 3465 Infer-

781 3521 886 3558 uus
942 3504 1177 3559 mortuis
1242 3506 1310 3558 ab
1357 3505 1505 3557 onmi
1568 3519 1686 3559 δινο
1743 3515 2029 3567 vacuatus,
2071 3505 2357 3576 tyrannide

778 3605 977 3650 exutus
1029 3605 1132 3656 est.
1195 3594 1430 3649 illustria
1486 3607 1687 3665 troptea
1737 3611 1832 3664 per
1886 3595 2351 3649 resurrectionem

779 3699 968 3744 contra
1022 3703 1216 3744 omnes
1256 3688 1446 3743 hostes
1477 3691 1771 3744 constituta
1808 3699 1978 3755 sunt;
2011 3689 2268 3758 quocirca
2303 3698 2356 3743 te

782 3791 1002 3850 oportet
1061 3792 1244 3836 mente
1303 3797 1522 3837 sursum
1579 3784 1644 3836 ad
1693 3783 2030 3848 sublimiora,
2071 3792 2125 3836 et
2171 3782 2354 3838 divina

779 3875 1135 3935 attollentem,
1164 3889 1272 3928 non
1321 3875 1526 3940 adhuc,
1561 3887 1618 3929 ut
1648 3877 1817 3944 prius,
1871 3891 1994 3946 qua:
2023 3876 2355 3932 condescen-

779 3967 953 4023 sionis
992 3976 1149 4022 erant
1179 3968 1478 4037 requirere,
1506 3984 1608 4024 uec
1636 3969 2020 4024 humilioribus
2047 3969 2352 4035 immorari,

780 4066 875 4112 aut
901 4074 1024 4114 cum
1048 4060 1154 4114 illis
1187 4059 1554 4114 circumferri.
1588 4059 1700 4115 lloc
1729 4061 1775 4116 si
1807 4071 1951 4116 recte
1981 4061 2352 4124 administres,

780 4152 836 4206 in
874 4161 1122 4221 promptu
1155 4153 1416 4220 reperies,
1447 4167 1546 4207 nec
1583 4153 1790 4207 errabit
1845 4152 1939 4207 tibi
1988 4155 2228 4217 animus,
2261 4152 2355 4206 de-

2461 570 2556 622 καὶ
2621 571 2841 642 μακρὰν
2889 572 3126 642 τίθησιν.
3179 575 3290 627 Καὶ
3340 574 3441 643 ὅρα
3509 573 3659 636 ὅπως
3699 574 3768 628 τδ
3805 617 3823 639 ,
3891 593 3913 624 ι
3959 577 4043 643 Μή

2468 680 2570 732 μου
2625 663 2819 728 ἅπτου,
2861 683 2881 716 ι
2925 665 3115 730 είπὼν,
3163 664 3242 730 τὸ,
3281 684 3300 716 ι
3344 667 3508 719 Οὔπω
3560 667 3692 736 γὰρ,
3745 687 3766 720 ι
3838 685 4044 721 σννεπο

2459 753 2690 823 ἡνεγκεν
2723 764 2748 802 ε
2789 772 2803 785 ·
2853 755 3032 818 διδοὺς
3069 756 3288 819 ὲλπὶδας
3331 758 3490 825 αὑτῇ,
3524 757 3601 820 ὡς
3625 759 3728 810 οὑκ
3773 759 3859 820 εἰς
3895 759 4043 818 die;

2457 844 2551 898 τοῦ
2591 846 2758 899 πόθου
2790 848 3192 916 ἀπελαθήσεται
3224 866 3236 876 ·
3263 848 3378 901 ἀλλ’
3407 849 3492 900 ὅτι
3535 851 3631 902 καὶ
3677 851 3801 919 μετ’
3833 850 4040 913 blind,

2457 933 2532 990 ὧν
2585 939 2952 1003 ἐσπούδασεν,
2999 940 3366 1006 snt-religatas“
3400 941 3598 994 ὡσανεὶ
3651 943 3859 1009 λέγων,
3912 941 4043 995 Ιίεθ¹

2459 1025 2526 1102 ἧς
2560 1033 2658 1100 μὲν
2695 1035 2972 1105 προσέρχῃ
3005 1052 3097 1102 μοι
3130 1034 3377 1103 γνώμης.
3406 1035 3506 1086 οὑκ
3531 1034 3709 1099 ἒξεστί
3745 1051 3834 1086 σοι
3875 1051 4040 1103 προσ-

2461 1124 2597 1177 ιέναι
2652 1142 2741 1192 μοι
2771 1141 2785 1154 °
2834 1125 2956 1178 οὐδὲ
2998 1125 3108 1195 γὰρ
3155 1126 3220 1178 ἂν
3265 1126 3453 1194 τύχοις
3509 1126 3608 1194 τῆς
3651 1126 3906 1193 ἐφέσεως
3935 1141 3950 1153 ·
3983 1128 4042 1178 ἂν

2457 1215 2514 1268 δὲ
2565 1218 2686 1277 ταῖς
2709 1215 3066 1286 ὑψηλοτέραις
3087 1218 3180 1270 καὶ
3219 1216 3547 1285 θεοπρεπέσι
3575 1216 3860 1278 διανοίαις
3891 1233 4041 1269 σεαυ-

2455 1305 2548 1358 τὸν
2575 1306 2604 1345 ιι
2637 1307 2848 1378 ὲπὰρῃς
2871 1308 2980 1360 τῶν
3003 1307 3293 1369 ταπεινῶν,
3338 1306 3837 1377 συγχωρηθήσεταί
3873 1324 3961 1360 σοι
3993 1310 4041 1346 ι’

2457 1399 2494 1468 ἡ
2547 1399 2826 1468 πρόσοδος.
2858 1399 2950 1451 καὶ
2986 1397 3251 1469 μειζόνων
3300 1397 3600 1468 ἀξιωθήσῃ,
3634 1398 3669 1466 ἢ
3701 1389 3900 1467 ὧνπερ
3957 1399 4042 1466 ᾗ-

2458 1507 2645 1555 πισας.
2679 1491 2790 1545 Καὶ
2843 1490 3031 1561 γὰρ,ή
3078 1490 3180 1560 μὲν
3217 1487 3599 1556 ἑὸοὑ).ετο,οἷα
3648 1490 3715 1562 δὴ
3757 1491 3860 1543 καὶ
3917 1495 4038 1560 πρὸ·

2455 1601 2635 1654 τερον,
2695 1583 3209 1655 ἀνθρωπικώτερον,
3265 1586 3358 1637 καὶ
3404 1584 3546 1638 κατὰ
3590 1584 3684 1637 τὸν
3744 1584 3855 1654 τῆς
3901 1584 4041 1636 οίκοο

2457 1675 2650 1744 νομίας
2668 1675 2868 1747 τρόπον
2893 1675 2978 1747 τῷ
3002 1677 3246 1746 Δεσπότῃ
3271 1675 3836 1747 συναναστρέφεσθαι.
3869 1676 4042 1729 nam

2457 1765 2568 1838 γὰρ
2617 1767 2865 1833 τοιαῦτα,
2919 1767 3015 1820 καὶ
3068 1766 3146 1839 τῷ
3198 1769 3357 1839 τάφῳ
3407 1769 3892 1840 παρακαθημένη,
3945 1768 4042 1835 ιμ.

2459 1859 2664 1930 πραττέ
2716 1873 2733 1901 ι
2779 1876 2839 1913 τε
2896 1859 2990 1913 καὶ
3044 1858 3357 1928 ἐλογίζετοο
3425 1860 3573 1933 μύρα
3619 1861 3878 1932 φέρουσα
3913 1876 3929 1892 ·
3964 1862 4042 1914 δα-

2459 1949 2699 2022 κρύουσα
2723 1967 2739 1982 ο
2771 1951 3115 2021 μετατίθεσιν
3142 1952 3157 2003 i
3209 1953 3510 2008 ὑπονοοῦσα
3543 1955 3642 2025 τὴν
3696 1954 3950 2026 ἔγερσιν.
3989 1956 4042 2006 'U

2458 2043 2515 2096 δὲ
2546 2043 2750 2114 ταύτην
2780 2047 2826 2095 1⁸
2869 2046 3101 2112 ἀπάγων
3131 2046 3228 2114 τῆς
3273 2046 3471 2117 ὁρμῆς,
3503 2048 3598 2100 καὶ
3646 2047 3761 2100 τῶν
3787 2046 4042 2100 τοιούτων

2457 2135 2823 2208 διακαθαίρων
2852 2137 3139 2203 ὑπονοιῶν,
3174 2137 3252 2191 ἔτι
3287 2141 3344 2192 δὲ
3385 2139 3482 2193 καὶ
3509 2139 3573 2192 τδ
3603 2140 3851 2211 ἄκαιρον
3883 2139 4043 2192 ἔνδει-

2459 2231 2592 2291 κνὺς
2642 2230 2737 2283 καὶ
2806 2229 3069 2283 ἀδύνατον
3113 2230 3213 2300 τῆς
3267 2231 3656 2302 ἐγχειρήσεως,
3720 2249 3741 2282 ι
3798 2231 3895 2301 Μή
3949 2247 4042 2299 μου

2461 2321 2657 2386 ἅπτου,
2686 2322 2851 2394 φησίν
2868 2339 2882 2351 ’
2902 2323 3056 2377 οὑπω
3079 2323 3187 2394 γὰρ
3211 2323 3526 2392 ἀναϐέϐηκα
3549 2323 3690 2394 πρὸς
3704 2321 3802 2376 τδν
3832 2324 4042 2389 Πατέρα

2462 2428 2601 2483 μου⁶
2643 2433 2662 2466 ι
2697 2416 2998 2476 τουτέστιν,
3032 2415 3107 2469 Οὑ
3138 2412 3383 2486 προσῆκέ
3411 2415 3512 2485 τὴν
3558 2416 3659 2486 σὴν
3715 2415 4041 2483 ἀρέσκειαν,

2458 2507 2559 2576 τῆς
2587 2509 2772 2576 κοινῆς
2801 2509 3060 2579 προνοίας
3099 2509 3375 2579 προτιμᾷν
3397 2547 3415 2572 ,
3445 2508 3540 2561 καὶ
3581 2506 3678 2560 τοῦ
3715 2507 3826 2576 τῆς
3873 2511 4045 2561 οἰκου-

2464 2597 2630 2666 μένης
2651 2597 2677 2636 κ
2708 2597 3100 2669 συμφέροντος
3127 2596 3247 2650 οὑδὲ
3274 2595 3366 2648 τὸν
3398 2597 3490 2648 σὸν
3521 2595 3688 2648 πόθον
3703 2594 4044 2663 ἀφοσιούμεο

2460 2707 2571 2751 νον,
2597 2689 2697 2757 τὴν
2722 2689 2781 2741 ὲν
2803 2691 2929 2756 ἐμοὶ
2958 2687 3220 2757 πατρῴαν
3251 2687 3694 2750 ωνεπισκιάζειν
3723 2685 3811 2738 ἔτι
3863 2687 4045 2754 θεότη-

2460 2797 2550 2843 τα,
2587 2781 2680 2833 καὶ
2703 2781 2778 2844 ὡς
2808 2777 3084 2852 ἀνθρώπῳ
3106 2777 3249 2848 ψιλῷ
3279 2777 3360 2830 ἔτι
3404 2776 3695 2848 ἀνέχεσθαι
3753 2779 4043 2845 προσιέναι

2465 2891 2555 2943 μοι
2574 2890 2588 2903 ·
2622 2868 2691 2942 ἦν
2715 2873 2814 2941 μὲν
2844 2873 2955 2942 γὰρ
2984 2873 3093 2925 τῶν
3122 2874 3224 2940 τῆς
3256 2869 3743 2937 συγκαταϐάσεως,
3775 2874 3877 2924 καὶ
3905 2868 3920 2901 ¹
3958 2886 4043 2921 τσ-

2462 2965 2811 3033 πεινοτέρων,
2840 2967 2869 3016 ὁ
2898 2963 3005 3034 πρὸ
3033 2962 3128 3016 τοῦ
3159 2962 3393 3033 σταυροῦ
3419 2963 3607 3033 καιρὸς
3629 3003 3645 3027 ,
3675 2963 3766 3015 ὅτε
3817 2962 3918 3015 καὶ
3969 2964 4044 3014 σοὶ

2462 3054 2878 3122 παρεχωρεῖτο,
2927 3053 3042 3114 τοῖς
3096 3050 3510 3121 ταπεινοτέροις
3563 3048 3880 3117 λογισμοῖς,
3940 3042 4043 3098 οἷον

2463 3142 2908 3212 ἀναπαυομένην,
2964 3140 3466 3212 ὑποστηρίζεσθαι,
3512 3142 3606 3192 καὶ
3669 3139 3748 3209 μὴ
3799 3140 3945 3208 πρὸς
3982 3143 4043 3190 τὰ

2465 3231 2656 3303 μείζω,
2687 3231 2968 3302 καταρχὰς
3002 3232 3096 3286 καὶ
3118 3231 3336 3303 ἀθρόον,
3363 3231 3792 3301 ὲκόιαζομένην,
3825 3232 4044 3284 πάντων

2461 3326 2749 3378 ἐκπίπτειν
2772 3326 2868 3378 καὶ
2899 3324 3072 3378 ὑποσύ
3083 3322 3268 3393 ρεσθαι
3283 3337 3302 3356 ο
3336 3322 3432 3377 νῦν
3457 3322 3534 3384 δὲ,
3553 3322 3666 3375 τῶν
3688 3323 4043 3393 ὑψηλοτέρων

2458 3419 2553 3470 καὶ
2603 3417 2764 3470 θείων
2817 3417 3117 3486 ἐφέστηκεν
3152 3417 3182 3468 ό
3234 3417 3443 3486 καιρός.
3467 3414 3716 3476 Θάνατος
3777 3416 3930 3485 γὰρ,
3971 3418 4043 3476 είς

2459 3513 2606 3572 νῖκος
2637 3508 2994 3572 καταποθεὶς,
3020 3508 3390 3563 τεθανάτωται
3421 3523 3438 3539 ’
3472 3508 3571 3561 καὶ
3597 3508 3755 3577 ᾇᾞς,
3793 3509 3911 3561 τῶν
3955 3510 4041 3560 ἀπ’

2458 3603 2653 3667 αἰῶνος
2703 3603 2917 3674 νεκρῶν
2948 3602 3228 3666 κενωθεὶς,
3257 3601 3358 3670 τῆς
3407 3601 3724 3671 τυραννίδος
3783 3601 4044 3670 ἐκϐέϐλη-

2457 3711 2578 3749 ταιο
2613 3695 2713 3748 καὶ
2743 3695 2970 3766 λαμπρά
3003 3693 3145 3747 κατὰ
3166 3696 3386 3747 πάντων
3409 3692 3620 3762 ἐχθρῶν
3667 3692 3759 3744 διὰ
3792 3694 3899 3762 τῆς
3919 3696 4041 3747 ἁνα-

2459 3788 2700 3850 στὰσεως
2749 3787 2956 3857 ἠγέρθη
3011 3785 3081 3839 τὰ
3117 3784 3380 3856 τρόπαια.
3435 3784 3559 3854 Χρὴ
3605 3785 3915 3854 τοιγαροῦν
3957 3787 4043 3839 καὶ

2459 3880 2540 3945 σὲ,
2572 3878 2709 3950 πρὸς
2733 3879 2803 3932 τὰ
2828 3877 3139 3949 ὑψηλότερα
3164 3877 3258 3930 καὶ
3284 3874 3564 3947 θεοπρεπῆ
3605 3875 3702 3928 τὸν
3742 3876 3881 3930 νοῦν
3922 3879 4042 3930 dva-

2456 3972 2754 4043 φέρουσαν,
2787 3971 2987 4042 μηκέτι
3015 3971 3084 4024 τὰ
3108 3970 3374 4040 πρότερα,
3411 3967 3599 4023 καὶτὰ
3629 3969 3734 4039 τῆς
3760 3986 4041 4038 συγκατα-

2456 4064 2689 4129 6ἀσεως,
2714 4064 3019 4133 ἐπιζητεῖν
3055 4063 3193 4133 μηδὲ
3230 4064 3344 4125 τοῖς
3386 4061 3805 4131 ταπεινοτέροις
3853 4064 4043 4117 ἐναπο-

2459 4157 2662 4228 μένειν,
2699 4156 2793 4210 καὶ
2824 4154 3357 4226 συγκαταφέρεσθαι.
3385 4155 3558 4211 Τοῦτο
3580 4156 3637 4210 δὲ
3667 4158 4038 4228 κατορθοῦσα,

780 4245 1099 4300 sideratum.
1126 4243 1416 4315 Couceptis
1438 4246 1608 4308 enim,
1640 4260 1777 4315 quas
1809 4245 2044 4299 nandum
2071 4246 2352 4310 imbibisti,

781 4337 948 4390 rectis
1001 4335 1446 4405 cogitationibus,
1502 4337 1675 4389 multo
1731 4336 1904 4404 magis
1951 4336 2351 4390 incarnationis

2456 4249 2713 4320 εὑρήσεις
2757 4249 2817 4316 ἐξ
2866 4249 3111 4317 ἑτοίμου.
3149 4249 3241 4302 καὶ
3300 4249 3362 4302 οὑ
3410 4249 3768 4323 σφαλλομένῃ
3824 4251 4038 4323 γνώμη,

2456 4339 2518 4392 τὸ
2565 4339 2901 4412 ποθούμενον
2932 4357 2947 4373 ο
3009 4339 3250 4394 λαϐοῦσα
3310 4343 3438 4413 γὰρ,
3475 4341 3540 4404 ἃς
3589 4342 3751 4397 οὔπω
3782 4345 4040 4414 εἴληφας.

781 4425 1002 4480 modum
1034 4426 1361 4482 itteﬂabiletlt
1387 4437 1442 4480 et
1471 4427 1943 4496 supernuluralem
1971 4426 2350 4490 admiraberis,

2459 4431 2625 4501 ὀρθὰς
2657 4429 2956 4500 ὑπολήψεις
2976 4470 2991 4496 ,
3017 4432 3138 4485 τότε
3167 4432 3366 4502 μᾶλλον
3395 4433 3494 4485 καὶ
3524 4432 3625 4500 τῆς
3678 4434 4041 4506 ὲνανθρωπή-

779 4528 835 4572 et
870 4519 1132 4590 majorem
1158 4519 1415 4574 ostendes
1446 4520 1700 4573 allectum
1733 4521 1787 4573 iu
1827 4534 1912 4574 me
1940 4519 2350 4582 benevolentia,

2459 4538 2596 4585 σεως
2633 4521 2726 4575 τὸν
2755 4521 2993 4593 ἄρρητον
3020 4523 3117 4574 καὶ
3155 4523 3413 4592 ὑπερφυᾶ
3456 4521 3764 4592 θαυμάσεις
3813 4526 4036 4594 τρόπον,

778 4626 945 4682 quam
974 4621 1058 4667 est
1083 4627 1206 4682 qua:
1231 4611 1535 4675 inhibetur,
1568 4628 1692 4665 cum
1727 4611 1934 4679 abjecte
1961 4629 2045 4665 me
2085 4611 2350 4666 accedere

2459 4613 2554 4666 xui.
2583 4612 2768 4677 πλέον,
2803 4614 2836 4682 ῆ
2869 4612 2979 4680 ἐγώ
3013 4630 3095 4667 σοι
3119 4614 3387 4678 ἀπεῖπον,
3417 4614 3807 4684 εὐλαϐουμένη
3847 4633 4039 4670 ταπειο

779 4713 834 4759 et
857 4706 1194 4774 contingere,
1229 4720 1338 4774 prae
1372 4705 1566 4759 timore
1592 4715 1646 4759 et
1673 4705 1996 4768 reverentia,
2033 4720 2141 4758 non
2182 4704 2348 4759 susti-

2459 4704 2558 4768 νῶς
2605 4722 2695 4774 μοι
2746 4706 3026 4775 προσιέναι
3063 4706 3156 4758 καὶ
3198 4706 3750 4774 ἐφάπτεσθαι,ἀξίαν
3779 4711 3887 4762 καὶ
3947 4711 4038 4778 τῆς

779 4793 1000 4857 uueris;
1041 4807 1252 4862 nempe,
1284 4793 1508 4861 dignum
1535 4807 1655 4846 mea
1687 4793 1994 4858 divinitate,
2031 4805 2084 4848 ct
2120 4803 2210 4848 tua
2244 4795 2350 4849 lide

2459 4797 2594 4867 ἐμῆς
2623 4798 2896 4868 θεότητος,
2927 4798 3147 4867 καὶτῆς
3196 4797 3298 4866 σῆς
3345 4797 3592 4860 ἐντελοῦς
3624 4799 3906 4864 πίστεως,
3930 4802 4038 4853 ἑπι-

776 4883 887 4952 jam
915 4883 1186 4938 absoluta.
1230 4881 1392 4936 Certe
1424 4883 1570 4952 quod
1601 4899 1708 4937 non
1737 4897 1987 4938 sermone
2013 4885 2350 4940 antecedenti

2459 4889 2646 4956 δείξεις
2673 4890 2763 4943 τὸν
2791 4890 2872 4953 εἰς
2906 4890 3006 4960 ἐμὲ
3040 4889 3206 4942 πόθον
3237 4890 3332 4942 καὶ
3360 4890 3462 4960 τὴν
3495 4887 3734 4944 εὔνοιαν.
3770 4891 3907 4945 Ὀτι
3939 4893 4037 4961 γὰρ

781 4975 1104 5042 simpliciter
1165 4989 1195 5028 a
1249 4982 1394 5027 tactu
1445 4973 1839 5043 prohibebatur
1866 4975 1957 5028 illa
2001 4976 2222 5039 lentius,
2257 4976 2350 5031 sed

2459 4980 2573 5050 οὐχὶ
2589 4979 2689 5048 τῆς
2718 4979 2953 5049 ἐπαφῆς,
2990 4979 3389 5050 προηγουμένῳ
3413 4980 3557 5050 λόγῳ
3575 4981 3670 5032 καὶ
3692 4981 3828 5034 καθ’
3856 4984 4035 5045 ἑαυτὸ.

781 5077 991 5120 tantum
1027 5067 1173 5137 quod
1203 5081 1270 5120 ex
1305 5077 1519 5121 terrena
1556 5075 1610 5122 et
1642 5068 1838 5122 humili
1900 5068 2227 5138 cogitatione
2256 5083 2355 5122 vo-

2459 5069 2512 5123 τδ
2547 5070 2772 5138 γύναιον
2801 5071 3095 5136 ἐκωλύετο,
3127 5071 3244 5124 ἀλλ’
3277 5074 3359 5125 ὅτι
3385 5075 3662 5135 ταπεινοῖς
3704 5073 3806 5126 καὶ
3834 5093 4035 5145 χαμαιο

780 5159 924 5216 lebat
981 5169 1226 5230 tangere,
1287 5159 1664 5228 conjecturam
1721 5159 1928 5215 faciunt
1977 5161 2110 5214 satis
2147 5159 2348 5214 claram

2459 5163 2640 5216 πετέσι
2686 5162 2970 5232 λογισμοῖς
3011 5162 3092 5215 ἔτι
3138 5162 3398 5217 διενοεῖτο
3450 5164 3903 5234 προσάπτεσθαι,
3952 5183 4033 5220 τεο

779 5252 1036 5308 mulieres
1092 5253 1198 5306 illa:
1228 5251 1350 5305 dua:
1406 5266 1528 5321 qua
1566 5252 1782 5306 obviam
1822 5251 1959 5306 forte
1996 5251 2226 5305 Domino
2261 5253 2353 5305 lie-

2459 5254 2746 5324 κμηριοῦσι
2773 5254 2960 5324 σαφῶς
2997 5254 3093 5309 καὶ
3121 5256 3178 5307 αἱ
3220 5256 3629 5326 συναντήσασαι
3659 5255 3746 5327 τῷ
3781 5260 4031 5329 Δεσπότῃ

785 5342 929 5411 nam,
973 5347 1195 5417 quibus,
1252 5344 1483 5409 Salvete,
1534 5346 1686 5400 salus
1745 5345 1990 5399 omnium
2045 5345 2193 5399 clara
2222 5359 2352 5398 voce

2459 5348 2539 5401 5:30
2579 5348 2836 5415 γυναῖκες
2862 5363 2876 5376 ’
2907 5342 2996 5412 αἷς
3055 5348 3117 5399 τό
3143 5364 3224 5412 τε,
3271 5349 3533 5416 Χαίρετε,
3564 5350 3600 5419 ἠ
3630 5352 3863 5404 πάντων
3893 5356 4029 5423 χαρὰ

777 5430 1128 5509 pronuntiat;
1165 5445 1220 5492 et
1258 5451 1387 5492 cum
1411 5436 1687 5492 mentibus
1718 5444 1775 5491 et
1807 5436 2062 5491 manibus
2094 5450 2352 5491 consum-

2459 5437 2721 5508 λαμπρῶς
2755 5437 3092 5509 προσφωνεῖ,
3127 5431 3363 5490 καὶτῶν
3396 5438 3684 5508 ἀχράντων
3713 5439 3904 5494 ποδῶν
3943 5456 4029 5492 τε-

2052 5612 2290 5669 VARIE
2335 5613 2736 5674 LECTIONL‘S.

850 5733 873 5771 ε
901 5730 962 5784 C.
997 5728 1070 5782 Μ.
1114 5729 1466 5801 συνήνεγκεν.
1532 5724 1638 5801 ξϐ.
1664 5726 1733 5783 Μ.
1765 5730 2007 5801 σαυτήν.
2040 5729 2090 5768 ιδ’
2123 5727 2247 5782 add.
2284 5746 2355 5786 κα

2459 5729 2561 5786 lC.
2592 5727 2941 5799 Μ.ἒπραττε.
2996 5727 3010 5781 i
3045 5729 3108 5786 C.
3139 5727 3211 5786 Μ.
3252 5728 3559 5801 μετάθεσιν.
3627 5728 3674 5777 ι’
3699 5728 3785 5784 to.
3833 5727 4025 5795 ταύτῃ)

779 5803 798 5843 ι
839 5806 922 5857 ῖσ.
947 5805 1134 5873 xii-vn.
1159 5803 1222 5855 (3.
1247 5800 1322 5853 Μ.
1358 5798 1567 5852 καὶτοῦ
1587 5801 1698 5862 τοῖς
1725 5801 1832 5854 οἰκ.
1921 5798 1963 5838 ⁷¹
1987 5800 2070 5854 ῖσ.
2105 5801 2230 5854 τῶν.
