4162 6442
120 494 220 556 989

992 491 1092 552 AD
1128 479 1721 548 AMPIIIIDCHIUM
1758 476 2101 550 QUIESTIO
2154 475 2466 537 CCXVIII.

3244 478 3350 541 990

117 584 487 656 τελειωμέναις
516 586 611 641 καὶ
631 586 793 659 φρεσὶ
814 583 910 639 καὶ
934 582 1123 653 χερσὶν
1146 579 1365 649 έφίησιν
1384 574 1673 631 ἅπτεσθαι.

1777 584 1936 625 mata:
1949 575 2154 635 essent,
2202 568 2575 625 immaculatos
2610 570 2771 641 pedes
2802 572 3120 644 contingere
3146 578 3347 643 permi-

128 676 271 730 Ἐπεὶ
292 677 348 730 δὲ
369 677 506 741 τέως
531 677 864 747 ἐφάπτεσθαι
886 674 948 727 τὺ
966 672 1189 741 γύναιον
1238 667 1561 729 εκεκὼλυτο,
1585 666 1674 718 ἵνα

116 772 186 841 μὴ
224 771 600 841 διαμαρτοῦσα
625 774 725 842 τῆς
766 768 1021 838 σπουδῆς,
1047 767 1129 827 είς
1161 763 1339 831 λύπην
1364 761 1459 814 καὶ
1489 759 1674 826 λογισ-

116 864 239 932 μοὺς
262 863 499 933 ἐμπέσῃ·
520 862 741 915 εὔκολον
760 860 868 931 γάρ
897 859 958 912 τὸ
983 857 1139 925 γένος
1167 854 1303 924 πρὸς
1328 851 1675 920 ὀλιγοψυχίαν

114 955 203 1006 καὶ
223 955 495 1007 ὑπόνοιαν·
513 954 598 1016 Ὠς
609 952 974 1023 παρεώραμαι
996 948 1102 1010 εὼς
1120 944 1374 1014 ὲξουθένη
1384 961 1479 1014 μαι
1495 943 1508 995 !
1529 942 1675 1011 οῐμοι

114 1046 311 1110 λοιπὸν,
334 1045 416 1107 τίς
436 1046 710 1113 γένωμαις
765 1044 882 1096 Ἵνα
908 1037 1000 1095 οὖν
1024 1039 1099 1111 μὴ
1119 1039 1255 1107 πρὸς
1273 1035 1446 1089 ταῦτα
1471 1035 1672 1105 δράμῃ,

114 1133 395 1206 προλαϐὼν
416 1134 583 1203 αὐτὴν
605 1136 633 1185 ὁ
647 1131 859 1201 Σωτὴρ,
875 1131 1208 1201 ψυχαγωγεῖ·
1231 1129 1345 1192 καὶ,
1369 1146 1388 1178 ι
1413 1124 1672 1197 Πορεύου,

114 1225 267 1291 φησὶ,
297 1224 433 1293 πρὸς
466 1225 592 1285 τοὺς
642 1220 903 1288 ἀδελφούς
945 1236 1069 1289 μου,
1126 1218 1219 1271 καὶ
1263 1218 1383 1270 εἰπὲ
1416 1215 1620 1276 αὐτοῖς’
1650 1232 1670 1263 ο

112 1315 228 1368 δυσὶ
286 1314 532 1385 τρόποις,
583 1313 670 1366 διὰ
725 1311 833 1364 τῶν
880 1311 1143 1382 ῥημάτων
1190 1308 1414 1371 τούτων,
1437 1307 1527 1358 τὸν
1578 1305 1707 1358 τά-·

116 1422 277 1476 ραχον
326 1405 645 1459 ἀπελαύνων
681 1404 790 1456 τῶν
810 1402 1106 1472 λογισμῶν,
1134 1403 1228 1454 καὶ
1257 1399 1393 1469 πρὸς
1414 1399 1678 1468 εὐθυμίαν

113 1498 279 1568 αὐτὴν
325 1495 657 1566 παρακαλῶν
682 1512 695 1526 ’
726 1494 809 1547 svi
858 1494 976 1564 μὲν,
1006 1494 1197 1563 ὅτιπερ
1234 1492 1402 1561 αὑτὴν
1443 1491 1676 1556 εὑαγγε-

112 1587 358 1659 λίστριαν
387 1588 712 1657 ἐχειροτόνει
736 1588 834 1656 τῆς
867 1584 1216 1647 ἀναστάσεως
1248 1599 1262 1614 ·
1298 1583 1469 1653 ἑτέρῳ
1497 1580 1577 1643 δὲ,
1606 1580 1675 1632 δι’

112 1676 185 1733 ὧν
205 1679 275 1732 τά
302 1680 393 1732 ίσα
423 1680 516 1732 καὶ
543 1681 656 1742 τοῖς
682 1677 969 1750 μαθηταῖς,
988 1677 1055 1729 δι’
1074 1676 1242 1747 αὑτῆς
1268 1676 1504 1743 ἐκείνης,
1536 1691 1676 1746 παρ-

109 1771 411 1827 εκελεύετο.
447 1772 558 1825 Καὶ
584 1770 693 1841 γάρ
720 1787 855 1841 φησι
883 1787 899 1803 ο
938 1787 959 1821 ε
998 1768 1107 1822 Καὶ
1139 1767 1262 1822 εἰπὲ
1288 1766 1493 1830 αὑτοῖς.
1519 1768 1675 1820 ’Δναο

109 1864 281 1919 ϐαίνω
312 1864 448 1934 πρὸς
471 1865 564 1917 τὸν
594 1862 820 1934 Πατέρα
849 1879 953 1960 μου
983 1876 999 1892 ⁸
1042 1879 1062 1913 ι
1094 1859 1185 1960 Eva
1211 1859 1372 1960 είπῃς
1396 1868 1437 1898 ιι
1458 1900 1471 1922 ,
1498 1858 1588 1960 bii)
1705 1903 1749 1960 υ

110 1955 367 2022 λυπείτω,
396 1955 479 2009 ὅτι
525 1952 934 2027 προσάπτεσθαι
964 1969 1067 2023 μου
1092 1949 1396 2005 διεκώλυσα
1426 1966 1443 1983 ο
1472 1949 1533 2003 οὑ
1562 1952 1671 2019 γὰρ

113 2047 397 2119 παρορῶν,
430 2046 464 2117 ἢ
489 2045 825 2118 ἐνυϐρίζων,
855 2044 1014 2099 τοῦτο
1043 2042 1256 2115 ἔπραξα
1278 2059 1293 2073 ·
1333 2038 1448 2096 ἀλλ’
1480 2044 1514 2113 ή
1564 2041 1675 2095 τῶν

110 2140 452 2209 πραγμάτων
483 2140 665 2208 φύσις,
692 2140 787 2193 καὶ
819 2141 916 2210 τῆς
948 2136 1083 2208 ἐμῆς
1114 2136 1369 2208 προνοίας
1400 2136 1496 2188 καὶ
1532 2136 1677 2188 οίκο-

112 2231 310 2300 νομίας
342 2234 371 2284 ὁ
399 2231 641 2301 ἄρὸητος
671 2230 892 2301 θεσμὸς,
922 2234 1081 2284 τοῦτο
1095 2230 1317 2300 κρατεῖν
1346 2228 1439 2281 ἐπὶ
1459 2228 1676 2282 πάντων

110 2319 361 2389 βούλεται
384 2336 397 2349 ·
430 2322 521 2373 καὶ
546 2322 699 2375 οὑδὲν
735 2320 879 2386 ἕξεις
912 2319 1153 2386 ἔλαττον,
1184 2320 1233 2372 εί
1261 2319 1335 2391 μὴ
1363 2319 1462 2372 καὶ
1489 2317 1674 2383 πλέον,

106 2411 209 2481 τῆς
240 2411 338 2479 σῆς
366 2410 599 2483 σπουδῆς
642 2411 705 2464 οὑ
735 2411 1164 2482 συντελεσθήσης
1191 2418 1242 2469 ³.
1286 2411 1416 2466 Ἰδοὺ
1454 2410 1563 2482 γάρ
1614 2427 1675 2463 σε

110 2500 207 2553 καὶ
254 2504 475 2573 κήρυκα
508 2503 729 2573 πέμπω,
766 2504 876 2565 τοῖς
906 2502 1197 2572 μαθηταῖς,
1223 2502 1323 2573 τῆς
1360 2502 1501 2573 ἐμῆς
1539 2502 1673 2556 ἀνα-

111 2590 355 2655 στάσεως
391 2606 407 2623 ’
442 2592 720 2655 κάκείνοις
753 2591 832 2656 δὲ,
867 2592 934 2645 τὰ
960 2592 1102 2645 αὑτά
1135 2609 1238 2661 σοι,
1269 2592 1675 2665 διακελεύομαι,

107 2680 332 2747 ειδέναι,
378 2681 512 2755 πρὸς
543 2683 635 2735 τδν
666 2684 887 2753 Πατέρα
916 2700 983 2753 με
1015 2682 1394 2749 ἀναϐαίνοντα,
1434 2684 1528 2737 καὶ
1574 2700 1678 2754 μη-

106 2772 231 2825 κέτι
264 2775 386 2837 ταῖς
430 2774 726 2846 προτέραις
779 2775 958 2841 δόξαις
1016 2775 1406 2846 ὑποφέρεσθαι,
1445 2776 1679 2829 ταπεινά

108 2864 559 2936 φανταζομένους
594 2867 723 2939 περὶ
760 2867 895 2938 ἐμοῦ
926 2868 1020 2921 καὶ
1062 2867 1399 2937 ἀνθρώπινα,
1446 2866 1680 2922 συνοδοι-

107 2959 303 3026 πορεῖν
330 2957 489 3011 πάλιν
525 2966 573 3023 ο,
610 2958 684 3022 ὡς
710 2960 771 3011 τὸ
806 2962 936 3030 πρὶν
960 3001 976 3024 ,
1010 2961 1103 3013 καὶ
1154 2959 1529 3030 συνδιαφέρειν
1581 2958 1679 3013 πό-

107 3062 238 3108 νους
273 3048 367 3100 καὶ
392 3047 568 3111 λύπας
591 3088 607 3115 ,
638 3047 878 3119 συνεχῶς
902 3066 960 3101 τε
997 3049 1384 3121 ἐπιχωριάζειν
1420 3049 1516 3103 καὶ
1548 3065 1677 3103 συν·-

104 3138 413 3204 αλίζεσθαι.
440 3141 511 3194 Σὺ
555 3140 612 3195 δέ
669 3158 759 3211 μοι
804 3141 1017 3204 σκόπει,
1050 3142 1199 3204 ὅπως
1233 3142 1326 3195 καὶ
1352 3139 1677 3209 ἀδελφοὺς,

1774 659 1865 714 sit.
1890 660 1959 713 At
1990 660 2430 729 quandoquidem
2458 661 2654 717 mulier
2683 666 3001 735 contingere
3030 665 3192 721 vetita
3223 663 3346 730 fuit,

1772 767 1843 807 ne
1864 767 1928 805 ex
1959 751 2206 806 studioso
2228 752 2501 806 desiderio
2530 753 2730 822 reiecto
2751 756 3008 809 maestitia
3038 755 3346 812 afﬁceretur

1773 844 2034 916 (proclive
2056 843 2323 912 siquidem
2348 854 2431 898 est
2452 846 2714 902 muliebre
2727 864 2897 917 genus
2918 850 2971 903 in
2990 849 3351 919 pusillanimi—

1772 948 1936 992 tatem
1962 947 2015 991 et
2040 937 2406 1007 suspicionem
2431 950 2775 1009 contemptus
2817 953 2869 995 et
2892 942 3209 1011 despectus;
3241 959 3349 997 un-

1772 1030 1859 1094 de,
1886 1029 1981 1084 llei
2008 1031 2162 1095 mihi,
2188 1044 2435 1099 quaenam
2460 1045 2559 1100 ego
2589 1033 2773 1099 sum?)
2799 1031 2876 1087 Ne
2901 1034 3121 1102 inquam
3148 1036 3215 1089 ad
3248 1034 3352 1088 bu-

1770 1123 2013 1193 jusmodi
2041 1133 2349 1178 recurreret
2376 1162 2391 1188 ,
2425 1124 2685 1193 pra-.venit
2709 1138 2829 1178 eam
2878 1123 3127 1179 Salvator
3150 1142 3350 1181 cense-

1776 1215 1959 1274 laudo.
1987 1224 2061 1280 et,
2099 1233 2117 1265 ι
2152 1213 2315 1279 Vade,
2337 1219 2431 1281 ait,
2457 1216 2524 1269 ad
2562 1214 2758 1269 fratres
2785 1231 2955 1282 meos,
2983 1219 3141 1271 etdic
3164 1218 3292 1272 illis.
3326 1236 3345 1269 ι

1777 1305 2001 1360 Duobus
2051 1306 2227 1361 modis
2267 1322 2361 1376 per
2416 1307 2575 1362 verba
2630 1307 2733 1361 ista
2775 1309 3167 1363 tumultuantes
3200 1309 3355 1363 able-

1776 1398 1925 1468 gavit
1975 1398 2352 1468 cogitationes,
2402 1410 2457 1453 et
2484 1399 2550 1454 ad
2583 1402 2719 1453 bene
2752 1399 3046 1452 animatam
3074 1413 3200 1453 esse
3223 1413 3347 1452 eam

1775 1488 2021 1543 devocat.
2092 1487 2250 1543 Prior
2294 1499 2398 1551 est,
2433 1490 2576 1559 quod
2615 1489 3057 1559 evangelistriam
3090 1503 3345 1543 resurre-

1774 1578 1973 1633 ctionis
2000 1593 2113 1632 suae
2138 1593 2260 1633 eam
2289 1577 2415 1631 facit
2449 1597 2464 1633 :
2495 1579 2786 1645 posterior,
2834 1580 2981 1648 quod
3016 1579 3134 1647 ipsa
3161 1593 3256 1648 per
3286 1593 3350 1632 se

1770 1669 1995 1739 jubetur
2047 1669 2411 1738 aqualitatem
2442 1659 2642 1725 habere
2687 1684 2812 1724 cum
2837 1669 3168 1739 discipulis;
3197 1669 3353 1723 addit

1772 1762 1943 1825 enim,
1963 1779 1982 1812 ε
2009 1758 2075 1815 Ει
2104 1758 2209 1816 illis
2235 1760 2420 1827 dicito,
2446 1761 2697 1817 Ascendo
2717 1761 2785 1817 ad
2806 1760 3025 1816 Patrem
3063 1775 3244 1815 meum
3268 1778 3283 1816 :
3321 1778 3342 1813 ι

1774 1854 1932 1925 quasi
1963 1853 2168 1909 diceret
2200 1870 2213 1908 :
2246 1851 2363 1908 Noli
2420 1853 2623 1908 tristari
2662 1854 2809 1924 quod
2848 1868 2935 1908 me
2967 1862 3189 1922 tangere
3235 1865 3349 1907 non

1776 1946 2150 2017 permiserim;
2184 1960 2360 2016 neque
2388 1946 2532 2000 enim
2556 1944 2881 2016 despiciens,
2909 1956 3005 1998 aut
3040 1952 3095 1999 te
3124 1944 3350 2013 insuper

1775 2038 1981 2092 habens
2003 2037 2136 2091 illud
2170 2037 2291 2108 egi;
2325 2037 2420 2091 sed
2452 2036 2892 2106 rerumipsarum
2924 2045 3117 2101 status,
3146 2044 3201 2089 et
3230 2051 3330 2093 na—

1776 2138 1919 2193 tura,
1969 2137 2025 2182 et
2072 2128 2159 2183 lex
2210 2142 2347 2183 mea:
2399 2128 2749 2197 providentia:
2815 2136 2871 2181 et
2918 2127 3350 2197 dispensationis

1776 2218 2092 2283 ineﬂabilis,
2147 2218 2201 2271 id
2261 2218 2333 2271 ita
2376 2217 2493 2271 vult
2524 2218 2792 2285 imprimis
2839 2218 3089 2273 obtinere
3125 2236 3140 2272 :
3172 2234 3351 2286 neque

1776 2313 1958 2366 minus
1989 2311 2087 2365 tibi
2126 2311 2253 2377 erit,
2284 2311 2330 2365 si
2358 2325 2466 2365 non
2500 2324 2554 2364 et
2584 2312 2781 2380 majus,
2845 2312 2892 2366 si
2970 2311 3076 2364 hoc
3122 2310 3347 2365 deside-

1777 2405 1915 2459 rium
1943 2413 2095 2459 tuum
2136 2384 2243 2457 non
2264 2402 2643 2474 adimpleatur.
2678 2404 2815 2458 Ecce
2852 2417 2955 2473 ego
3011 2404 3264 2458 nuntium
3300 2413 3351 2458 te

1776 2498 2193 2551 resurrectionis
2252 2511 2386 2550 mea:
2446 2498 2509 2549 ad
2560 2496 2859 2565 discipulos
2917 2497 3108 2567 ablego
3141 2515 3155 2551 :
3189 2506 3242 2551 et
3284 2511 3350 2551 ea

1777 2606 1899 2660 quae
1956 2591 2063 2644 illis
2115 2589 2208 2643 tibi
2258 2589 2420 2643 etiam
2480 2587 2745 2641 annuntio
2812 2587 3163 2657 intelligenda
3204 2604 3217 2640 :
3268 2586 3351 2640 Me

1777 2683 2073 2737 ascendere
2120 2683 2186 2736 ad
2226 2680 2481 2745 Patrem;
2523 2697 2623 2735 nec
2680 2689 2739 2734 ut
2790 2680 2924 2734 olim
2985 2680 3353 2750 imaginentur

1778 2773 2192 2829 ltumano'ntore
2219 2780 2275 2827 et
2309 2773 2542 2843 abiecto.
2595 2787 2683 2828 me
2710 2773 2920 2827 scilicet
2950 2788 3057 2827 una
3088 2788 3213 2828 cum
3245 2773 3354 2827 illis

1778 2865 2204 2926 ambulaturum,
2259 2873 2355 2919 aut
2411 2865 2625 2921 labores
2674 2874 2769 2920 aut
2801 2865 3081 2921 molestias
3121 2866 3354 2935 ulterius

1778 2958 2159 3021 toleraturum,
2216 2959 2525 3027 frequenter
2570 2958 2636 3012 de
2665 2957 2789 3013 loco
2826 2959 2881 3013 in
2914 2958 3095 3013 locum
3123 2962 3349 3025 iturum,

1778 3060 1872 3107 aut
1901 3065 2102 3105 mensae
2127 3050 2527 3105 accubiturum.
2560 3051 2789 3106 Attende
2836 3052 3000 3106 etiam
3034 3052 3181 3120 quod
3232 3067 3354 3105 ser-

1779 3155 1971 3197 mones
2010 3155 2194 3196 serens
2244 3156 2367 3197 cum
2402 3142 2651 3206 muliere,
2693 3142 2888 3211 fratres
2918 3145 3153 3212 appellet
3180 3142 3354 3197 disci-

106 3229 170 3282 έν
200 3232 316 3294 τοῖς
371 3230 510 3301 πρὸς
553 3231 653 3302 τὴν
706 3233 940 3301 γυναῖκα
987 3231 1247 3303 ῥήμασιν,
1277 3232 1405 3295 τοὺς
1434 3232 1682 3303 μαθητὰς

1782 3234 1939 3305 pulos
1998 3247 2130 3289 suos
2167 3248 2181 3285 :
2217 3235 2293 3286 ita
2321 3234 2545 3289 omnino
2573 3234 2933 3290 confidentem
2965 3252 3084 3290 eam
3131 3238 3356 3291 reddere

104 3326 464 3395 ἐπωνόμασε,
488 3323 710 3395 θαρρεῖν
738 3323 906 3393 αὑτὴν
949 3324 1037 3377 διά
1074 3326 1291 3378 πάντων
1323 3326 1680 3397 παρασκευά-

100 3417 246 3483 ζων,
271 3416 367 3470 καὶ
420 3414 585 3486 μηδὲν
635 3414 877 3484 λυπηρὸν
918 3414 1293 3485 ὑποδέχεσθαι.
1332 3415 1389 3468 Ὀ
1416 3415 1526 3483 γὰρ
1572 3413 1682 3467 τῶν

100 3506 361 3578 ἀδελφῶν
385 3506 485 3578 τὴν
508 3505 699 3576 κλῆσιν
717 3508 831 3569 τοῖς
862 3506 1132 3576 μαθηταῖς
1155 3505 1533 3578 χαριζόμενος.
1562 3503 1683 3561 εἶτα

100 3600 321 3670 ταύτην
370 3598 598 3660 ἐκείνοις
645 3596 1014 3668 συναριθμῶν,
1044 3598 1139 3651 καὶ
1170 3597 1284 3650 τῶν
1320 3596 1462 3650 ῖσωνλ
1493 3598 1679 3664 ἀξιῶν,

103 3693 299 3746 πᾶσαν
350 3690 517 3761 αὑτῆς
559 3687 756 3759 λύπην,
779 3688 873 3742 καὶ
913 3687 1146 3756 ὑποψίας
1172 3686 1390 3753 ἐξέϐαλε
1432 3688 1677 3759 θόρυϐον.

102 3782 305 3853 Σοφῶς
338 3782 397 3835 δὲ
441 3782 580 3846 λίαν,
616 3783 709 3834 καὶ
743 3780 1080 3850 θεοπρεπῶς,
1112 3782 1204 3833 καὶ
1235 3782 1314 3846 τὸ,
1349 3800 1368 3832 ι
1417 3781 1561 3852 Πρὸς
1590 3781 1682 3834 τὸν

101 3876 337 3947 Πατέρα
370 3892 506 3945 μου,
536 3881 626 3925 καὶ
680 3873 898 3942 Πατέρα
930 3872 1113 3941 ὑμῶν,
1152 3891 1170 3923 ι
1213 3873 1353 3925 κατά
1400 3871 1683 3943 διαστολὴν

100 3967 425 4040 προηνέχθη
472 3968 565 4019 καὶ
610 3965 888 4017 διάστασιν
914 3980 931 3997 ο
964 3964 1072 4016 τῶν
1124 3963 1406 4016 συλλαϐῶν
1444 3962 1524 4034 τῷ
1563 3980 1684 4015 συν-

99 4061 299 4130 δέσμῳ
317 4100 333 4123 ,
359 4059 455 4128 τῆς
484 4057 591 4110 τῶν
631 4056 973 4127 πραγμάτων
995 4055 1256 4124 διαφορᾶς
1303 4056 1397 4107 καὶ
1428 4056 1684 4126 ἑτερότη-

98 4170 203 4215 τος
242 4150 728 4219 ἐπιτρανουμένης.
765 4148 856 4217 Τῷ
890 4148 988 4217 μὲν
1021 4148 1127 4217 γὰρ
1149 4147 1422 4212 ίδιάζοντι,
1452 4146 1552 4217 τὴν
1576 4146 1681 4216 φύ-

100 4261 197 4299 σιν
225 4242 397 4306 ἔδειξε
417 4259 430 4271 ο
454 4241 533 4310 τῷ
568 4240 622 4292 δὲ
646 4239 829 4309 κοινῷ,
868 4238 967 4308 τὴν
996 4237 1157 4308 χάριν
1191 4240 1480 4309 ἐμήνυσεν.
1517 4239 1680 4293 Ὅσον

97 4336 161 4389 δὲ
192 4335 382 4404 φύσις,
415 4333 633 4403 χάριτος
663 4332 756 4383 καὶ
787 4328 1059 4391 υἱοθεσίας
1096 4328 1401 4401 διενήνοχεν
1424 4347 1440 4361 ·
1473 4331 1531 4383 ὲν
1556 4347 1681 4383 τοσ-

98 4426 259 4492 ούτῳ
293 4424 476 4494 μέτρῳ
511 4422 607 4492 τῆς
643 4419 937 4491 ὑπεροχῆς,
973 4420 1066 4471 καὶ
1094 4420 1129 4488 ἡ
1164 4419 1302 4490 πρὸς
1323 4420 1413 4472 τὸν
1442 4420 1539 4474 ἕνα
1584 4422 1680 4476 καὶ

102 4516 386 4591 μονογενῆ
427 4513 519 4567 τοῦ
566 4512 775 4583 Πατρὸς
820 4511 940 4564 κατ’
984 4510 1173 4563 οὑσίαν
1215 4511 1419 4581 σχέσις,
1465 4516 1566 4582 τῆς
1614 4516 1679 4566 ἐκ

100 4584 529 4678 φιλανθρωπίας
546 4603 639 4656 καὶ
662 4604 870 4666 οἴκτου,
895 4602 1030 4671 πρὸς
1058 4602 1184 4664 τοὺς
1222 4602 1413 4665 ἄλλους
1441 4604 1678 4675 σχέσεως
1711 4584 1754 4638 ι)

98 4699 479 4771 ὑπερανέχει·
508 4695 603 4747 καὶ
652 4693 1005 4764 ὑπερίδρυται
1058 4692 1153 4745 καὶ
1180 4695 1208 4745 ό
1262 4697 1558 4764 μονογενὴς
1602 4694 1679 4761 δὲ,

95 4788 273 4857 δῆλον
298 4785 402 4846 ὅτι,
431 4782 539 4835 τῶν
570 4780 777 4834 πολλῶν
801 4781 953 4842 υἱῶν,
976 4778 1115 4853 [καὶ]
1144 4781 1237 4844 οὓς
1264 4784 1296 4853 ἡ
1335 4786 1493 4854 χάρις
1526 4785 1684 4838 ικυο-

95 4880 347 4949 φόρησε’
365 4874 465 4941 διὸ,
486 4871 711 4939 Πατέρα
740 4888 878 4941 μου,
898 4870 1089 4936 εἰπὼν,
1122 4874 1236 4937 καὶ,
1260 4875 1318 4926 τὸ
1342 4880 1564 4944 γνήσιον
1582 4877 1683 4946 τῆς

98 4972 357 5039 φύσεως.
388 4965 465 5035 τῷ
489 4962 742 5027 ἰδιάζοντι
776 4962 1063 5033 ἀφορίσας,
1090 4964 1203 5029 καὶ,
1236 4964 1465 5034 Πατέρα
1492 4966 1681 5035 ὑμῶν,

93 5062 414 5130 ἐπενήνοχε
435 5099 450 5123 ,
477 5059 575 5125 τὴν
626 5058 689 5109 ὲκ
723 5055 1034 5124 φιλοτιμίας
1065 5055 1213 5109 θέσιν
1244 5059 1338 5109 καὶ
1378 5059 1680 5130 εἰσποίησιν

92 5155 223 5207 τῶν
298 5149 607 5205 ἀποστόλων
666 5145 1195 5216 παραστησάμενος·
1250 5148 1343 5200 καὶ
1383 5150 1476 5213 τὸ,
1535 5152 1683 5203 Θεόν

88 5263 230 5315 μου
255 5284 272 5309 ,
303 5243 359 5296 δὲ
403 5243 497 5295 καὶ
520 5281 535 5304 ,
588 5241 735 5293 Θεὸν
765 5237 953 5307 ὑμῶν,
990 5239 1123 5308 πρὸς
1157 5238 1257 5311 τὴν
1290 5241 1457 5310 αὑτὴν
1496 5241 1685 5310 βλέπει

90 5338 381 5397 διάνοιαν,
407 5334 502 5385 καὶ
538 5333 636 5401 τῆς
672 5331 837 5401 αὐτῆς
875 5327 1101 5398 γνώμης
1142 5330 1340 5400 ῆρηται
1374 5342 1419 5383 Ρ.
1454 5332 1549 5384 Διά
1582 5334 1681 5402 μὲν

90 5428 226 5498 γὰρ
244 5425 366 5489 τοῦ,
388 5425 536 5478 Θεόν
563 5440 699 5492 μου,
722 5421 781 5473 τὸ
798 5418 1056 5487 συγγενὲς
1083 5419 1178 5471 τοῦ
1208 5421 1325 5484 ἑνὸς
1367 5424 1460 5475 καὶ
1484 5425 1682 5477 οἰκεῖον

94 5515 663 5589 περιλαμϐανόμενον
726 5510 1159 5582 ἀνακηρύττεται
1192 5527 1207 5542 ·
1271 5512 1360 5567 διὰ
1413 5514 1472 5567 δὲ
1537 5515 1631 5569 τοῦ
1662 5557 1678 5583 ,

1782 3319 2015 3381 volebat,
2047 3334 2149 3374 nec
2173 3320 2473 3391 quidquam
2512 3322 2696 3377 animo
2742 3324 3117 3379 molestiarum
3153 3327 3355 3379 admit-

1782 3420 1916 3467 tere.
1953 3413 2057 3479 Qui
2089 3414 2235 3468 enim
2269 3412 2498 3470 fratrum
2532 3417 2715 3472 titulos
2746 3418 3032 3488 discipulis
3082 3420 3351 3481 attribuit.

1780 3512 1835 3557 et
1863 3502 1917 3557 in
1948 3504 2139 3563 eodem
2174 3519 2406 3560 numero
2431 3520 2556 3561 cum
2588 3507 2693 3562 illis
2741 3522 2800 3561 se
2832 3508 3041 3571 habuit,
3088 3512 3205 3578 pari
3257 3512 3351 3565 lio-

1782 3606 1915 3646 nore
1969 3592 2245 3663 dignatus,
2304 3604 2451 3649 certe
2512 3610 2728 3650 omnem
2781 3597 2847 3651 ab
2880 3614 2942 3651 ea
2976 3600 3256 3654 tristitiam
3300 3612 3359 3655 cl.

1782 3683 2117 3752 suspicionis
2146 3685 2440 3740 tumultum
2467 3688 2689 3740 exemit.
2718 3686 3201 3759 Valdequinetiam
3227 3708 3360 3763 pru-

1781 3775 1969 3828 denter
1995 3784 2049 3828 et
2084 3774 2269 3829 divino
2322 3790 2489 3841 more,
2534 3777 2645 3841 illa,
2688 3797 2705 3827 ε
2756 3778 2833 3831 Ad
2880 3776 3096 3833 Patrem
3140 3797 3348 3845 meum,

1781 3874 1837 3920 et
1892 3862 2105 3919 Patrem
2160 3875 2420 3931 vestrum,
2459 3885 2478 3918 ι
2515 3883 2608 3937 per
2635 3868 3061 3937 discrepantiam
3111 3871 3354 3925 ederun-

1781 3970 1892 4028 tur,
1943 3972 2000 4018 et
2032 3963 2391 4031 distantiam;
2433 3965 2562 4019 dum
2612 3967 2943 4037 syllabarum
2976 3972 3351 4039 copulatione,

1783 4070 1964 4109 rerum
2003 4056 2295 4111 diversitas
2328 4067 2381 4111 et
2438 4058 2713 4113 altereitas
2742 4061 2984 4115 effertur.
3017 4062 3183 4119 Plane
3207 4067 3353 4119 enim

1781 4161 1878 4215 per
1912 4146 1963 4200 id
1997 4148 2140 4214 quod
2176 4148 2453 4216 proprium
2505 4160 2609 4212 est,
2646 4160 2894 4205 naturam
2928 4154 3165 4207 ostendit
3198 4172 3211 4207 :
3258 4170 3353 4223 per

1781 4240 1831 4293 id
1865 4240 2009 4309 quod
2062 4254 2373 4301 commune.
2415 4241 2654 4294 declarat
2707 4242 2964 4310 gratiam.
2999 4244 3055 4297 In
3085 4257 3351 4313 quantum

1780 4342 1971 4385 natura
2025 4332 2333 4401 disparatur
2389 4346 2418 4384 a
2475 4332 2671 4402 gratia,
2716 4334 2775 4385 in
2799 4343 3009 4389 tantum
3050 4352 3144 4405 per
3173 4339 3355 4391 excel-

1780 4424 1959 4479 lentiae
1990 4426 2229 4488 modum,
2277 4423 2793 4488 Patris,secundum
2830 4431 3149 4494 essentiam,
3193 4431 3353 4486 habi-

1782 4516 1933 4581 tudo,
1965 4515 2031 4570 ad
2063 4518 2285 4572 unicum
2321 4526 2374 4570 et
2408 4518 2744 4585 unigenitum
2780 4515 3000 4582 Filium,
3064 4531 3348 4577 transcen-

1778 4610 1855 4662 dit
1892 4608 2131 4662 liabitum
2157 4623 2282 4678 erga
2315 4608 2452 4662 alios
2484 4609 2776 4672 ﬁllallnllis,
2809 4625 2930 4679 quae
2962 4614 3031 4666 ab
3060 4613 3344 4669 hominum

1776 4716 1962 4755 amore
1989 4711 2041 4755 et
2074 4701 2420 4755 miseratione
2472 4702 2646 4754 oritur
2676 4718 2691 4755 :
2738 4703 3027 4766 exaltatur,
3070 4706 3215 4774 quod
3247 4721 3345 4775 ap-

1779 4801 1945 4861 paret,
1983 4793 2295 4860 unigcnitus
2325 4806 2487 4862 super
2518 4793 2721 4848 multos
2774 4794 2916 4849 filios
2956 4811 3098 4866 quos
3135 4801 3346 4868 peperit

1776 4897 1828 4940 et
1857 4886 2144 4955 parturivit
2170 4886 2383 4955 gratia;
2439 4886 2653 4941 Patrem
2682 4904 2852 4941 meum
2894 4890 3099 4945 idcirco
3132 4892 3341 4957 dicens,

1776 4991 1873 5045 per
1906 4976 1957 5029 id
1988 4976 2135 5045 quod
2193 4977 2470 5046 proprium
2529 4984 2635 5041 est,
2699 4988 2903 5032 naturze
2929 4982 3343 5048 germanitatem

1779 5081 2058 5135 separans,
2090 5067 2319 5127 addidit,
2346 5075 2397 5120 et
2427 5065 2643 5119 Patrem
2690 5076 2938 5130 vestrum,
2975 5069 3207 5124 innuens
3255 5071 3342 5123 ni-

1778 5159 1975 5211 mirum
2005 5158 2349 5227 adoptionem
2396 5167 2448 5213 et
2479 5160 2818 5213 allectionem
2876 5162 3245 5229 apostolorum
3278 5179 3342 5218 ex

1776 5249 1981 5302 amoris
2005 5248 2339 5301 vehementia
2371 5266 2384 5301 :
2436 5249 2600 5302 etiam
2637 5248 2791 5313 illud,
2846 5251 3013 5303 Deum
3073 5269 3266 5316 meum,
3296 5266 3346 5307 et

1778 5340 1947 5393 Deum
1971 5351 2217 5403 vestrum,
2253 5339 2497 5394 eamdem
2538 5342 2866 5403 sententiam
2917 5344 3157 5411 respicit,
3190 5354 3245 5396 et
3278 5348 3347 5397 ab

1778 5432 1966 5485 eodem
1998 5446 2163 5486 sensu
2213 5432 2415 5486 dicitur
2453 5450 2467 5486 :
2503 5447 2625 5485 nam
2661 5448 2754 5500 per
2783 5432 2952 5485 Deum
2985 5452 3181 5495 meum,
3214 5451 3349 5489 con-

1781 5538 2038 5593 generum
2068 5523 2231 5578 unius
2256 5531 2311 5578 et
2338 5523 2631 5593 peculiare,
2669 5525 3168 5595 circumscriptum,
3208 5542 3347 5596 pne-

1408 5725 1642 5785 VARLE
1671 5724 2073 5781 LECTIONES.

222 5906 268 5936 ἰι
306 5893 455 5964 εἴπῃ.

564 5902 591 5931 ⁸³
620 5894 683 5948 C.
707 5893 776 5950 Μ.
802 5895 1264 5965 συντελεσθείσης.
1344 5900 1369 5929 °
1389 5890 1449 5946 C.
1480 5889 1549 5945 M.
1577 5888 1699 5957 ἐμοὶ
1724 5886 1891 5945 deest.
1971 5888 1998 5929 ι’
2030 5884 2116 5939 ῖσ.
2148 5883 2401 5953 ἤρτηται.
2433 5884 2494 5939 C.
2529 5880 2598 5936 Μ.
2633 5883 2867 5953 εἴρηται.
