4162 6442
834 435 932 497 991

2002 439 2260 499 PIIOTII
2299 439 2387 499 ΡΛ

2478 439 2801 502 {IARCHE
2838 442 2950 502 ΟΡ.
3968 449 4054 509 992

829 547 1044 599 dicatur
1079 563 1091 598 :
1129 558 1225 613 per
1249 544 1402 612 illud,
1437 544 1606 600 Deum
1647 557 1898 606 vestrum.
1947 547 2245 601 multorum
2282 560 2387 600 ser-

2478 597 2480 606 λ
2513 547 2663 601 Θεὸν
2685 547 2872 616 ὑμῶν,
2905 549 3017 602 τῶν
3047 549 3256 601 πολλῶν
3299 551 3362 602 τὸ
3386 550 3570 604 δοῦλον
3600 553 3691 605 καὶ
3716 553 3952 624 ὑπήκοον
3976 575 4050 612 ια’.

825 637 948 691 vilis
972 636 1235 701 conditio,
1264 649 1319 691 et
1341 638 1631 706 subjectio,
1658 649 1714 694 et
1745 638 1890 708 quod
1915 652 2210 693 commune
2234 637 2398 707 quid-

818 728 940 781 dam
974 737 1075 791 est,
1113 729 1401 796 productio
1421 738 1783 786 monstratur.
1812 728 1968 785 Patet
1988 730 2134 784 enim
2168 728 2396 783 omnino

815 833 1050 884 cunctis.
1086 825 1232 892 quod
1263 831 1323 877 ut
1372 823 1644 879 interdum
1683 823 1734 878 id
1782 821 1927 894 quod
1977 821 2290 891 subjicitur,
2341 828 2398 876 et

813 919 957 985 quod
999 919 1342 980 immutatur.
1375 928 1470 972 aut
1499 919 1754 987 superius
1784 919 2020 981 exsistit,
2051 931 2148 987 per
2177 930 2390 978 vocem.

815 1026 1008 1072 meum,
1039 1011 1320 1064 intimatur
1346 1028 1361 1077 ;
1397 1011 1470 1064 ita
1498 1025 1712 1073 rursus.
1737 1009 1968 1078 aequale,
1997 1021 2390 1078 congenerum,

811 1109 866 1154 et
904 1102 1142 1155 maxime
1200 1101 1522 1172 genuinum,
1559 1115 1656 1170 per
1695 1099 1941 1154 eamdem
1997 1098 2172 1167 ipsam
2204 1110 2390 1151 vocem

813 1195 1101 1248 indicatur.
1159 1194 1284 1250 Haec
1335 1209 1437 1263 ego
1502 1193 1598 1246 tibi
1653 1192 1709 1245 in
1759 1191 2039 1260 exemplar
2098 1188 2390 1254 deliueavi,

811 1285 980 1339 multo
1007 1285 1267 1339 humilius
1297 1299 1461 1353 quam
1496 1283 1807 1352 postulabat
1831 1292 2238 1352 argumentum,
2272 1294 2392 1334 om-

811 1377 940 1429 nino
965 1388 1145 1430 tamen
1174 1391 1283 1430 non
1312 1375 1533 1439 exilius,
1555 1376 1603 1430 si
1633 1375 1879 1445 epistola
1908 1389 2043 1430 usus
2070 1372 2390 1428 considere-

810 1480 914 1521 tur.

911 1582 1238 1651 QUESTIO
1301 1585 1511 1640 cexrx
1577 1585 1766 1654 [CoisL
1822 1581 2056 1647 CLXIV,
2110 1579 2279 1634 Taur.

1467 1677 1671 1731 (.1.qu
1681 1677 1719 1750 1.

2505 638 2565 691 τὸ
2613 639 3111 711 δεδημιουργῆσθαι
3168 644 3638 713 κοινοποιούμενον
3685 646 4046 704 ἐπιδείκνυται.

2502 728 2672 800 Δῆλον
2697 733 2828 802 γὰρ,
2855 732 3013 802 δῆλον
3044 734 3271 797 ἆπασιν,
3299 734 3405 799 ὅτι,
3435 734 3626 807 ὥσπερ
3654 737 3828 791 ἐνίοτε
3853 739 3915 792 τὸ
3942 739 4050 792 ὐπ-

2503 820 2736 892 6ε6ηκὸς
2766 827 2860 876 καὶ
2897 825 3352 896 παρηλλαγμένον
3371 865 3389 891 ,
3419 829 3452 897 ἢ
3480 827 3540 880 τὸ
3571 829 3858 899 ὑπερέχων
3880 841 3910 881 σι
3932 871 3948 892 ,
3977 833 4048 883 δι]

2501 916 2600 985 τῆς
2654 915 2772 980 τοῦ,
2800 916 2970 985 ἐμοῦ,
3011 919 3199 988 φωνῆς
3255 921 3647 988 ἐνσημαίνεται
3673 938 3688 952 ο
3722 921 3867 975 οὕτω
3889 926 4046 984 πάλιν,

2499 1007 2593 1060 καὶ
2625 1008 2687 1060 τὸ
2719 1008 2832 1061 ἴσον
2869 1011 2965 1064 καὶ
3000 1011 3262 1078 συγγενὲς
3292 1012 3387 1064 καὶ
3431 1013 3831 1082 γνησιώτατον,
3855 1016 3941 1068 διὰ
3968 1018 4046 1082 τῆς

2497 1098 2668 1168 αὐτῆς
2696 1100 3163 1173 χαρακτηρίζεται
3191 1101 3410 1168 λέξεως.
3459 1104 3620 1158 Ἀλλὰ
3649 1104 3830 1159 ταῦτα
3857 1108 3956 1176 μέν
3981 1124 4048 1158 σοι

2498 1193 2633 1260 πρὸς
2657 1191 3007 1246 ὑποτύπωσιν
3031 1193 3350 1263 διεχάραξα,
3379 1195 3478 1265 τῆς
3498 1196 3600 1265 μὲν
3639 1197 3948 1260 ὑποθέσεως
3972 1216 4048 1249 τσ-

2497 1285 2831 1352 πεινότερον,
2857 1284 2958 1354 τῆς
2988 1285 3047 1337 δὲ
3087 1284 3210 1337 κατ’
3234 1285 3525 1357 ἐπιστολήν
3553 1289 3745 1358 χρείας
3763 1327 3781 1353 ,
3814 1289 3940 1352 ἴσως
3966 1291 4046 1341 οὐκ

2492 1374 2859 1445 ἐνδεέστερον.

3022 1575 3360 1631 ΕΡΩΤΗΣΙΣ
3387 1575 3508 1630 ΣΙὲ
3517 1617 3528 1630 .

988 1793 1173 1844 Editaa
1196 1794 1495 1844 Monucutio
1522 1797 1625 1857 (ep.
1655 1795 1762 1855 158,
1797 1794 1856 1843 ad
1878 1793 2210 1848 Theodorum,
2236 1806 2285 1854 p.
2326 1788 2430 1847 I93,
2465 1785 2663 1846 194).--
2683 1782 2759 1834 De
2787 1783 2967 1835 Christi
2989 1784 3173 1833 sudore
3190 1785 3480 1846 sanguineo.
3513 1782 3638 1833 Luc.
3668 1798 3788 1844 XXII,
3811 1786 3886 1834 ιι.

878 1879 1225 1936 Proverbiutn
1286 1890 1582 1950 usurpatur
1620 1883 1686 1935 de
1739 1882 1894 1935 valde
1944 1882 2278 1948 Ingentibus,
2331 1887 2384 1932 et

2557 1872 2835 1942 Παροιμία
2889 1869 3134 1939 λέγεται,
3176 1871 3270 1922 ἐπὶ
3301 1869 3413 1922 τῶν
3462 1870 3668 1942 σφόδρα
3713 1872 4048 1938 λυπουμένων

805 1989 1030 2041 agonem
1087 1973 1440 2043 patientibus,
1477 1971 1802 2042 Sanguinem
1857 1971 2110 2034 sudarit;
2155 1982 2290 2024 utet
2318 1971 2386 2024 de

806 2066 872 2120 iis
909 2065 1004 2133 qui
1054 2067 1247 2120 acerbe
1305 2066 1696 2131 lamentantur,
1722 2066 2039 2135 Sanguinem
2083 2065 2280 2133 plorat.
2325 2062 2384 2117 Si

805 2155 928 2223 quis
951 2154 1020 2209 ad
1053 2156 1303 2210 eumdem
1370 2157 1595 2211 modum
1658 2157 1951 2211 arbitretur
2001 2155 2296 2210 deductum
2331 2164 2386 2209 et

807 2259 1127 2316 usurpatum
1161 2249 1288 2303 illud
1323 2251 1465 2319 apud
1501 2252 1719 2304 beatum
1755 2249 1980 2315 Lucam,
2010 2249 2211 2322 (neque
2234 2247 2382 2304 enim

806 2341 888 2393 vir
915 2341 1023 2404 ille,
1057 2342 1354 2396 illiusmodi
1384 2343 1648 2397 doctrinae
1710 2343 1899 2398 leviter
1926 2343 2166 2399 imbutus
2205 2344 2330 2416 fuit)
2361 2363 2376 2400 :

810 2450 828 2481 ι
868 2429 1055 2486 Fiebat
1081 2442 1261 2486 autem
1294 2434 1462 2488 sudor
1489 2432 1608 2500 ejus
1639 2443 1896 2503 tanquam
1929 2436 2214 2504 sanguinis
2244 2452 2380 2506 gru-

805 2521 877 2575 mi
910 2541 924 2575 ι
961 2541 980 2574 ι
1017 2523 1185 2578 habes
1223 2523 1273 2578 id
1300 2525 1444 2592 quod
1473 2525 1778 2595 quaerebas.
1809 2524 1966 2591 Quod
1998 2527 2044 2580 si
2070 2527 2163 2580 tibi
2199 2528 2376 2581 visum

803 2616 1076 2670 curiosius
1126 2616 1195 2671 de
1225 2617 1327 2670 hoc
1356 2617 1507 2672 dicto
1539 2618 1886 2674 inventiones
1922 2619 2176 2688 adjicere,
2230 2631 2378 2675 certe

805 2720 899 2772 per
948 2707 1188 2774 seipsuni
1248 2706 1405 2762 facile
1456 2708 1764 2777 expeditur,
1829 2710 1975 2777 quod
2005 2709 2374 2773 cum-dixerit,

808 2816 826 2847 ε
864 2800 1020 2864 quasi
1054 2799 1228 2868 grumi
1259 2802 1572 2870 sanguinis,
1617 2821 1635 2853 ι
1693 2819 1800 2857 non
1851 2804 2113 2858 indicavit
2146 2803 2375 2858 sudasse

804 2891 956 2942 illum
984 2891 1268 2960 sanguinis
1307 2909 1531 2961 grumos
1561 2911 1575 2946 :
1621 2910 1799 2963 neque
1828 2895 1974 2950 enim
2015 2895 2084 2950 ad
2114 2895 2374 2949 similitu-

803 2981 985 3036 dinem
1027 2998 1215 3038 eorum
1245 2985 1476 3040 dixisset
1512 2986 1742 3043 sudores
1792 2988 2072 3042 exstitisse
2101 3005 2113 3039 :
2144 3000 2199 3041 at
2251 2998 2373 3040 tau-

801 3089 961 3139 quam
999 3077 1192 3144 grumi,
1239 3075 1344 3128 hoc
1368 3078 1542 3146 ipsum
1573 3078 1843 3145 praecipue
1872 3076 2069 3130 docet:
2097 3087 2242 3130 certe
2275 3091 2373 3130 vo-

2491 1964 2584 2018 καὶ
2613 1962 2995 2032 ἀγωνιώντων,
3018 1963 3230 2030 Alth
3255 1959 3512 2028 ἵδρωσεν
3532 1977 3546 1991 ο
3576 1960 3768 2032 ῶσπερ
3835 1965 3925 2015 καὶ
3975 1966 4048 2014 ἐπὶ

2486 2053 2596 2108 τῶν
2627 2053 2839 2124 πικρῶς
2869 2052 3231 2124 ὀδυρομένων,
3254 2050 3470 2119 Αἶματι
3495 2052 3710 2104 κλαίει.
3739 2051 3806 2103 El
3837 2053 3934 2120 μὲν
3971 2049 4048 2103 οὖν

2488 2148 2630 2200 κατὰ
2668 2146 2858 2198 τοῦτόν
2881 2161 2966 2208 τις
3008 2141 3444 2213 πεπαρῳόῆσθαι
3484 2144 3702 2212 νομίσοι
3731 2143 3830 2195 τὸν
3869 2149 4047 2211 τρόπον

2485 2236 2630 2304 (οὐδὲ
2690 2236 2801 2306 γὰρ
2847 2233 2957 2287 τῶν
3022 2231 3284 2285 τοιούτων
3333 2231 3669 2301 μαθημάτων
3722 2234 3752 2284 ὁ
3795 2234 3935 2302 ἀνὴρ
3973 2235 4049 2284 ἁνι-

2483 2328 2690 2400 ήκοος),
2723 2328 2819 2380 καί
2842 2327 2902 2380 τὸ
2929 2326 3083 2396 παρὰ
3111 2323 3189 2394 τῷ
3225 2322 3500 2394 θεσπεσίῳ
3532 2325 3716 2393 Δουκᾷ
3749 2327 4046 2393 εἰρημένοι,

2494 2439 2514 2472 t
2556 2421 2802 2488 Ἐγένετο
2826 2418 2883 2472 δὲ
2904 2419 2933 2471 ὁ
2961 2415 3121 2487 ἱδρὼς
3143 2414 3330 2482 αὑτοῦ,
3361 2417 3493 2468 ὡσεὶ
3520 2414 3751 2486 θρόμϐοι
3776 2417 4043 2486 αἵματοςό

2479 2511 2626 2582 ἔχεις
2648 2512 2708 2564 τὸ
2723 2511 2964 2582 ζήτημα.
2981 2508 3042 2561 Ei
3060 2509 3118 2562 δὲ
3135 2508 3560 2578 περιεργότερον
3575 2508 3962 2579 ὲπιντνοῆσθαί
3981 2526 4048 2561 σοι

2477 2605 2634 2659 τοῦτο
2667 2604 2809 2668 δόξει
2837 2618 2852 2631 ·
2877 2603 2993 2657 ἀλλ’
3021 2599 3117 2656 οὖν
3145 2603 3321 2654 ἰκείνο
3339 2598 3572 2652 αὐτόθεν
3592 2600 3707 2669 ἔχει
3728 2601 3792 2653 τὸ
3821 2602 4048 2664 εὔκολον,

2477 2698 2581 2760 ὃτι,
2627 2716 2645 2747 ι
2693 2695 2838 2748 Ὡσεὶ
2867 2692 3094 2765 θρόμϐοι
3131 2693 3412 2762 cinctu,»
3448 2689 3652 2756 εἰπὼν,
3679 2693 3743 2746 οὐ
3792 2693 4050 2764 θρόμϐους

2479 2789 2702 2858 ἱδρῶσαι
2727 2788 3040 2858 ἀπεφήνατο
3079 2787 3314 2856 αἵματος
3374 2785 3458 2855 (οὐ
3487 2785 3596 2854 γὰρ
3634 2784 3703 2837 ἂν
3735 2785 4048 2855 καθ’όμοιό-

2473 2899 2612 2951 τητα
2683 2882 2888 2935 τούτων
2970 2882 3182 2951 εἰρήκει
3259 2877 3512 2945 γενέσθαι
3574 2878 3703 2940 τοὺς
3781 2877 4048 2945 ἱδρῶτας*

2473 2977 2631 3030 τοῦτο
2679 2977 2787 3048 γὰρ
2847 2976 3038 3046 σαφῶς
3083 2973 3350 3046 δηλονότι,
3414 2973 3476 3025 τὸ
3525 2973 3702 3025 «ὡσεὶ
3741 2973 3999 3044 θρόμὸοι,
4031 2994 4045 3021 ι

2472 3072 2790 3142 παρίστησι)
2814 3087 2830 3102 ·
2861 3070 3028 3123 θέλων
3057 3069 3115 3122 δὲ
3169 3067 3371 3138 μᾶλλον
3409 3065 3671 3136 δηλῶσαι,
3696 3066 3776 3127 ὡς
3818 3068 3944 3136 οὐχὶ
3974 3068 4048 3118 λε.

802 3163 901 3213 lnit
928 3162 978 3215 id
1014 3164 1388 3226 subindicare.
1416 3166 1562 3234 quod
1593 3184 1699 3220 non
1735 3166 1935 3234 exiguo
1965 3166 2206 3237 quodam
2243 3181 2367 3221 rore

2479 3167 2638 3226 πταῖς
2669 3180 2776 3216 τισι
2794 3163 2987 3226 νοτίσι,
3019 3160 3114 3213 καὶ
3128 3154 3243 3211 οἷον
3268 3157 3545 3223 ἐνδείξεως
3575 3158 3735 3227 χάριν
3771 3159 4049 3226 ἐπιφαινο-

799 3251 1181 3308 effundebatur
1237 3271 1438 3325 corpus
1487 3257 1722 3322 Domini,
1778 3257 1846 3312 ad
1896 3235 2129 3326 speciem
2159 3267 2366 3310 tantum

2478 3255 2686 3324 μέναις,
2714 3255 2775 3307 τὸ
2793 3253 3121 3306 Δεσποτικδν
3142 3249 3413 3311 ὲνοτίζετο
3442 3249 3618 3317 σῶμα,
3662 3249 3784 3301 ἀλλ’
3822 3251 3899 3313 ὡς
3928 3249 4047 3316 ἀλη-

799 3357 1131 3414 apparente;
1157 3349 1250 3402 sed
1284 3349 1430 3416 quod
1464 3351 1732 3404 veraciter
1767 3351 1820 3404 iu
1846 3365 2053 3405 morem
2082 3349 2368 3419 grandium

2478 3347 2576 3411 Βῶς
2607 3347 2785 3416 ἁδρῶν
2811 3345 3086 3414 σταγόνων
3104 3343 3285 3410 δίκην,
3324 3342 3448 3394 ὅλον
3502 3345 3617 3404 τοῖς
3655 3340 3853 3412 ἱδρῶσι
3903 3359 4049 3410 περι-

798 3446 1072 3504 guttarum
1127 3439 1512 3494 distillantiutn
1541 3481 1557 3505 ,
1607 3443 1918 3497 universum
2001 3441 2120 3510 ejus
2165 3455 2368 3509 corpus

2478 3437 2757 3501 εστάζετο’
2782 3439 2909 3500 τοὺς
2957 3435 3068 3490 τῶν
3111 3435 3362 3504 αἱμάτων
3392 3431 3686 3503 θρόμϐους,
3747 3434 3836 3494 είς
3875 3435 4050 3486 εἰκόνα

796 3528 1094 3592 dillluebat,
1131 3538 1186 3583 et
1217 3531 1266 3583 id
1305 3542 1363 3584 ut
1389 3533 1630 3598 doceret,
1666 3535 1732 3589 ad
1761 3535 2053 3605 imaginem
2091 3535 2169 3588 rei
2200 3545 2366 3604 gestae

2478 3528 2558 3581 τοῦ
2622 3528 2986 3598 γεγενημένου
3049 3525 3409 3594 παρείληφεν.
3477 3525 3697 3593 Ἐδήλνιυ
3761 3524 3826 3577 δὲ
3899 3526 4038 3593 ἄρα,

793 3619 1226 3686 exprimemlam,
1262 3625 1544 3692 sanguinis
1595 3641 1818 3691 grumos
1875 3627 2170 3694 assumpsit
2200 3625 2252 3679 in
2289 3626 2364 3679 si-

2478 3619 2655 3688 ὦσπερ
2694 3619 2902 3673 καὶδιὰ
2924 3617 3023 3687 τῆς
3056 3616 3418 3683 ὲντεταμένης
3447 3613 3788 3684 προσευχῆς,
3818 3614 3918 3666 καὶ
3961 3613 4048 3679 τῆς

795 3708 1177 3763 militudznein.
1230 3710 1593 3769 Manifestavit
1639 3726 1843 3780 autem,
1897 3717 2361 3785 quemadmodum

2478 3709 2664 3774 πολλῆς
2717 3708 2978 3776 ἀγωνίας,
3015 3704 3158 3759 οὕτω
3216 3703 3310 3757 καὶ
3375 3703 3463 3755 διὰ
3513 3703 3612 3772 τῆς
3648 3701 3763 3754 τῶν
3809 3702 4048 3772 ἱδρώτων

794 3812 888 3864 per
912 3801 1283 3855 continuatam
1303 3805 1605 3858 orationem
1631 3817 1684 3859 et
1706 3803 2056 3858 multifariam
2079 3805 2358 3874 agoniam,

2478 3803 2795 3873 παχύτητος,
2830 3799 2906 3864 ὡς
2942 3797 3100 3865 φύσει
3131 3797 3225 3850 καὶ
3260 3795 3500 3865 ἀληθῶς,
3525 3794 3646 3847 ἀλλ’
3675 3795 3782 3847 οὐκ
3836 3795 4041 3847 imis!-

793 3892 863 3944 ita
916 3908 1012 3961 per
1076 3894 1293 3950 sudoris
1352 3899 1436 3950 sui
1491 3898 1936 3961 crassitudinem,
1999 3900 2144 3966 quod
2181 3907 2232 3951 et
2265 3912 2362 3966 per

2478 3898 2545 3963 εει
2575 3895 2670 3948 καὶ
2700 3891 2993 3963 φαντασίᾳ,
3024 3887 3310 3960 ἄνθρωπός
3342 3904 3403 3940 τε
3448 3888 3833 3957 ἐχρημάτισεν
3859 3889 3890 3940 ό
3941 3888 4045 3940 Eu-

791 3993 1041 4038 naturam
1071 3997 1126 4039 et
1160 3986 1460 4043 secundum
1494 3991 1801 4055 veritatem,
1858 4005 1964 4044 non
2009 4005 2105 4060 per
2141 4003 2359 4044 remon-

2478 3988 2582 4057 ςὴρ,
2638 3985 2732 4039 καὶ
2791 3986 2902 4047 τοῖς
2949 3983 3198 4052 φυσικοῖς
3246 3980 3355 4032 τῶν
3387 3980 3694 4049 ἀνθρώπων
3747 3979 3856 4032 καὶ
3899 3980 4050 4033 ἀδια-

789 4083 1609 4148 strationentetapparentiam,
1656 4085 1840 4144 homo.
1896 4082 2156 4138 Servator
2213 4083 2360 4136 dice—

2478 4083 2678 4152 Ξλήτοις
2706 4082 3091 4151 ὑπηρετήσατο
3124 4076 3346 4130 πάθεσι.
3386 4076 3558 4130 Τοῦτο
3586 4074 3698 4143 γὰρ
3726 4077 3874 4127 αὐτὸ
3905 4075 4050 4126 καὶὸ

789 4169 987 4220 batur:
1017 4170 1272 4238 quodque
1308 4172 1649 4227 naturalibus
1699 4173 1981 4226 hominum
2023 4183 2076 4227 et
2114 4173 2359 4242 inculpa-

2478 4173 2735 4238 lsarto'mc
2759 4171 2941 4239 ἔργοις
2976 4166 3268 4239 παριστὰς,
3301 4167 3396 4219 καὶ
3436 4167 3510 4229 ὼς
3556 4166 3680 4236 οὐχὶ
3712 4167 3868 4219 κατὰ
3909 4166 4050 4218 θείαν

789 4257 857 4310 tis
906 4256 1190 4313 affectibus
1253 4261 1603 4317 iuserviebat.
1653 4262 1767 4318 Hoc
1796 4280 1921 4319 cuin
1976 4266 2155 4334 reipsa
2196 4281 2356 4319 mon-

2478 4261 2640 4331 ρύσιν,
2675 4261 2789 4313 ἀλλ’
2812 4261 2871 4314 ὲν
2894 4263 2960 4330 τῇ
2990 4258 3308 4330 ἀνθρωπίνη
3341 4258 3401 4311 τὸ
3433 4257 3607 4322 πάθος
3654 4257 3892 4323 ἐδέξατο
3913 4297 3930 4320 .
3965 4260 4049 4309 καὶ

787 4361 962 4405 sti-are
1024 4353 1182 4406 vellet
1237 4351 1524 4420 Dominus,
1587 4367 1640 4410 et
1689 4358 1834 4425 quod
1871 4357 2015 4410 haud
2051 4357 2354 4412 secundum

2478 4350 2822 4422 τροσηύξατο,
2852 4350 2946 4403 καὶ
2972 4348 3243 4418 ἠγωνίασε
3265 4390 3280 4415 ,
3321 4347 3416 4401 καὶ
3450 4349 3576 4410 τοὺς
3645 4351 3859 4417 παχείς
3905 4351 4044 4399 ὲκεί-

783 4445 1019 4498 divinam
1059 4457 1328 4510 naturam,
1356 4447 1452 4501 sed
1485 4449 1540 4502 in
1576 4448 1833 4510 humana.
1885 4449 2191 4517 passionem
2223 4449 2355 4502 sub-

2478 4461 2578 4504 »ους
2624 4445 2719 4496 καὶ
2755 4442 3173 4512 παραπλησίους
3202 4440 3435 4510 αἵματος
3473 4439 3779 4510 θρόμϐους,
3817 4439 4047 4510 ἱδρῶτας

785 4536 908 4598 iret,
970 4536 1169 4598 oravit,
1205 4537 1259 4590 in
1314 4538 1510 4607 agonia
1565 4549 1924 4593 versaretur:
1977 4555 2193 4594 crassos
2229 4541 2387 4642 illos1

2478 4537 2767 4607 ξίδρωσεν.
2801 4535 3014 4605 Μηκέτι
3065 4532 3160 4585 οὖν
3200 4549 3284 4586 σοι
3310 4533 3404 4587 τοῦ
3453 4534 3802 4600 Εὑαγγελίου
3848 4533 4050 4587 τόδετὸ

782 4636 837 4678 et
889 4631 1196 4682 condensos
1247 4631 1478 4684 sudores
1548 4632 1856 4696 exsudavit,
1893 4633 1986 4700 qui
2035 4624 2387 4701 sanguineis‘

2478 4629 2659 4699 ιωρίον
2691 4624 3105 4698 περικεκόφθαι,
3131 4625 3232 4679 κᾶν
3255 4642 3366 4678 τισι
3401 4625 3510 4678 τῶν
3541 4626 3754 4694 Σύρων,
3783 4626 3867 4688 ὡς
3895 4626 4045 4692 ἔφης.

779 4722 988 4785 grumis
1040 4721 1509 4778 assimilabantur.
1575 4722 1735 4778 Nullo
1790 4725 1950 4778 modo
2016 4734 2352 4794 quaprOpter

2478 4724 2622 4786 ἱοκεῐ,
2654 4721 2929 4790 εὐπρεπὲς
2981 4718 3168 4789 νόμιζε
3205 4736 3218 4749 ⁸
3255 4719 3372 4772 ἀλλ’
3405 4719 3482 4780 ὡς
3536 4717 3693 4770 οὐδὲν
3746 4718 4044 4774 ἀδύνατον,

777 4811 921 4878 apud
963 4822 1014 4866 te
1046 4814 1133 4867 hic
1164 4815 1316 4868 locus
1349 4815 1622 4885 Evangelii
1651 4815 1981 4877 rescidatur.
2018 4816 2161 4869 haud
2191 4826 2274 4870 est
2295 4815 2348 4869 id

2478 4813 2656 4867 ιᾶλλον
2688 4811 2746 4865 δὲ
2775 4811 2873 4864 καὶ
2916 4811 3037 4864 λίαν
3065 4810 3379 4876 ἀκόλουθον,
3408 4812 3465 4863 ἐν
3509 4808 3661 4878 αὐτῷ
3703 4811 4047 4879 περιεχόμεο

775 4919 1106 4973 congruum;
1152 4918 1445 4975 utcunque,
1475 4906 1624 4977 quod
1652 4906 1908 4969 afﬁrmas,
1941 4908 2092 4977 Syris
2119 4909 2348 4974 quibus-

2478 4924 2565 4971 ιον,
2597 4906 2778 4967 καλῶς
2833 4906 3111 4972 ἐπιγνοὺς,
3144 4906 3259 4967 τοῖς
3310 4902 3490 4965 ἄλλοις
3521 4903 3862 4956 συντάσσων
3886 4901 4044 4957 θείοις

774 5001 902 5047 dam
930 5000 996 5050 ita
1023 5000 1197 5052 visum
1229 5011 1312 5053 est
1347 5017 1360 5052 :
1395 4998 1488 5054 sed
1518 5008 1778 5069 tanquam
1811 5000 1948 5053 nihil
1982 4999 2339 5066 impossibile,

2478 5000 2740 5069 τρησμοῖς,
2767 4993 3123 5066 ἀναμφισὸλῳ
3152 4995 3345 5065 γνώμη
3375 4993 3828 5061 συναναγίνωσκε
3860 5003 3906 5044 ι’.

778 5108 962 5146 verum
998 5091 1156 5146 facile
1189 5093 1606 5155 adimttendum,
1659 5093 1752 5146 illo
1785 5102 1932 5146 textu
2002 5092 2372 5155 contineatur,
2417 5091 2492 5146 ita
2569 5090 2737 5161 probe
2788 5091 3035 5161 recipito,
3084 5103 3209 5144 cum
3280 5086 3506 5155 reliquis
3539 5085 3746 5140 divinis
3801 5078 4046 5139 oraculis

771 5195 1166 5248 annumerato,
1212 5192 1266 5237 et
1321 5185 1442 5237 sine
1493 5183 1832 5237 dubitatione
1881 5185 2028 5236 omni
2077 5198 2207 5235 cura
2270 5181 2455 5251 legito.

875 5297 1200 5367 QUESTIO
1253 5298 1724 5440 CCXXdLXWﬁ'sl.
1795 5299 1977 5355 CLXV
2072 5298 2234 5356 Taur.

1315 5489 1457 5539 Edita
1480 5504 1506 5538 ι
1531 5489 1826 5538 Houtacutlo
1850 5493 1950 5550 (ep.
1980 5489 2085 5548 159,
2116 5491 2175 5539 ad
2203 5491 2536 5556 Theodorum,
2559 5511 2609 5558 p.
2639 5497 2889 5560 llH-l98).
2917 5524 2974 5534 —
3004 5498 3057 5546 ln
3092 5497 3265 5546 Matth.
3291 5509 3341 5556 ν,
3362 5497 3440 5546 28.

2524 5607 2699 5660 Πολλᾶ
2729 5609 2826 5677 μὲν
2849 5611 3020 5684 εἰπεῖν
3039 5614 3179 5663 ἑνων
3231 5603 3385 5663 δι’ῶν
3408 5607 3527 5660 ἔστι
3563 5605 3752 5675 σαφῶς
3793 5604 4038 5673 lauru}

2989 5296 3208 5349 EPQTII
3216 5295 3322 5347 ΣῙΣ
3349 5295 3472 5349 ΣΚ’.

836 5594 976 5651 Cum
1018 5597 1188 5652 multa
1230 5598 1360 5653 mihi
1409 5600 1759 5669 suppeditant
1790 5602 2041 5669 dicenda,
2096 5605 2240 5660 unde
2269 5605 2336 5658 li-

2052 5767 2089 5821 γ
2103 5768 2286 5825 ,ιιιιΛῑ
2314 5767 2719 5828 LECTlONES.

833 5881 974 5937 ιιτσ.
1007 5883 1290 5954 ὑπερέχον.
1376 5893 1391 5916 τ
1429 5881 1488 5936 C.
1525 5882 1594 5935 Μ.
1631 5881 1986 5950 ἀναγίνωσκε.
