4162 6442
232 474 336 542 Ωω

1178 482 1278 540 AD
1300 474 1884 539 AMPIIILOCUIUM
1933 475 2278 547 QUIESTIO
2312 475 2526 537 CCXX.

3357 468 3461 528 994

241 610 341 654 ναι,
373 590 446 655 ὡς
474 591 596 663 οὐχὶ
621 591 789 663 βαρὺς
821 593 941 646 οὐδὲ
964 592 1248 656 ἀδύνατος,
1281 593 1419 646 ἀλλὰ
1447 592 1543 645 καὶ
1589 591 1790 659 κοῦφος

1907 589 2033 660 luod
2088 590 2348 660 cognosci
2383 589 2602 659 poterit,
2652 588 2799 658 quod
2836 586 3259 655 haudquaquam
3302 599 3463 649 grave

241 684 326 734 καὶ
348 684 596 752 χρηστὸς,
620 685 650 736 6
672 683 1000 746 Δεσποτικδς
1025 684 1228 745 ἐκεῖνος
1253 682 1519 752 χρησμὸς,
1544 684 1575 735 6
1601 682 1797 749 )έγων,

247 792 264 822 ι
297 773 409 834 Πᾶς
437 774 467 825 6
492 772 704 841 βλέπων
720 775 953 841 γυναῖκα
981 774 1119 840 πρὸς
1140 774 1202 826 τὸ
1224 774 1562 843 ἐπιθυμῆσαι
1586 773 1758 843 αὐτὴν
1781 813 1797 836 ,

242 863 334 931 ήδη
367 863 681 932 έμοίχευσεν
713 865 887 934 αὐτὴν
917 866 977 917 ὲν
999 867 1065 935 τῇ
1097 865 1295 935 καρδίᾳ
1325 864 1511 918 αὐτοῦ·
1544 885 1565 915 ι
1615 866 1799 917 ὲκείνα

242 952 372 1014 τέως
405 954 523 1005 κατ’
551 953 842 1023 ἐπιστολήν
1034 954 1149 1025 ἐρῶ
1179 971 1195 985 ’
1249 956 1331 1008 ὅτι
1360 954 1597 1027 πρῶτον,
1624 971 1798 1026 χρεω-

247 1044 468 1113 στοῦμεν
516 1044 567 1096 oi
611 1044 711 1113 τῆς
756 1046 1000 1115 χάριτος,
1031 1045 1193 1100 πλέον
1218 1064 1292 1112 τι,
1308 1034 1427 1101 τῶν
1445 1049 1505 1100 έν
1531 1048 1683 1118 νόμῳ
1712 1047 1801 1118 βε-

246 1132 544 1199 ϐιωκότων,
614 1136 938 1205 κατορθοῦν.
979 1137 1092 1189 Καὶ
1145 1138 1245 1207 οὐχ
1298 1138 1501 1207 ὁμοίως
1555 1139 1801 1207 πέφυκεν

246 1226 481 1296 ἑκατέρῳ
517 1226 675 1295 μέρει
719 1226 893 1298 βαρὺς
937 1226 1038 1296 τῆς
1077 1229 1401 1296 νομοθεσίας
1434 1231 1467 1300 ι,
1496 1230 1752 1300 ἀκρίϐεια
1780 1246 1798 1263 ·

246 1313 377 1367 ἀλλὰ
419 1315 482 1368 τὸ
530 1315 761 1379 έκείνοις
809 1318 940 1379 ίσως
990 1317 1151 1382 δόξαν
1201 1318 1375 1388 βαρὺ,
1403 1321 1535 1389 ἡμῖν
1586 1320 1801 1390 σύμμε-

243 1423 367 1476 τρον
397 1408 491 1459 καὶ
532 1406 806 1478 ἐλαφρόν
847 1410 943 1462 καὶ⁵
992 1409 1054 1461 τὸ
1108 1411 1240 1480 ἡμῖν
1294 1411 1550 1475 τοιοῦτον,
1576 1413 1802 1477 ἐκείνοις

244 1502 304 1553 οὐ
331 1499 586 1555 τοιοῦτον.
612 1501 735 1563 τοῖς
768 1500 867 1571 μὲν
894 1501 1002 1574 γὰρ
1028 1503 1188 1572 μόνον
1219 1503 1530 1575 ἀπέτρεπεν
1561 1507 1591 1558 ό
1614 1506 1799 1575 νόμος,

244 1593 282 1646 ἃ
316 1592 387 1662 μὴ
413 1591 571 1661 θέμις
598 1595 775 1647 ποιεῖν
807 1608 824 1624 °
855 1593 1087 1663 δύναμιν
1119 1594 1178 1647 δὲ
1208 1594 1465 1665 οὐδεμίαν
1496 1596 1798 1666 ἐχαρίζετο,

247 1685 379 1756 πρὸς
410 1685 509 1755 τὴν
536 1682 647 1736 τῶν
697 1684 1169 1756 νομοθετηθέντων
1224 1686 1589 1758 έκπλήρωσιν.
1642 1687 1802 1757 Ἡμῖν

242 1776 303 1829 δι
331 1776 533 1846 μεγάλη
569 1775 793 1844 γέγονεν
827 1777 861 1846 ἡ
887 1777 977 1829 διὰ
1001 1776 1097 1830 τοῦ
1129 1776 1511 1847 βαπτίσματος
1558 1778 1656 1833 καὶ
1694 1779 1804 1832 τῶν

244 1868 415 1921 ἄλλων
430 1868 648 1938 δωρεῶν
688 1869 1000 1940 ἐπικουρία.
1050 1869 1385 1938 κουφίζουσα
1426 1872 1611 1939 σχεδὸν
1655 1870 1803 1924 ἅπαν

1899 685 1972 737 sit
2000 691 2095 737 aut
2119 682 2477 751 impossibile,
2507 683 2639 751 quin
2671 690 2859 736 contra
2884 681 2998 735 leve
3022 690 3079 733 et
3110 678 3461 736 conveniens.

1900 775 2115 830 Domini
2153 774 2371 829 elfatum
2419 776 2571 840 illud,
2606 794 2626 827 ι
2659 772 2848 828 Omnis
2905 773 2999 840 qui
3052 771 3339 825 mulierem
3378 770 3464 821 in-

1900 880 2110 933 tuetur,
2168 869 2236 925 ad
2283 868 2431 924 illam
2491 865 3006 935 Concupiseendam,
3062 863 3173 933 jam
3207 863 3260 915 iu
3300 862 3465 915 corde

1898 977 2000 1017 suo
2021 962 2399 1031 constupravit
2433 960 2579 1014 illam
2611 976 2625 1013 :
2658 977 2678 1010 ο
2711 957 2799 1010 illa
2830 970 2929 1026 per
2966 964 3291 1025 praesentem
3348 953 3457 1018 epi‘

1899 1049 2094 1104 stolam
2131 1048 2229 1103 tibi
2269 1063 2579 1119 suggeram.
2613 1045 2814 1113 Nempe
2865 1044 2919 1098 in
2962 1044 3156 1113 primis
3187 1043 3332 1110 quod
3364 1054 3467 1095 nos

1899 1135 1994 1203 qui
2040 1136 2146 1190 sub
2173 1138 2345 1205 gratia
2390 1136 2646 1200 vivimus,
2678 1135 2862 1189 debito
2915 1143 3160 1189 tenemur
3193 1132 3465 1192 obstricti,

1900 1225 2072 1280 multo
2122 1227 2278 1297 plura
2339 1226 2479 1281 bona
2534 1225 2818 1295 cperandl,
2867 1239 3034 1291 quam
3098 1223 3191 1293 qui
3220 1222 3324 1276 sub
3350 1222 3468 1290 lege

1902 1318 2279 1375 venabantur.
2336 1317 2447 1373 Nec
2492 1318 2741 1371 alterutri
2791 1319 2930 1386 parti
2982 1330 3055 1370 ex
3099 1330 3256 1383 aequo
3286 1313 3469 1383 gravis

1899 1419 1984 1463 est
2031 1418 2221 1463 exacta
2281 1409 2414 1479 legis
2464 1407 2826 1477 promulgatio
2866 1424 2881 1460 :
2924 1420 3109 1460 verum
3178 1406 3323 1474 quod
3362 1402 3470 1456 illis

1902 1501 2133 1558 fortasse
2176 1517 2339 1572 grave
2404 1500 2709 1565 videbatur,
2730 1500 2887 1554 nobis
2910 1498 3130 1567 perinde
3163 1510 3467 1565 congruum

1900 1604 1956 1647 et
1982 1593 2292 1664 expeditum
2328 1592 2597 1648 videbitur
2632 1610 2645 1646 :
2707 1601 2872 1659 atque
2903 1591 2955 1645 id
2995 1590 3140 1659 quod
3202 1589 3359 1642 nobis
3390 1598 3471 1640 ta-

1902 1685 2156 1740 liusmodi
2189 1684 2378 1749 fuerit,
2409 1684 2553 1739 hand
2603 1684 2676 1739 ita
2712 1683 2819 1737 illis
2856 1680 3213 1752 comparebit.
3252 1678 3363 1734 Illis
3415 1678 3468 1731 id

1901 1776 2077 1832 solum
2120 1775 2404 1831 interdixit
2448 1776 2556 1835 lex.
2614 1776 2758 1845 quod
2802 1783 3021 1844 patrare
3068 1773 3150 1827 fas
3180 1787 3287 1825 non
3322 1770 3467 1824 fuit:

1902 1867 1999 1921 sed
2028 1866 2230 1920 nullam
2276 1866 2656 1937 superaddidit
2686 1865 2996 1921 facultatem
3044 1864 3302 1931 implendi
3349 1877 3472 1930 qua:

242 1960 305 2011 τδ
328 1957 599 2029 δυσχερὲς,
634 1959 728 2013 καὶ
774 1962 884 2012 τῶν
928 1960 1183 2030 πονηρῶν
1234 1962 1563 2031 πνευμάτων
1588 1962 1688 2031 τὴν
1715 1964 1807 2033 6p-

1907 1957 2026 2029 lege
2049 1957 2403 2027 jubebantur.
2428 1954 2595 2011 Nobis
2624 1956 2754 2027 quid
2788 1957 2992 2026 grande
3042 1953 3344 2023 adjumenti
3381 1965 3473 2005 ac-

248 2045 354 2115 μὴν
406 2048 506 2097 οὐκ
553 2046 701 2099 ὲῶσα
745 2048 1024 2118 τυραννίδι
1073 2048 1199 2102 καθ’
1242 2050 1398 2118 ἡμῶν
1444 2050 1802 2115 ἐπιτίθεσθαι,

249 2137 384 2209 μόνῃ
428 2137 484 2189 δὲ
515 2140 581 2207 τῇ
628 2140 871 2211 ἡμετέρᾳ
917 2142 1186 2213 ῥᾳστώνῃ,
1218 2144 1312 2197 καὶ
1366 2138 1478 2195 οἷον
1532 2143 1807 2198 ὑποκατα-

244 2226 437 2295 κλίσει,
467 2230 875 2300 παραχωροῦσα
908 2231 1134 2306 [αὐτοῖς]
1202 2234 1301 2303 τὴν
1335 2234 1599 2289 ἐπίθεσιν.
1644 2236 1805 2288 Ὥστε

244 2321 294 2370 εί
320 2321 391 2390 μη
410 2338 463 2373 τι
481 2321 871 2393 ἀκριϐέστερον
892 2326 1044 2393 ἡμίν,
1082 2326 1228 2397 ἢπερ
1254 2328 1482 2391 ἐκείνοις
1512 2326 1808 2400 [ὲ]νενομο-

244 2408 455 2480 θέτητο,
489 2414 569 2474 εἰς
587 2415 899 2466 τουναντίον
928 2414 995 2468 ἂν
1017 2418 1051 2486 η
1080 2416 1175 2469 τοῦ
1204 2417 1340 2471 Θεοῦ
1374 2421 1687 2493 δικαιοσύνη
1712 2421 1808 2475 καὶ

243 2502 543 2572 χρηστότης
590 2504 996 2575 περιέστραπτο
1017 2517 1039 2545 ³
1065 2545 1082 2573 ,
1123 2507 1282 2577 ἡμῶν
1312 2526 1372 2562 τε
1414 2509 1523 2563 τῶν
1546 2511 1808 2581 μεγίστης

243 2593 558 2664 έπικουρίας
637 2597 907 2665 τυχόντων
935 2636 952 2660 ,
1024 2602 1292 2651 κάκείνων
1361 2603 1472 2654 τῶν
1540 2603 1809 2674 μηδεμιᾶς

244 2681 495 2753 τοιαύτης
522 2683 993 2751 ἁπολελαυκότων,
1024 2687 1123 2758 τὴν
1159 2691 1327 2761 αὐτὴν
1378 2691 1684 2763 ἀκρίῦειαν,
1714 2694 1810 2747 καὶ

244 2773 309 2825 τὸ
326 2776 421 2843 τῆς
436 2773 710 2839 πολιτείας
730 2776 1130 2847 παραπλήσιον,
1166 2782 1601 2852 ἀπαιτουμένων
1629 2784 1726 2837 καὶ
1749 2785 1809 2837 έν

244 2864 327 2936 τῷ
351 2866 514 2934 ἀνίσῳ
530 2867 627 2936 τῆς
644 2866 926 2938 δυνάμεως
946 2873 1043 2942 τῆς
1066 2871 1187 2942 ἴσης
1215 2873 1643 2944 ἐπιζητουμένης
1672 2877 1811 2945 πρίει

248 2954 618 3025 ξεως.”Ωσπερ
645 2954 754 3024 γὰρ
775 2957 960 3011 ἄδικόν
982 2975 1042 3010 τε
1063 2958 1199 3028 ὁμοῦ
1242 2962 1335 3014 καὶ
1362 2961 1684 3031 βαρύτατον,
1717 2963 1810 3015 τὸν

247 3042 345 3096 δύο
370 3044 603 3098 τάλαντα
619 3046 875 3117 είληιρότα
900 3049 993 3102 ἐπὶ
1012 3053 1077 3121 τῇ
1103 3051 1385 3124 συντελείᾳ
1401 3054 1500 3123 τῆς
1542 3054 1810 3124 ἐργασίας

245 3135 380 3189 δέκα
402 3136 653 3191 ἀπαιτεῖν
673 3156 684 3167 ·
709 3138 882 3203 οὕτως
913 3141 1180 3213 ὀλίγωρον
1201 3183 1218 3209 ,
1258 3142 1381 3210 καὶ,
1404 3145 1469 3199 ὲκ
1503 3145 1599 3199 τοῦ
1653 3146 1808 3201 έναν-

245 3226 389 3292 τίου,
432 3228 769 3300 παράνομον,
797 3231 889 3285 τὸν
935 3233 1099 3288 πέντε
1140 3235 1377 3290 τάλαντα
1423 3236 1676 3303 λαϐόντα,
1730 3240 1811 3303 είς

244 3321 486 3391 τέσσαρα
510 3322 606 3393 τὴν
630 3323 761 3394 ὅλην
785 3323 981 3395 πρᾶξιν
1008 3328 1654 3400 συγκεφαλαιωσαμενον,
1674 3333 1810 3385 ἀπο-

246 3410 526 3479 δέχεσθαι’
567 3412 682 3465 ἀλλ’
717 3415 945 3469 ἕκαστον
985 3417 1086 3483 δεῖ,
1137 3420 1415 3489 ἀναλόγως
1440 3425 1503 3493 τῇ
1538 3424 1681 3493 ίσχύῖ
1720 3424 1813 3476 καὶ

248 3502 331 3572 τῷ
362 3502 756 3575 καταϐληθέντι
785 3508 1106 3579 χαρίσματι,
1136 3511 1233 3581 τὴν
1260 3514 1522 3583 ἐργασίαν
1549 3516 1813 3585 εἰσπρατ-

244 3592 454 3647 τεσθαι.
487 3594 740 3649 Τοιοῦτον
769 3598 876 3666 γὰρ
905 3598 1003 3667 τῆς
1039 3599 1303 3671 ἰσότητος,
1337 3604 1432 3655 καὶ
1479 3604 1578 3674 τῆς
1613 3605 1813 3659 ἀδεκά-

246 3700 378 3736 «nou
402 3684 647 3754 γνώμης,
682 3690 771 3740 καὶ
796 3690 1048 3759 κρίσεως,
1080 3691 1109 3743 6
1138 3690 1359 3758 θεσμός.
1390 3694 1557 3763 Δῆλον
1590 3713 1812 3766 τοιγαρ-

242 3773 343 3826 οῦν
383 3774 448 3827 ὲκ
491 3775 599 3828 τῶν
624 3778 952 3847 εἰρημένων,
989 3781 1066 3843 ὡς
1092 3781 1334 3835 τοιοῦτον
1363 3780 1492 3855 παρ*
1511 3788 1643 3855 ἡμῖν
1666 3788 1815 3856 ὀφεί-

241 3866 329 3918 λει
363 3866 714 3935 νομίζεσθαι,
764 3870 825 3923 τὸ
881 3871 1014 3939 μηδὲ
1064 3870 1333 3942 epanous
1365 3879 1636 3943 γυναῖκα,
1676 3880 1813 3948 πρὸς

238 3958 306 4011 τὸ
337 3959 671 4030 έπιθυμῆσαι
718 3959 905 4031 αὐτὴν,
946 3956 1058 4015 οἷον
1090 3963 1241 4033 παρὰ
1270 3967 1379 4027 τοῖς
1433 3966 1490 4017 έν
1520 3966 1599 4036 τῷ
1626 3967 1773 4038 νόμῳ
1794 4008 1809 4033 ,

238 4049 307 4100 τὸ
359 4048 433 4120 μη
482 4049 787 4119 μοιχεῦσαι.
832 4051 943 4103 Καὶ
982 4052 1103 4123 οὐχὶ
1152 4054 1260 4106 τῶν
1317 4053 1489 4123 λόγων
1528 4059 1576 4094 ι’
1605 4056 1666 4110 τδ
1706 4059 1813 4126 ἁψ-

238 4138 399 4201 ιυδὲς
442 4139 535 4192 καὶ
602 4140 892 4195 ἀκόλουθον
941 4144 1375 4215 ὲπιμαρτύρεται
1422 4145 1582 4199 τοῦτο
1610 4163 1625 4179 ⁸
1677 4149 1813 4202 ἀλλὰ

236 4229 339 4282 καὶ
395 4228 485 4282 διὰ
544 4229 653 4283 τῶν
709 4232 887 4303 ἔργων
939 4233 1121 4288 αὐτῶν
1183 4236 1429 4307 ἐναργῶς
1487 4239 1702 4309 ὁρᾶται.
1737 4241 1810 4292 Οὐ

236 4319 464 4385 πλείους
495 4322 605 4394 γὰρ
637 4322 783 4377 ἔστιν
809 4324 937 4377 ίδεῐν
974 4325 1083 4379 τῶν
1107 4327 1439 4394 Μωσαῖκῶν,
1467 4330 1566 4400 τὴν
1615 4331 1813 4402 πρᾶξιν

233 4413 607 4478 πεφευγότας,
632 4412 666 4481 ἢ
694 4413 820 4475 τοὺς
844 4413 903 4465 έν
936 4416 1003 4485 τῇ
1038 4415 1218 4485 χάριτι
1243 4415 1382 4489 [καὶ]
1402 4418 1509 4471 τῶν
1546 4422 1683 4490 πρὸς
1715 4420 1813 4491 τὴν

233 4502 443 4571 πρᾶξιν
471 4501 753 4557 ὠθούντων
784 4505 1299 4576 ἀνακεχωρηκότας.
1336 4511 1510 4565 Ὅπου
1550 4528 1616 4578 γε
1661 4511 1813 4564 πλεί-

1836 3288 1883 3350 C

1904 2051 2070 2105 cessit
2099 2064 2195 2119 per
2212 2050 2562 2120 baptismum,
2590 2059 2644 2104 et
2662 2050 2769 2104 alia
2812 2049 3061 2119 quaedam
3111 2050 3274 2110 dona,
3328 2050 3473 2098 unde.

1907 2141 1961 2196 id
1993 2143 2138 2209 quod
2166 2141 2383 2197 diﬂicile
2432 2143 2583 2212 prius
2619 2141 2722 2196 fuit
2784 2141 3176 2203 alleviabatur;
3225 2152 3324 2191 nec
3356 2152 3473 2189 ma-

1908 2233 2084 2288 lorum
2119 2233 2410 2304 spirituum
2443 2234 2821 2304 impetuositas
2870 2242 3191 2302 potestatem
3224 2246 3344 2283 eam
3375 2232 3472 2282 ha-

1909 2326 2017 2388 bet,
2046 2324 2386 2396 tyrannidem
2416 2327 2470 2382 in
2501 2341 2622 2389 nos,
2655 2336 2915 2395 tanquam
2938 2340 2970 2380 e
3010 2326 3133 2378 loco
3166 2324 3470 2392 superiore,

1904 2434 2161 2474 exercere
2192 2435 2211 2474 :
2268 2419 2649 2474 tantummodo
2707 2430 2891 2473 autem
2959 2427 3179 2488 promer
3226 2428 3472 2471 nostram

1906 2513 2211 2567 socordiam
2259 2513 2355 2584 qui
2409 2520 2605 2583 sponte
2655 2511 3021 2582 nosmetipsos
3081 2520 3290 2565 tantum
3363 2524 3471 2563 non

1908 2602 2251 2671 subiicimus,
2288 2603 2618 2672 permittitur
2652 2603 2720 2658 iis
2758 2602 2918 2657 nobis
2961 2611 3175 2657 struere
3220 2601 3473 2666 insidias,

1908 2709 2011 2752 nos
2046 2695 2268 2751 adoriri.
2327 2696 2506 2763 Certe,
2541 2696 2587 2752 si
2626 2711 2735 2752 non
2800 2695 2977 2766 magis
3032 2705 3281 2750 exactam
3317 2694 3477 2748 nobis

1909 2786 2082 2857 legem
2145 2788 2499 2858 pracripsit,
2555 2803 2719 2858 quam
2780 2786 2907 2851 illis,
2943 2786 3126 2841 divina
3174 2787 3389 2840 bonitas
3421 2792 3477 2839 et

1907 2878 2120 2948 iustitia
2157 2880 2211 2932 in
2244 2878 2578 2934 contrarium
2643 2886 2975 2943 verteretur;
3007 2887 3061 2933 et
3102 2892 3133 2931 a
3177 2877 3334 2931 nobis
3382 2877 3476 2944 qui

1911 2970 2196 3039 multiplici
2228 2968 2460 3025 fruimur
2486 2970 2822 3039 adiumento,
2854 2978 2908 3024 et
2954 2970 3024 3023 ab
3050 2969 3158 3024 illis
3185 2969 3334 3023 nullo
3383 2968 3477 3021 tali

1911 3060 2142 3116 snt'fultis
2196 3060 2421 3123 auxilio,
2475 3062 2661 3115 eadem
2710 3074 2807 3129 per
2868 3060 3054 3113 omnia
3108 3058 3476 3119 conversatio,

1912 3151 2076 3221 idque
2107 3151 2474 3215 exactissima,
2500 3152 2871 3220 requireretur
2895 3166 2911 3215 ;
2938 3159 2994 3205 et
3028 3150 3118 3204 ubi
3154 3151 3329 3219 impar
3360 3158 3479 3203 erat

1915 3241 2169 3308 facultas,
2198 3242 2393 3311 agendi
2441 3242 2646 3313 paritas
2693 3242 3085 3311 requireretur.
3131 3240 3304 3296 Veluti
3333 3241 3478 3295 enim

1914 3332 2295 3400 gravissimum
2325 3341 2430 3395 est,
2457 3342 2511 3387 et
2540 3348 2662 3388 cum
2696 3333 2963 3401 injustitia
2993 3334 3372 3401 coniunctum,
3409 3332 3480 3385 ab

1916 3425 2011 3479 illo
2040 3425 2131 3495 qui
2168 3435 2377 3480 tantum
2427 3426 2538 3481 duo
2595 3429 2803 3496 accepit
2837 3428 3061 3485 talenta.
3094 3436 3479 3480 consummato

1914 3532 2097 3588 opere,
2125 3518 2310 3573 decem
2356 3517 2617 3589 exigere:
2666 3518 2740 3572 ita
2801 3519 3182 3589 negligentiam
3221 3518 3382 3586 sapit,
3428 3528 3483 3569 et

1916 3620 2181 3683 repugnat
2207 3625 2274 3665 ex
2304 3611 2536 3665 adverso
2570 3611 2716 3682 legi,
2761 3626 2885 3666 cum
2939 3611 3182 3679 quinque
3228 3611 3352 3680 quis
3403 3619 3481 3663 ta—

1916 3706 2057 3758 lenta
2087 3705 2316 3772 accepit,
2349 3703 2634 3759 deductam
2668 3703 2733 3757 ad
2769 3713 3006 3771 quatuor
3038 3716 3308 3756 summam
3341 3702 3480 3755 reri-

1914 3812 2061 3867 pere.
2095 3795 2343 3851 Profecto
2378 3810 2477 3865 par
2508 3806 2562 3850 et
2589 3811 2804 3865 equum
2832 3805 2934 3854 est.
2971 3804 3027 3847 ut
3057 3796 3293 3863 quisque
3324 3793 3479 3862 juxta

1914 3888 2113 3940 virium
2168 3889 2568 3957 proportionem
2602 3896 2657 3940 et
2680 3885 2809 3939 doni
2848 3885 3033 3938 collati
3088 3885 3479 3948 conditionem,

1912 3979 2280 4050 operationem
2309 3994 2465 4034 suam
2494 3978 2755 4048 perﬁciat.
2785 3978 2841 4032 ld
2864 3979 3010 4032 enim
3049 3979 3286 4047 postulat
3314 3978 3483 4046 requi-

1916 4072 2045 4126 tatis
2074 4081 2130 4126 et
2176 4087 2285 4125 non
2320 4072 2553 4141 coempti
2578 4070 2833 4140 suffragii
2874 4071 2957 4124 vel
2998 4070 3191 4139 judicii
3242 4070 3477 4125 sanctio.

1914 4162 2068 4219 Patet
2115 4164 2279 4234 igitur
2315 4164 2383 4218 ab
2434 4164 2720 4218 antedictis
2776 4162 3019 4225 dictum,
3062 4160 3181 4216 Non
3229 4172 3484 4232 oportere

1915 4257 2198 4310 mulierem
2252 4255 2452 4311 intueri
2512 4256 2579 4309 ad
2629 4255 3124 4324 concupiscendum
3185 4255 3353 4319 illam,
3414 4269 3481 4309 eo

1914 4347 2035 4400 loco
2089 4346 2231 4416 apud
2263 4359 2363 4401 nos
2398 4345 2726 4411 habendum,
2765 4360 2900 4416 quo,
2937 4364 2955 4398 ι
2994 4345 3112 4404 Non
3163 4346 3476 4401 mmcltabe-

1914 4436 2010 4501 ris,
2051 4454 2068 4487 ι
2104 4436 2246 4505 apud
2271 4437 2375 4491 sub
2433 4436 2548 4506 lege
2574 4439 2835 4492 viventes.
2885 4435 2997 4492 Nec
3031 4436 3324 4489 verborum
3356 4448 3477 4489 tan-

1918 4527 2203 4583 tummodo
2267 4528 2468 4582 veritas
2518 4538 2573 4583 et
2622 4528 3010 4596 consequentia
3051 4528 3155 4580 hoc
3187 4536 3476 4589 testantur,

232 4611 358 4648 στοι
390 4596 526 4660 ὅσοι,
551 4596 659 4648 τῶν
713 4596 842 4667 παρ’
869 4600 1021 4668 ημῖν,
1047 4599 1109 4652 οὐ
1151 4601 1313 4669 μόνον
1364 4604 1689 4673 περιέργους
1717 4605 1810 4658 καὶ

1915 4619 2007 4675 sed
2039 4619 2342 4674 clarissime
2401 4634 2498 4689 per
2545 4633 2707 4689 opera
2741 4618 2981 4673 discerni
3010 4628 3207 4687 potest.
3241 4617 3479 4673 Cernere

226 4690 582 4758 ἑρωτιὼντας
608 4690 939 4761 ὀφθαλμοὺς,
971 4692 1140 4757 ξένοις
1187 4695 1442 4748 κάλλεσιν
1483 4698 1583 4749 οὐκ
1609 4697 1811 4751 έπέσα-

224 4779 328 4831 λον
363 4794 379 4809 ο
408 4779 523 4833 ἀλλ’
563 4781 682 4834 οὐδὲ
706 4784 785 4844 ei;
811 4782 934 4851 ὄψιν
962 4783 1149 4847 ἁπλῶς
1176 4787 1434 4854 γυναικὸς
1460 4788 1807 4859 ὲνητένισανο

222 4871 405 4941 μέχρι
451 4870 611 4942 ψιλῆς
649 4872 776 4936 θέας
800 4874 1010 4938 ἑαυτοῖς
1036 4877 1096 4929 τὸ
1124 4880 1319 4947 σεμνὸν
1345 4882 1803 4950 συντηρήσιντες.

1910 4713 2056 4767 enim
2085 4723 2203 4767 erat
2259 4714 2541 4782 pauciores
2587 4725 2681 4781 per
2727 4710 2963 4766 Massica
3018 4720 3263 4779 tempora
3297 4722 3475 4766 actum

1911 4801 2088 4871 ipsum
2118 4810 2455 4865 aversantes,
2485 4817 2648 4871 quam
2675 4801 2792 4869 qui,
2822 4815 2968 4855 nunc
3011 4801 3115 4855 sub
3164 4802 3358 4870 gratia,
3391 4816 3477 4854 re-

1907 4902 2192 4949 cesserunt
2246 4893 2460 4963 longius
2484 4897 2553 4946 ab
2599 4894 2706 4946 illis
2731 4894 2913 4955 rebus,
2959 4908 3082 4959 qua:
3117 4894 3473 4961 perpetraue—

218 4962 500 5032 Δεύτερον
536 4964 614 5027 δὲ,
649 4964 862 5027 aurai;
892 4967 990 5035 μὲν
1014 4968 1118 5020 ὑπὸ
1148 4969 1223 5039 τῷ
1254 4970 1403 5040 νόμῳ
1430 4973 1806 5042 παιδαγωγου-

1910 4986 1966 5038 ni
1995 4984 2198 5038 dabant
2217 4962 2579 5038 occasionem.
2622 4985 2808 5038 Plures
2839 4993 2968 5038 sunt
3008 4985 3150 5053 apud
3203 4999 3327 5048 nos,
3369 5000 3474 5037 non

220 5055 445 5124 μένοις,
483 5058 553 5110 τὰ
593 5061 1050 5129 προστεταγμένα
1086 5062 1464 5132 κατορθοῦσιν,
1504 5067 1575 5120 τὰ
1615 5068 1807 5135 ἀγαθὰ

1910 5072 2093 5137 modo,
2128 5082 2433 5143 satagentes
2455 5074 2647 5127 oculos
2673 5081 2729 5126 et
2775 5074 3168 5129 amaturientcs
3234 5075 3475 5143 peregri—

215 5147 346 5213 τῆς
391 5147 538 5217 τῆς,
565 5144 726 5202 ἆθλον
772 5152 1139 5222 προύτείνετο.
1209 5154 1373 5225 Ἡμῖν
1415 5156 1472 5209 δὲ
1517 5158 1810 5221 ,ϐασιλειά

1908 5178 2103 5217 narum
2134 5163 2623 5232 pulcbritudinum,
2656 5164 2748 5233 qui
2786 5180 2892 5218 non
2948 5166 3278 5220 addixerunt
3314 5168 3476 5234 cupi-

211 5238 530 5307 οὐραγῶν,
565 5240 657 5292 καὶ
681 5240 718 5294 ἃ
751 5260 769 5293 ι
813 5242 1119 5313 Ὀφθαλμός
1176 5246 1277 5300 οὐκ
1312 5245 1443 5312 εἶδε,
1469 5251 1562 5302 καὶ
1587 5245 1680 5313 οὖς
1709 5250 1808 5304 οὐκ

1907 5255 2168 5312 ditatibus
2190 5255 2332 5319 illis;
2387 5256 2482 5310 sed
2520 5255 2637 5324 qui,
2673 5270 2742 5309 ne
2794 5253 3015 5325 quidem
3048 5257 3101 5310 in
3137 5257 3322 5310 vultus
3350 5274 3467 5309 mu-

210 5333 461 5402 ἥκουσε,
497 5335 594 5386 καὶ
624 5336 716 5387 ἐπὶ
745 5336 975 5406 καρδίαν
1020 5339 1311 5409 ἀνθρώπου
1372 5345 1474 5395 οὐκ
1530 5342 1806 5415 ἀναϐέϐη-

1907 5349 2101 5402 liebres
2130 5346 2328 5401 intueri
2353 5347 2576 5413 volunt;
2634 5349 2839 5417 quique
2892 5350 3212 5417 gravitatem
3260 5363 3474 5402 morum

209 5441 350 5478 κεν.
394 5442 415 5475 ι
447 5426 609 5477 Ὥστε
663 5426 758 5478 καὶ
803 5429 867 5479 ὲκ
909 5429 1011 5498 τῆς
1070 5431 1179 5483 τῶν
1242 5433 1492 5487 ὲπάολων
1544 5434 1806 5504 διαφορᾶς

1907 5438 2170 5493 illibatam
2196 5438 2358 5493 etiam
2391 5441 2460 5493 ab
2512 5440 2711 5494 intuitu
2755 5440 3147 5495 cohibuerunt.
3183 5442 3239 5495 ln
3281 5458 3475 5496 secun-

206 5517 282 5569 τὸ
341 5517 546 5587 ῥᾷστον
588 5520 680 5571 καὶ
728 5521 963 5587 χρηστὸν
1007 5522 1104 5591 τῆς
1174 5525 1536 5594 εὐαγγελικῆς
1589 5526 1805 5596 ἐντολῆς

1912 5531 2017 5594 dis,
2068 5531 2163 5601 qui
2193 5530 2346 5599 juxta
2402 5532 2571 5601 legem
2617 5547 2741 5602 quae
2792 5532 3133 5587 scribebatur
3169 5544 3313 5587 recte
3350 5550 3479 5603 ege-

204 5609 629 5663 ὲπιδείκνυται.
666 5613 739 5663 Οὐ
786 5616 893 5683 γὰρ
936 5614 1136 5681 ὁμοίως
1190 5618 1480 5686 ἐπίπονον,
1530 5619 1805 5689 δραμόντα

1913 5632 2056 5676 rant.
2102 5621 2237 5675 bona
2285 5634 2458 5687 terrm,
2490 5626 2610 5680 loco
2655 5624 2861 5692 praemii
2890 5625 3133 5681 exhibita
3163 5628 3473 5696 capiebant.

1504 5783 1735 5838 VARle
1766 5781 2166 5836 LECTIONES.

314 5906 341 5933 ³
382 5896 475 5951 Ie“.
519 5900 934 5969 περιετρὰπειο.
995 5906 1040 5939 ε’
1066 5902 1152 5958 ia’.
1189 5906 1315 5957 add.
1362 5906 1555 5976 μόνωνο
1588 5904 1748 5960 habet
1776 5905 1915 5960 Mou.
1952 5907 2066 5959 sine
2109 5908 2302 5973 μόνων.

554 5992 824 6053 Pnnos.
857 5996 972 6056 Gn.
1011 5996 1107 6057 Cl.
3127 6002 3206 6063 32
