4162 6442
739 387 845 450 995

1887 383 2148 445 ΡΗΟΤΙΙ
2186 384 2686 446 PATRIARCH/E
2714 385 2824 446 ΟΡ.

3882 381 3983 442 996

738 499 846 554 Sed
886 497 1164 551 nobiscum
1221 495 1513 564 stipulatur
1574 510 1786 563 regnum
1840 496 2042 549 cwlesle
2069 511 2088 548 :
2134 505 2187 550 et
2219 497 2308 549 illa

2423 499 2642 562 ιτάδιον,
2665 497 2848 566 τυχεῖν
2907 494 3118 548 κοτίνου
3157 511 3170 525 ·
3212 492 3307 546 καὶ
3367 492 3460 545 δύο
3519 492 3744 557 στάδια,
3779 495 3985 562 χρυσοῦ

741 608 884 661 quae,
947 608 964 640 ι
996 587 1103 642 Nec
1149 589 1342 642 oculus
1399 587 1567 649 vidit,
1633 602 1733 640 nec
1780 587 1927 639 auris
1956 588 2184 650 audivit,
2215 602 2313 642 ncc

741 681 982 736 ascendit
1035 680 1089 733 in
1147 695 1242 732 cor
1281 679 1514 733 hominis
1571 678 1812 748 cogitare
1851 677 1920 731 ⁸⁸.
1986 697 2004 729 ι
2061 678 2139 731 lta
2172 680 2313 733 vcle

741 774 1102 843 discrepantia
1158 772 1503 842 praemiorum
1555 771 1865 840 evangelica
1926 771 2201 833 mandata,
2255 781 2311 825 et

740 867 943 936 optima
966 866 1284 935 judicantur
1312 874 1365 918 et
1395 863 1676 918 facillima.
1730 861 1847 917 Non
1883 879 2037 933 atque
2065 866 2310 933 profecto

745 963 1077 1023 laborarunt,
1114 958 1157 1011 is
1187 958 1278 1026 qui
1307 957 1542 1010 stadium
1572 956 1836 1020 cucurrit,
1868 966 1927 1010 ut
1967 956 2302 1025 oleagineatn

746 1066 1002 1105 coronam
1038 1061 1404 1118 consequatur
1430 1067 1446 1116 ;
1481 1065 1545 1104 ac
1577 1049 1717 1103 alius
1737 1050 1831 1118 qui
1872 1050 1982 1102 duo
2009 1051 2182 1103 stadia
2212 1065 2309 1103 cu-

741 1145 932 1205 currit,
968 1152 1025 1196 ut
1077 1157 1277 1196 corona
1345 1156 1508 1195 aurea
1559 1143 1904 1211 insigniatur.
1947 1143 2106 1196 Certe
2140 1143 2311 1196 levior

741 1237 845 1288 erit
864 1236 1094 1288 duorum
1131 1234 1431 1288 stadiorum
1461 1235 1734 1297 decursio,
1777 1249 1937 1302 quam
1974 1235 2158 1298 unius,
2183 1249 2306 1288 cum

743 1323 884 1374 inter
926 1323 1143 1389 praemia
1172 1322 1318 1375 nulla
1345 1323 1417 1376 sit
1448 1325 1805 1390 comparatio,
1854 1324 1947 1376 sed
1995 1323 2308 1390 praestantia

742 1424 794 1464 ιιι
815 1415 1067 1480 splendor
1107 1413 1287 1475 unius,
1351 1412 1595 1468 laborem
1656 1415 1890 1474 allevict,
1947 1430 2045 1468 nec
2084 1429 2306 1468 sensum

744 1505 994 1557 admittat
1031 1507 1170 1572 apud
1205 1505 1545 1560 laborantem
1581 1506 1867 1575 geminatae
1909 1505 2310 1574 defatigationis

743 1607 795 1650 et
855 1598 1088 1652 sudoris.
1122 1597 1364 1659 Accedit,
1395 1598 1543 1665 quod
1595 1611 1938 1666 nequaquam
1987 1597 2308 1666 simpliciter

744 1691 879 1743 dixit
906 1688 1227 1742 adulterium
1259 1702 1382 1742 esse
1434 1687 1581 1741 illam
1633 1703 1731 1756 per
1753 1689 1946 1741 oculos
2010 1686 2312 1756 cepulatio-

747 1795 901 1845 nem;
951 1779 1043 1833 sed
1081 1775 1203 1833 cum
1239 1778 1484 1834 nominet
1516 1778 1842 1832 adulterium
1895 1778 2096 1844 cordis,
2143 1778 2309 1832 vebe—

2416 591 2680 655 στεφάνου
2734 587 3054 654 ἀξιωθῆναι.
3081 585 3252 654 Δῆλον
3296 585 3426 654 γὰρ.
3476 584 3552 644 ὡς
3596 583 3987 652 κουφότεροςό

2411 680 2519 731 τῶν
2547 679 2642 731 δύο
2675 679 2903 730 σταδίων
2933 679 3118 744 πόνος,
3143 678 3177 748 ἦ
3219 679 3248 730 ό
3279 676 3376 729 τοῦ
3427 676 3567 739 ἐνὸς,
3593 679 3661 744 τῇ
3712 676 3988 743 ἀσυγκρί-

2411 788 2488 838 τῳ
2512 769 2607 823 τοῦ
2635 769 2868 822 ἐπάθλου
2903 769 3147 838 ὑπεροχῇ
3188 770 3284 820 καὶ
3333 767 3715 836 λαμπρότητι,
3741 766 3847 834 τῆς
3896 783 3988 816 τα-

2411 861 2717 929 λαιπωρίας
2754 859 3178 928 κουφιζομένης,
3210 859 3304 911 καὶ
3345 858 3467 928 μηδ’
3499 858 3763 926 αῐσθησιν
3807 857 3987 921 ἐπιγί-

2412 953 2596 1005 νεσθαι
2637 951 3072 1021 συγχωροῦντος,
3095 953 3194 1019 τῆς
3251 949 3447 1018 διπλῆς
3513 947 3837 1017 συντριϐἦς.
3901 952 3989 997 καὶ

2409 1045 2516 1096 τῶν
2537 1043 2737 1095 διπλῶν
2769 1041 3029 1112 ἱδρώτων,
3061 1041 3139 1109 τῷ
3171 1040 3452 1108 κάμνοντι.
3499 1039 3622 1090 Ἐπὶ
3651 1037 3872 1097 τούτοις
3914 1037 3986 1097 δὲ,

2409 1135 2529 1186 οὐδὲ
2562 1131 2807 1201 μοιχείαν
2834 1131 3042 1195 ἁπλῶς,
3071 1132 3170 1201 τὴν
3205 1129 3463 1200 τοιαύτην
3499 1130 3586 1182 διὰ
3625 1130 3738 1179 τῶν
3774 1128 3991 1194 6900.1-

2412 1231 2529 1298 μῶν
2594 1231 2915 1301 συμπλοκὴν
2943 1271 2958 1296 ,
3009 1230 3340 1298 διωρίσατο*
3397 1227 3535 1278 ἀλλὰ
3609 1225 3866 1294 μοιχείαν
3915 1223 3988 1272 εί-

2416 1323 2565 1383 πὼν,
2635 1325 2694 1375 ὲν
2763 1323 2979 1393 καρδίᾳ,
3047 1321 3138 1374 καὶ
3202 1321 3265 1372 τὸ
3339 1319 3530 1372 δοκοῦν
3593 1316 3834 1383 σφοδρὸν
3897 1315 3990 1382 τῆς

2410 1412 2762 1478 ἀποφάσεως,
2805 1415 2897 1465 καὶ
2942 1412 3237 1478 ἀπότομον,
3270 1410 3420 1480 νόμῳ
3469 1407 3826 1478 συμπαθείας
3855 1407 3992 1470 dspi-

2409 1521 2502 1554 του
2566 1503 2820 1556 ἐκόλασεν
2855 1506 2875 1540 ⁸
2903 1543 2917 1556 .
2967 1505 3056 1556 Ἐν
3105 1502 3302 1572 καρδίᾳ
3332 1541 3347 1565 ,
3410 1503 3619 1570 φησὶν,
3674 1500 3707 1568 ἡ
3779 1496 3990 1566 μοιχεία

2411 1592 2744 1663 συνέστη,ῆν
2771 1596 2800 1646 ό
2831 1593 2920 1647 διὰ
2949 1594 3056 1646 τῶν
3085 1594 3351 1663 ὀμμάτων
3370 1589 3584 1661 οἶστρος
3603 1590 3697 1641 καί
3724 1586 3992 1656 γαργαλι-

2413 1684 2547 1749 σμὸς
2574 1685 2976 1754 κατειργάσατο
3002 1702 3016 1715 ·
3050 1685 3200 1747 ὅπως
3225 1685 3292 1738 ἄν
3327 1700 3411 1745 τις
3441 1681 3958 1752 φιλανθρωπότερον
3978 1717 3994 1740 ο

2411 1775 2444 1844 ἢ
2477 1774 2649 1837 οὓτως
2677 1773 2856 1840 είποι;
2892 1774 3162 1845 Ἐῥριψας
3194 1775 3349 1844 ὄμμα
3379 1772 3645 1842 πορνικὸν
3679 1771 3780 1823 ἐπὶ
3825 1770 3995 1839 πρόσ-

745 1880 980 1924 mentem
1021 1879 1074 1923 et
1123 1867 1237 1924 fere
1283 1870 1610 1938 precipitem
1643 1868 2066 1935 accusationem,
2103 1883 2201 1938 per
2239 1869 2316 1923 le-

2423 1884 2569 1918 ωπον
2620 1867 2878 1934 γυναικὸς
2920 1867 3208 1937 ἀλλοτρίας
3229 1882 3247 1900 ο
3281 1867 3682 1936 ἐνετρύφησας,
3719 1863 3828 1917 οὐκ
3854 1861 3997 1927 ἰξὸν,

743 1974 862 2027 gem
893 1959 1288 2026 compassionis
1316 1958 1605 2013 ineﬂ'abilis
1647 1960 1986 2029 amputavit;
2021 1959 2079 2012 Ιιι
2128 1959 2310 2023 corde,

746 2050 1022 2119 inquiens,
1071 2049 1323 2104 consistit
1356 2049 1684 2104 adulterium
1719 2068 1734 2104 :
1782 2050 1912 2105 illud
1943 2065 2135 2120 nempe
2171 2050 2315 2120 quod

748 2145 982 2214 patravit
1038 2157 1133 2212 per
1186 2144 1378 2198 oculos
1435 2144 1695 2199 stimulus
1752 2153 1806 2198 et
1844 2145 2085 2214 prurigo.
2114 2143 2315 2215 Ecquis

748 2237 954 2307 aliquid
988 2238 1196 2306 majore
1227 2252 1352 2292 cum
1396 2239 1796 2307 eompassione,
1828 2253 1993 2305 quam
2025 2247 2110 2293 est
2137 2239 2314 2303 istud,

677 2389 680 2394 _
747 2330 936 2383 dicat?
965 2327 1344 2383 Fornicantem
1377 2327 1598 2383 oculum
1652 2328 1706 2382 in
1740 2328 1930 2382 faciem
1976 2329 2168 2383 alienae
2191 2345 2317 2384 mu-

748 2422 898 2477 lieris
951 2421 1255 2492 proiecisti,
1316 2430 1371 2475 et
1409 2420 1555 2490 quod
1587 2421 1734 2476 baud
1771 2421 2008 2487 licuerit,
2039 2422 2319 2492 impudico

748 2524 805 2570 et
832 2515 1118 2584 peregrino
1147 2514 1349 2568 intuitu
1378 2513 1744 2569 oblectabaris
1772 2530 1789 2566 :
1821 2526 1918 2582 per
1947 2513 2127 2568 visum
2157 2513 2322 2584 liqui-

751 2605 982 2670 diorem,
1020 2605 1246 2660 all‘ectus
1280 2619 1548 2659 venenum
1590 2603 1858 2658 mollibus
1890 2603 2166 2659 instillasti
2200 2619 2322 2659 cor-

751 2697 957 2751 dibus:
1014 2695 1209 2750 exinde
1263 2694 1538 2748 llammam
1596 2694 2008 2748 luculentiorem
2060 2703 2115 2750 et
2145 2695 2321 2766 magis

753 2786 1045 2839 violentam
1095 2785 1148 2837 in
1175 2784 1504 2853 cogitatione
1528 2784 1825 2838 accendisti
1861 2802 1876 2839 :
1916 2784 1984 2838 ad
2029 2799 2126 2838 cor
2153 2800 2326 2854 usque

754 2877 1020 2947 processit
1048 2877 1359 2932 incendium
1394 2894 1408 2930 :
1447 2891 1511 2930 ac
1543 2876 1656 2931 sola
1683 2876 2064 2945 opportunitas
2089 2892 2322 2946 compe-

2413 1959 2635 2025 ἀσελγεῖ
2684 1961 2778 2012 καὶ
2826 1959 2963 2030 ξένῳ
3009 1961 3282 2030 οεάματι·
3323 1960 3634 2030 βλέμμασιν
3674 1956 3999 2029 ὑγροτέρας

2413 2051 2504 2103 τὸν
2534 2053 2612 2105 ίὸν
2640 2053 2734 2105 τοῦ
2778 2053 2984 2115 πάθους
3012 2054 3212 2123 ψυχαῖς
3256 2052 3552 2117 ἑνέσταξας
3583 2049 3996 2118 ἁπαλωτέραιςο

2416 2144 2630 2212 ἀνῆψας
2667 2145 2896 2208 ἐκεῖθεν,
2940 2146 3307 2217 σφοδροτέραν
3337 2145 3524 2197 λοιπὸν
3545 2143 3642 2197 καὶ
3667 2141 4000 2204 ἀκάθεκτον,

2417 2234 2475 2286 ἐν
2509 2237 2614 2296 τοῖς
2645 2234 2929 2304 λογισμοῖς
2962 2237 3059 2306 τὴν
3091 2236 3267 2306 φλόγα
3293 2251 3310 2268 ·
3350 2235 3513 2304 μέχρι
3546 2232 3783 2303 καρδίας
3813 2233 3850 2302 ἡ
3891 2230 4000 2283 πύ-

2421 2342 2584 2395 ρωσις
2621 2325 2836 2395 διῆλθεν
2861 2342 2875 2358 ·
2909 2327 3164 2397 εὐκαιρία
3188 2329 3323 2397 μόνη
3350 2328 3488 2397 πρὸς
3524 2327 3623 2396 τὴν
3659 2325 3866 2395 πρᾶξιν
3889 2323 4003 2376 λεί·

2419 2433 2512 2468 πει
2537 2433 2552 2449 ·
2584 2417 2700 2480 πῶς
2728 2417 2828 2470 οὐκ
2859 2418 3186 2488 ἐμοίχευσας
3226 2421 3286 2472 ὲν
3312 2418 3534 2489 καρδίας
3561 2417 3701 2470 Ἀλλ’
3737 2413 3866 2469 εἷπε
3900 2415 4004 2485 μιν

2424 2506 2553 2570 ἴσως
2581 2508 2737 2570 ἄλλος
2758 2509 2824 2562 ἂν
2841 2527 2947 2573 τις,
2974 2509 3048 2572 ὡς
3086 2509 3182 2562 καὶ
3201 2511 3447 2580 μοιχείαν
3476 2510 3696 2563 τελείαν
3732 2507 4004 2577 εἰργάσω,

2422 2598 2489 2652 ἂν
2518 2601 2596 2663 είς
2619 2599 2716 2668 τὴν
2746 2600 2941 2654 ἑαυτοῦ
2968 2618 3026 2654 σε
3051 2601 3285 2671 μάλιστα
3308 2601 3606 2672 συνῄσθετο
3626 2599 3794 2652 τοῦτο
3813 2598 4004 2668 δεδραο

2424 2693 2579 2747 κότα.
2625 2695 2776 2747 Φιλεῖ
2805 2697 2911 2766 γὰρ
2937 2697 3186 2763 ἕκαστος,
3221 2698 3431 2768 ῶσπερ,
3464 2700 3565 2750 ὅσα
3597 2697 3700 2766 μὲν
3731 2695 3900 2758 αὐτὸς
3927 2696 4006 2757 εἷς

2424 2787 2617 2851 ἄλλους
2652 2790 2889 2860 ἥμαρτε,
2927 2793 3125 2863 μέτρια
3152 2795 3346 2858 ποιεῖν,
3382 2792 3478 2846 καὶ
3504 2791 3842 2862 βραδύτερον
3882 2792 4007 2843 ἑπι-

2429 2884 2684 2943 σκοπείν,
2725 2881 2900 2945 οὕτως
2956 2883 3231 2949 ὀξύτερον,
3263 2882 3325 2936 τδ
3381 2884 3462 2947 είς
3509 2883 3702 2936 ἑαυτὸν
3755 2882 4010 2950 ἀδίκημα

755 2972 1007 3027 rendinat
1031 2981 1214 3026 actum
1247 2989 1261 3024 :
1322 2978 1378 3024 et
1414 2970 1694 3038 quomodo
1730 2985 1837 3023 non
1893 2969 1946 3023 in
1975 2970 2138 3025 corde
2167 2971 2321 3026 adul-

2430 2971 2669 3040 βλέπειν,
2705 2976 2798 3027 καὶ
2849 2975 2970 3028 τότε
3001 2975 3247 3044 γενέσθαι
3299 2976 3394 3029 τοῦ
3442 2975 3823 3046 ἀκροδικαίου.
3876 2973 4007 3026 Ὲπο

759 3065 944 3119 terasti
975 3063 1139 3119 eam?
1165 3061 1360 3117 Procul
1391 3062 1576 3127 dubio,
1609 3062 1812 3117 diceret
1845 3061 2007 3129 alius,
2060 3063 2108 3118 si
2150 3072 2202 3117 te
2223 3063 2321 3118 hoc

2431 3063 2621 3126 έϐαλες
2645 3065 2956 3136 ὀφθαλμοὺς
2977 3068 3165 3136 ὕψεσιν
3187 3067 3515 3136 ἀλλοτρίαις,
3536 3066 3808 3137 πορνικάς
3823 3065 3894 3118 δι’
3915 3065 4009 3116 αὗ-

758 3166 936 3224 ipsum
984 3156 1036 3208 in
1087 3169 1183 3209 sua
1241 3167 1413 3207 uxore
1454 3153 1660 3206 videret
1698 3159 2014 3215 attentasse,
2069 3166 2321 3208 consum-

2432 3154 2541 3206 τῶν
2576 3157 2875 3224 ἐκπέμπων
2908 3159 3132 3221 ἀκτῖνας
3162 3175 3176 3190 ·
3209 3157 3727 3226 ἀντανεκλάσθησάν
3775 3173 3865 3208 σοι
3905 3156 4008 3206 πά-

758 3211 939 3300 masse
991 3259 1113 3298 cum
1150 3244 1239 3297 illa
1300 3243 1651 3296 adulterium.
1691 3243 1850 3305 Amat
1895 3242 2039 3295 enim
2071 3243 2321 3310 quilibet,

2434 3245 2516 3296 λιν
2549 3211 2762 3300 ἐκεῖθεν
2791 3211 3132 3320 μιαρώτεραί
3163 3250 3377 3320 βολίδες
3402 3266 3417 3282 ο
3448 3211 3693 3310 ὅλον,.ὲκ
3723 3246 3904 3316 μέσης
3925 3246 4008 3298 δε·

757 3336 1022 3406 quidquid
1088 3335 1140 3388 in
1201 3333 1339 3388 alios
1384 3334 1501 3404 ipse
1551 3332 1901 3395 commiserit,
1930 3340 1984 3386 et
2010 3333 2220 3388 tardius
2245 3333 2321 3387 vi-

2432 3335 2651 3405 σμήσας
2703 3337 2954 3406 καρδίας,
2984 3341 3334 3410 αἰχμάλωτον
3379 3341 3558 3402 ἕλκεις
3585 3339 3649 3392 τὸ
3710 3337 3877 3402 ζῶον,
3901 3339 4008 3398 τοῖς

760 3430 909 3490 dere,
939 3438 995 3482 et
1016 3427 1347 3480 moderatius
1380 3439 1634 3479 censere:
1661 3424 1754 3477 sed
1778 3423 1919 3493 quod
1953 3423 2008 3476 in
2040 3425 2321 3492 ipsummet

2432 3428 2615 3491 αὐτοῖς
2653 3428 3047 3500 ἀνθελκόμενος
3096 3432 3315 3504 βρόχοις
3343 3450 3358 3465 ·
3392 3430 3669 3502 ἐτρώθης,
3712 3431 3968 3500 ἐτρωσας
3992 3443 4006 3459 ⁸

762 3518 1062 3573 admissum
1079 3528 1182 3582 est,
1214 3518 1428 3570 acutius
1456 3527 1697 3576 cernere.
1727 3523 1781 3568 et
1811 3529 2085 3568 summum
2109 3518 2162 3569 in
2184 3515 2321 3584 judi-

2441 3519 2806 3590 κατεϐλήθης,
2845 3523 3161 3587 κατέϐαλες.

763 3611 936 3666 cando
964 3609 1195 3676 rigorem
1218 3619 1488 3659 exercere.
1508 3605 1729 3669 Oculos,
1754 3606 1944 3661 alienis
1961 3607 2135 3662 oculis
2151 3606 2397 3675 adiecisti
2427 3626 2440 3662 :
2466 3625 2560 3679 per
2579 3616 2797 3667 eosdem
2820 3614 3148 3670 lornicantes
3189 3615 3420 3670 emisisti
3454 3616 3636 3670 radios
3679 3636 3695 3670 :
3731 3614 3954 3676 abindc,
3982 3628 4009 3666 ε

767 3702 1070 3757 conversim
1099 3699 1492 3767 eiaculationes
1514 3699 1567 3752 in
1597 3708 1648 3752 te
1679 3698 2028 3754 reﬂectuntur
2054 3701 2436 3770 improbiores.
2464 3703 2683 3768 Totum,
2710 3722 2741 3760 e
2765 3707 2944 3760 medio
2967 3709 3132 3763 corde
3160 3708 3501 3771 innodatum,
3542 3707 3789 3762 vinctum
3823 3715 3881 3761 et
3915 3720 4006 3761 ca-

765 3800 973 3872 ptivum
999 3797 1199 3851 animal
1225 3795 1472 3860 abducis,
1496 3795 1610 3864 ipse
1628 3810 1719 3865 per
1736 3795 1953 3850 eosdem
1970 3795 2128 3850 funes
2156 3806 2417 3853 attractus
2437 3817 2450 3853 :
2467 3800 2779 3857 vulneratus
2801 3817 2861 3857 es
2879 3803 3171 3858 vulnerasti
3194 3813 3600 3872 :proStratuses
3618 3802 4005 3870 prostravisiti.

838 3893 903 3947 Et
938 3892 1129 3963 quidni
1189 3890 1472 3960 perspicue
1498 3890 1600 3944 hoc
1633 3890 1704 3944 sit
1741 3891 2105 3946 adulterium?
2133 3891 2321 3946 Verum

2510 3896 2633 3959 Πῶς
2659 3898 2780 3966 οὐχὶ
2811 3900 2986 3969 σαφὴς
3016 3898 3173 3952 τοῦτο
3200 3899 3419 3969 μοιχεία
3443 3917 3457 3964 ;
3483 3897 3628 3952 Ἀλλ’
3653 3897 3754 3965 οὐχ
3773 3899 3804 3949 ό
3827 3897 4008 3966 ιίιιλάν⁸

768 3985 1078 4042 misericors
1110 3981 1249 4036 Deus
1275 3997 1382 4035 non
1423 3981 1475 4034 id
1510 3981 1583 4035 ita
1622 3990 1834 4050 reputat
1867 3998 1883 4036 :
1932 3983 2321 4039 circumscribit

2434 3987 2649 4056 θρωπος
2688 3988 2843 4060 ἡμῶν
2871 3990 3001 4052 Θεὸς
3033 3993 3204 4053 οὕτως
3225 4005 3238 4019 ⁶
3269 3989 3406 4043 ἀλλά
3450 3989 3612 4059 μέχρι
3655 3989 3926 4060 καρδίας,
3955 3990 4008 4040 ἐν

768 4081 1142 4145 peccatum,et
1174 4071 1324 4124 cordi
1348 4069 1533 4140 amgit,
1574 4070 1663 4123 ubi
1697 4071 1878 4139 passio
1914 4072 2321 4141 producebaturt

2436 4070 2469 4150 ᾖ
2505 4080 2597 4130 καὶ
2634 4078 2696 4131 τὸ
2723 4078 2891 4142 πάθος
2927 4081 3167 4149 ὑπέστη,
3212 4079 3542 4150 περιγράφει
3575 4079 3676 4148 τὴν
3708 4078 4005 4148 ἁμαρτίαν.

770 4168 859 4221 Ait
889 4167 1076 4220 enim:
1123 4182 1142 4215 ι
1181 4163 1237 4217 In
1283 4163 1444 4217 corde
1490 4163 1805 4217 adulterasti
1857 4178 2002 4217 eum.
2027 4184 2044 4216 ι
2089 4164 2249 4220 Vides
2283 4184 2315 4221 ιι

2444 4187 2462 4216 ι
2528 4168 2881 4238 Ἐμοίχευσας
2932 4172 3060 4241 γὰρ,
3111 4172 3306 4241 ςησὶν,
3361 4173 3419 4224 ἐν
3470 4169 3689 4241 καρδίᾳ.
3755 4189 3776 4222 ³
3854 4171 4007 4240 Ὀρᾷἷ

771 4261 862 4328 qui
885 4258 1122 4327 optimus
1160 4266 1264 4320 est,
1300 4255 1530 4325 benigne
1561 4263 1772 4324 reputet
1793 4270 1913 4323 quae
1943 4256 2153 4320 deﬁnit,
2179 4258 2321 4313 nobis

2441 4261 2588 4323 ὅπως
2629 4261 2911 4330 χρηστῶς,
2945 4264 3090 4325 ὅπως
3133 4261 3367 4331 κούφως,
3401 4263 3580 4316 πάντα
3628 4261 4006 4331 γνωματεύει¹

774 4348 1035 4418 parcens?
1102 4346 1204 4402 Sed
1247 4359 1440 4416 praeter
1467 4347 1577 4415 jam
1615 4347 1777 4400 allata
1801 4347 1928 4400 illud
1963 4349 2162 4417 cogita.
2223 4349 2321 4405 Ηοι

2445 4352 2590 4415 ὅπως
2615 4355 2770 4424 ἡμῶν
2788 4355 3057 4421 εεείδεταω
3086 4356 3227 4425 Πρὸς
3252 4355 3308 4406 δὲ
3331 4357 3440 4417 τοῖς
3461 4354 3773 4423 εἰρημένοις
3799 4355 4009 4406 κάκεῖνο

774 4442 864 4494 ille
896 4441 1090 4494 scitum
1145 4438 1394 4508 protulit,
1426 4453 1535 4490 non
1581 4446 1640 4489 ut
1670 4437 1960 4491 meditatus
1989 4437 2041 4490 in
2084 4454 2182 4493 nos
2208 4454 2321 4508 sup

2443 4444 2655 4510 λογίζου
2677 4459 2691 4472 °
2729 4445 2810 4497 ὅτι
2847 4446 2966 4516 οὐχὶ
3003 4447 3272 4515 τιμωρίαν
3305 4447 3434 4515 ἡμῖν
3475 4444 3743 4508 ἐπινοῶν,
3776 4444 3913 4497 ἀλλά
3938 4461 4010 4496 τι-

774 4531 1019 4602 plicium,
1075 4530 1167 4584 sed
1204 4539 1260 4583 ut
1312 4530 1557 4582 eximens
1593 4543 1693 4581 nos
1743 4542 1772 4581 a
1821 4528 2106 4597 supplicio.
2161 4529 2316 4585 Certe

2450 4538 2670 4608 μωριῶν
2720 4537 3126 4610 ἐξαιρούμενος,
3159 4539 3361 4607 ταύτην
3401 4540 3588 4593 ἀνεῖπε
3631 4538 3735 4606 τὴν
3767 4538 4008 4606 γνώμην.

776 4625 868 4692 qui
902 4624 1126 4676 libenter
1146 4631 1198 4674 et
1221 4637 1342 4675 cum
1376 4619 1570 4675 aﬂectu
1609 4619 1843 4688 quodam
1889 4621 2077 4686 animi,
2111 4630 2221 4674 tam
2255 4622 2321 4676 in!

2459 4627 2517 4679 '0
2556 4627 2659 4697 γὰρ
2698 4631 2808 4692 τοῖς
2835 4630 3098 4692 τοιούτοις
3132 4629 3522 4699 ὲμφιλοχωρῶν
3551 4629 3778 4691 ἀτόποις
3807 4627 4009 4697 θεάμαο

776 4717 1032 4785 congruis
1057 4714 1379 4784 spectaculis
1409 4714 1755 4777 immoratur,
1793 4727 1857 4766 e0
1880 4727 2014 4781 pene
2051 4715 2336 4782 processit,

777 4814 838 4856 ut
866 4805 1039 4872 ipsum
1072 4819 1131 4856 se
1167 4811 1289 4857 actu
1319 4811 1492 4855 totum
1525 4801 1761 4870 proluat.
1811 4800 2102 4867 Quocirca,
2159 4813 2216 4858 ut
2240 4819 2341 4858 nos

778 4914 806 4949 a
837 4895 1393 4964 suppliciqliberaret,
1454 4909 1652 4948 causas
1698 4909 1889 4946 omnes
1936 4905 2174 4949 remove:
2202 4897 2342 4951 unde

778 5003 879 5042 nos
919 4987 1077 5041 nobis
1114 5001 1304 5055 poenas
1357 4986 1711 5040 accersimus.
1777 4983 1931 5049 Quod
1964 4984 2008 5037 si
2056 4987 2191 5041 velis
2227 5001 2340 5040 rem

781 5080 1040 5134 intentius
1091 5090 1268 5132 mente
1315 5077 1574 5140 recolere,
1631 5077 1812 5130 videre
1869 5076 1961 5130 tibi
1997 5076 2142 5143 licet,
2197 5079 2341 5147 quod

781 5188 874 5242 per
932 5172 1034 5227 hoc
1088 5179 1417 5240 praeceptum
1479 5168 1903 5223 consolationem
1991 5169 2347 5226 humanitatis

781 5266 992 5334 plenam
1054 5262 1316 5333 suggerit,
1385 5269 1438 5314 et
1486 5260 1962 5314 manuductionem
1992 5261 2060 5315 ad
2095 5264 2346 5326 salutem,

783 5369 890 5408 non
915 5362 1096 5407 autem
1128 5350 1454 5421 supplicium
1488 5351 1758 5405 construit
1813 5350 2191 5420 implacabilis,
2240 5367 2346 5406 non

785 5461 997 5516 poenam
1035 5445 1185 5499 nullo
1215 5444 1377 5498 modo
1414 5445 1805 5499 redimendam.
1861 5445 1994 5498 Cum
2029 5446 2195 5508 enim,
2230 5460 2350 5516 qua:

855 5588 898 5619 ⁵⁸
929 5586 944 5638 Ι
973 5587 1096 5639 (lor.
1133 5601 1191 5648 ιι,
1218 5584 1271 5637 9.

2448 4735 2563 4780 σιν,
2600 4719 2768 4787 ἐγγύς
2812 4720 2927 4772 ἐστι
2979 4720 3074 4773 καὶ
3108 4720 3245 4790 πρὸς
3286 4717 3457 4790 αὐτὴν
3502 4720 3602 4787 τὴν
3638 4717 3843 4788 πρᾶξιν
3883 4718 4011 4778 ὅλως

2450 4809 2838 4877 βαπτισθῆναι.
2873 4809 2992 4862 ἰνα
3021 4809 3114 4863 οὖν
3156 4811 3302 4879 ἡμᾶς
3336 4809 3582 4878 ἐξέληται
3621 4808 3718 4863 τοῦ
3755 4807 4010 4875 κολασθῆο

2449 4917 2558 4962 ναι,
2586 4900 3005 4969 προαναστέλλει
3036 4901 3131 4964 τὰς
3154 4902 3333 4962 αἰτίας
3375 4899 3503 4965 τῶν,
3534 4899 3621 4968 ἐφ’
3648 4894 3732 4962 οἷς
3761 4902 4011 4969 εἰσπρατ-

2448 4993 2654 5063 τόμεθα
2693 4994 2792 5056 τὰς
2831 4993 3117 5065 τιμωρίας.
3168 4993 3326 5055 Ἶδοις
3363 4992 3409 5045 δ’
3450 4992 3515 5045 ἂν
3559 4991 3760 5059 μᾶλλον
3797 4993 4011 5044 ἐπισκο-

2449 5084 2551 5137 πού
2561 5103 2739 5154 μενος,
2761 5085 2836 5148 ὡς
2855 5085 2975 5154 οὐχὶ
2996 5083 3184 5154 ποινὴν
3204 5083 3554 5154 ἀδυσώπητον
3572 5099 3585 5112 ⁸
3609 5084 3730 5136 οὐδὲ
3753 5083 4012 5153 τιμωρίαν

2449 5176 2835 5248 ἀλογοθέτητον
2859 5194 2872 5207 ο
2903 5177 3262 5246 ψυχαγωγίαν
3285 5177 3340 5228 δὲ
3370 5177 3566 5244 μᾶλλον
3604 5175 4008 5244 φιλάνθρωπον,

2451 5272 2543 5322 καὶ
2591 5270 2957 5338 χειραγωγίαν
3012 5271 3309 5339 σωτήριον,
3359 5268 3446 5321 διὰ
3489 5270 3694 5335 ταύτης
3747 5269 3876 5335 ἡμῖν
3920 5265 4012 5331 τῆς

2449 5360 2667 5429 ἐντολῆς
2711 5359 3007 5430 μεθοδεύει.
3048 5360 3209 5424 ΙΙῶς;
3257 5359 3412 5412 Ἐπεὶ
3456 5359 3584 5428 γὰρ,
3623 5351 3714 5410 οἷα
3746 5356 3913 5409 πολλά
3951 5355 4012 5406 τὰ

2450 5447 2788 5518 ἀνθρώπινα,
2825 5450 2917 5503 καὶ
2959 5450 3126 5522 χωρὶς
3164 5449 3391 5520 μελέτης
3431 5449 3526 5502 καὶ
3571 5447 3910 5517 περιεργίας,
3941 5445 4012 5506 είς

2085 5703 2318 5759 VARle
2378 5700 2786 5760 LECTIONES.

901 5800 917 5831 ι
950 5796 1160 5865 Ξκσᾷενο
1187 5794 1440 5868 ἐκόλασεν
1466 5794 1626 5850 habet
1663 5805 1713 5851 et
1743 5794 1862 5849 Moti
