4162 6442
239 454 344 522 991

1154 451 1254 510 AD
1292 448 1883 512 AMPHILOCHIUM
1919 444 2267 519 QUESTIO
2303 441 2549 506 CCXXI.

3353 437 3459 502 998

233 561 467 626 ἀτόπους
510 557 853 630 διεφερόμεθα
897 556 1162 629 πράξεις·
1212 556 1301 610 ἵνα
1356 556 1575 609 ἔπειδὰν
1628 553 1795 624 μηδὲν

1909 562 1985 608 est
2022 561 2212 607 rerum
2240 550 2479 606 conditio
2514 550 2897 612 humanarum,
2917 546 3084 603 etiam
3115 548 3321 617 absque
3356 548 3459 602 sli-

236 652 809 723 προμεμελετηκότες,
859 650 996 721 μηδὲ
1042 650 1156 713 τοῖς
1203 648 1485 717 λογισμοῖς
1526 646 1589 698 τδ
1621 644 1793 705 πάθος

1909 661 2007 715 qua
2035 644 2386 702 meditatione
2410 653 2505 698 aut
2538 643 2875 707 curiositate,
2921 641 2974 695 in
3032 640 3300 695 absurdas
3357 641 3460 694 de»

238 741 628 811 πηλώσαντες,
669 740 809 795 κατά
845 757 965 793 τινα
995 739 1052 794 δὲ
1082 738 1224 810 βίαν,
1269 738 1302 807 ἦ
1336 735 1713 805 συναρπαγὴν,
1760 732 1794 802 ἢ

233 832 401 895 δόλον,
432 834 511 896 είς
553 830 811 899 τοιαύτην
850 830 1333 902 παρολισϐήσωμεν
1393 826 1613 896 πρᾶξιν,
1649 841 1799 892 τηνι-

233 924 407 976 καῦτα
455 922 531 994 μὴ
582 923 984 993 καταπέσωμεν
1034 920 1335 982 παντελῶς,
1373 918 1495 988 μηδ’
1544 918 1624 979 είς
1655 916 1794 969 ἀπό-

1898 736 2128 792 ferimur
2147 737 2421 803 actiones;
2447 735 2588 800 ideo,
2628 734 2682 788 in
2714 748 2837 789 eum
2878 734 3060 796 ﬁnem,
3100 742 3180 796 ut,
3212 747 3335 788 cum
3364 748 3462 786 ne-

1899 845 2007 897 que
2025 827 2203 882 dedita
2226 843 2411 895 Opera,
2441 841 2539 881 nec
2559 826 2876 897 cogitationi
2912 826 3127 894 penitus
3162 826 3461 879 inhaerente

1902 918 2121 982 utiocto,
2145 919 2237 972 sed
2268 934 2359 987 per
2380 919 2511 980 vim,
2544 932 2639 987 per
2677 916 2948 985 rapinam,
2985 929 3079 985 per
3102 915 3345 969 fraudem
3383 915 3465 967 in-

235 1031 432 1081 γνωσιν
462 1015 696 1077 ,ἑαυτοὺς
731 1012 1143 1085 ἀπορρίψωμιν.
1188 1009 1327 1065 Ἀλλ’
1357 1008 1688 1070 ἐννοοῦντες,
1717 1008 1797 1060 ὅτι

1909 1011 2073 1077 ducti,
2105 1011 2158 1063 in
2188 1007 2455 1079 ejusmodi
2494 1019 2678 1063 actum
2711 1007 3169 1072 esorbitavimus;
3221 1014 3355 1068 tum,
3406 1013 3466 1060 ut

239 1110 372 1174 μήτε
407 1106 654 1177 μελέτης,
688 1107 826 1176 μήτε
860 1105 1120 1174 σπουδῆς,
1154 1104 1292 1173 μήτε
1331 1101 1631 1171 λογισμῶν,
1666 1115 1802 1165 συγ-

238 1197 578 1259 καταθέσεως
612 1195 1110 1266 προηγησαμένης,
1148 1193 1225 1260 τῷ
1265 1192 1519 1261 πτώματι
1558 1189 1803 1260 παρεσύ-

242 1304 414 1358 ρημεν
433 1326 449 1349 ,
484 1287 675 1341 θᾶττόν
695 1303 755 1340 τε
784 1287 983 1349 αὐτοὺς
1009 1288 1218 1339 ἐκεῖθεν
1246 1283 1644 1353 ἀναστήσωμεν
1664 1323 1680 1349 ,
1711 1281 1805 1335 καὶ
1844 1313 1849 1316 ι

239 1379 375 1449 πρὸς
430 1379 714 1449 μετάνοιαν
768 1378 1095 1449 δράμωμεν,
1150 1376 1393 1447 μεγάλην
1439 1373 1807 1445 ὲφευρηκότες

239 1471 492 1541 ἀφορμὴν
545 1470 912 1541 συγγνώμης,
949 1470 1012 1523 τὸ
1046 1471 1121 1540 μὴ
1159 1468 1297 1540 μετὰ
1342 1465 1568 1537 γνώμης
1597 1467 1805 1519 πεσεῖν.

243 1564 364 1617 Ἵνα
388 1560 482 1616 οὖν
509 1563 716 1627 τούτοις
736 1566 850 1625 τοῖς
878 1562 1179 1633 λογισμοῖς,
1204 1560 1370 1613 ὲπειδ⁹
1411 1558 1481 1612 ἂν
1513 1556 1573 1622 ἐξ
1598 1558 1809 1627 ἑπιδρο·

245 1655 384 1725 μῆς,
418 1654 451 1724 ἢ
505 1654 697 1724 τέχνης
740 1652 935 1717 τινὸςιι
973 1652 1007 1724 ἢ
1060 1652 1156 1706 καὶ
1191 1650 1509 1720 τυραννίδος
1548 1648 1804 1717 ἁλῶμεν,

240 1748 588 1816 ψυχαγωγεῖν
642 1744 855 1816 ἔχωμεν
910 1744 1167 1809 ἑαυτοὺς,
1243 1742 1337 1795 καὶ
1405 1739 1808 1813 προθυμότερον

243 1839 382 1909 πρὸς
406 1838 505 1908 τὴν
536 1837 819 1907 διόρθωσιν
852 1834 1296 1907 εύθυδρομῶμεν,
1335 1832 1537 1902 ταύτην
1566 1833 1596 1886 ὁ
1619 1832 1809 1900 Σωτὴρ

1906 1124 1973 1162 ne
2010 1108 2224 1178 penitus
2262 1104 2632 1165 concidamus,
2666 1109 2761 1157 aut
2806 1101 3129 1171 abjiciamus
3162 1114 3262 1154 nos
3288 1100 3339 1151 in
3368 1098 3465 1152 de-

1906 1200 2299 1268 sperationem;
2362 1196 2454 1250 sed
2507 1203 2847 1264 reputantes,
2894 1193 3041 1261 quod
3068 1207 3167 1246 nec
3188 1192 3252 1246 de
3292 1190 3468 1245 medi--

1908 1292 2134 1355 tatione,
2196 1304 2299 1344 nec
2353 1287 2553 1352 studio,
2607 1302 2708 1341 nec
2749 1285 3183 1348 ratiocinatione,
3234 1283 3463 1338 condes-

1908 1382 2164 1439 censione
2208 1380 2567 1451 praecedente.
2629 1380 2681 1433 in
2728 1378 3126 1449 prolapsionem
3192 1376 3462 1433 subtracti

1909 1476 2113 1532 fuimus
2156 1474 2387 1530 celerius
2420 1481 2634 1528 nosmet
2672 1471 3141 1533 resuscitabimus.
3187 1470 3255 1523 ad
3288 1469 3465 1537 poeni-

1909 1570 2132 1623 tentiam
2155 1582 2524 1633 accurremus,
2551 1567 2777 1635 primam
2801 1579 3074 1634 quamque
3095 1562 3264 1618 venia:
3285 1560 3463 1617 indul-

1908 1660 2095 1730 genda:
2150 1659 2490 1714 occasionem
2537 1658 2889 1727 arripientes,
2952 1656 3178 1711 minime
3222 1670 3342 1718 nos,
3399 1656 3467 1709 de

1910 1748 2078 1803 animi
2114 1750 2391 1805 sententia"
2431 1749 2715 1819 prolapsos
2749 1763 2890 1803 esse.
2933 1747 3223 1814 Quocirca,
3250 1746 3466 1816 quoties

1913 1840 1981 1895 ab
2004 1842 2249 1905 incursu,
2296 1839 2379 1894 vel
2438 1856 2532 1910 per
2574 1839 2791 1910 aliquod
2841 1839 3155 1902 artiﬁcium,
3211 1849 3304 1893 aut
3356 1837 3467 1891 vim

241 1929 561 1999 ἀπεφήνατο
589 1928 688 1999 τὴν
730 1928 985 1998 γνώμην⁸
1028 1928 1087 1979 ὲν
1116 1929 1182 1997 τῇ
1222 1924 1330 1977 τῶν
1358 1923 1615 1995 χειρόνων
1657 1922 1808 1992 αἱρέ-

1912 1931 2187 2002 tyrannice
2221 1930 2518 1985 adhibitam
2565 1944 2919 1998 occupamur,
2985 1926 3293 1983 istiusmodi
3321 1926 3467 1980 sola-

244 2039 353 2086 σει,
382 2020 603 2074 καὶτῶν
636 2018 913 2091 λογισμῶν
938 2022 1004 2090 τῇ
1031 2017 1449 2088 συγκαταθέσει,
1480 2016 1598 2070 ἀλλ’
1620 2017 1721 2069 οὐκ
1753 2017 1809 2069 ὲν

239 2117 310 2184 τῇ
347 2112 539 2183 πράξει
563 2113 719 2184 μόνῃ,
743 2112 805 2165 τὸ
828 2112 926 2182 τῆς
954 2111 1226 2183 ἁμαρτίας
1252 2110 1608 2182 περιστήσας.
1640 2106 1811 2161 Τοῦτο

239 2206 301 2259 δὲ
332 2206 392 2259 ού
428 2205 745 2276 βαρύνοντός
786 2206 925 2268 ἐστι,
956 2204 1080 2274 δίχα
1112 2203 1294 2272 λόγου,
1326 2203 1387 2255 τὸ
1432 2202 1669 2264 συνειδὸς
1700 2200 1810 2254 τῶν

239 2298 666 2369 ἁμαρτανόντων
698 2338 713 2363 ,
770 2296 908 2351 ἀλλά
964 2294 1381 2367 βεδαρημένην,
1436 2294 1546 2347 τῶν
1598 2293 1698 2347 ούκ
1745 2295 1811 2347 ἐκ

240 2388 479 2458 μελέτης
510 2387 776 2452 ἁλόντων,
829 2384 1284 2455 ἀνακουφίζοντος
1328 2385 1427 2455 τὴν
1472 2384 1808 2455 συνείδησιν,

238 2478 343 2530 καὶ
387 2476 845 2549 παρηγοροῦντος.
900 2477 1110 2547 Ὠσπερ
1158 2476 1267 2546 γὰρ
1312 2479 1423 2539 τοῖς
1473 2476 1543 2529 δι’
1586 2475 1810 2529 ἐκείνων

238 2569 568 2639 προελθοῦσι
612 2569 721 2622 τῶν
756 2568 1147 2642 ὲρεθισμάτων,
1206 2571 1348 2639 μέγα
1393 2570 1486 2621 καὶ
1534 2568 1810 2622 δύσοιστον

237 2658 305 2713 τὸ
334 2660 664 2731 κατάκριμα.
696 2660 803 2730 (Τί
836 2660 944 2729 γάρ
978 2661 1278 2730 ἑμελὲταςς
1312 2660 1366 2712 τί
1402 2659 1448 2713 δ’
1489 2659 1812 2730 ἀνηρέθιζες

237 2752 316 2803 τὰ
359 2748 540 2820 πάθη;
578 2752 676 2803 καὶ
721 2751 821 2821 τῆς
855 2750 1069 2821 φαύλης
1117 2751 1388 2823 αἱρέσεως
1425 2751 1546 2805 ὅλον
1584 2752 1810 2806 σεαυτὸν

238 2839 452 2901 ἐποίεις
474 2879 491 2905 ,
527 2839 667 2893 ἑκὼν
721 2841 963 2901 ἀποστὰς
993 2842 1103 2895 τῶν
1148 2842 1501 2911 κρειττόνων,
1539 2842 1715 2896 καίτοι
1753 2841 1813 2895 τὸ

241 2930 425 2983 Θέλειν
466 2936 534 2984 τέι
567 2932 776 3002 ἀμείνω
824 2935 984 3013 ῥᾷονς
1019 2954 1037 2987 ι
1079 2935 1415 3006 Παράκειται
1460 2936 1570 3006 γὰρ
1612 2936 1706 2988 καὶ
1752 2937 1813 2987 έν

240 3026 453 3098 ἑτοίμῳ
498 3028 693 3092 πᾶσιν,
738 3028 813 3091 ὼς
864 3031 957 3082 καὶ
1005 3030 1213 3093 Παῦλος
1262 3029 1390 3100 βοᾷ,
1442 3030 1500 3083 τὸ
1526 3030 1597 3083 τὰ
1629 3031 1812 3099 ἀγαθά

241 3117 447 3183 θέλειν,
489 3137 509 3171 ι
545 3121 635 3172 καὶ
663 3120 813 3173 οὐδὲν
838 3122 1074 3193 ἐργῶδες
1100 3125 1279 3191 μισεῖν
1301 3123 1611 3189 τάναντία.)
1654 3122 1814 3175 Ἀλλά

238 3212 360 3279 γὰρ
383 3210 567 3281 ῶσπερ
595 3214 705 3273 τοῖς
734 3212 998 3275 τοιούτοις
1026 3214 1085 3266 τὸ
1115 3213 1213 3284 τῆς
1244 3214 1622 3284 κατακρίσεως
1653 3212 1815 3283 χαλε-

241 3304 386 3355 πόν·
433 3301 574 3355 οὕτω
617 3306 729 3367 τοῖς
779 3304 854 3375 μὴ
886 3304 975 3358 διὰ
1016 3305 1125 3358 τῶν
1171 3306 1375 3375 ὁμοίων
1411 3305 1811 3375 παρενεχθείσι,

241 3393 552 3463 προφθάνει
600 3398 701 3467 τῆς
754 3396 1023 3467 τιμωρίας
1079 3400 1112 3468 ἡ
1162 3396 1583 3467 φιλανθρωπία,
1640 3396 1698 3447 ὲν
1745 3396 1812 3463 τῇ

246 3491 443 3557 ταχινῇ
476 3488 841 3560 μεταμελείᾳ,
875 3490 1060 3561 ῥᾳδίαν
1087 3489 1184 3561 τὴν
1220 3489 1550 3559 συγγνώμην
1595 3489 1688 3541 καὶ
1717 3485 1816 3556 τὴν

247 3579 499 3632 ἀθὼωσιν
528 3582 883 3651 χαριζομένη.
914 3582 1024 3636 Καὶ
1060 3581 1230 3635 ταῦτα
1265 3581 1365 3651 μὲν
1402 3580 1494 3633 ἐπὶ
1535 3578 1810 3632 τοσοῦτον.

248 3671 327 3724 Σὺ
353 3670 408 3724 δέ
436 3688 527 3741 μοι
559 3674 652 3726 καὶ
678 3675 905 3743 πράξεις
930 3676 1162 3739 ἀτόπους
1186 3676 1473 3746 ὲκτρέπου,
1498 3674 1594 3727 καὶ
1618 3673 1812 3727 εἴδωλα

248 3763 365 3823 τοῖς
398 3763 695 3833 λογισμοῖς,
728 3764 816 3817 διὰ
842 3766 1137 3837 περιέργου
1172 3768 1266 3819 καὶ
1303 3765 1581 3836 ὲμπαθοῠς
1611 3764 1810 3833 ὅψεως,

247 3854 473 3923 ἀνιστᾷν
514 3854 741 3923 ἀπέχου,
808 3855 897 3908 ἵνα
930 3872 1010 3908 σοι
1041 3857 1131 3907 καὶ
1176 3859 1289 3918 τοῖς
1328 3854 1589 3917 τοιούτοις
1632 3854 1813 3921 λόγοις

248 3946 464 4014 τρυφᾷν
491 3953 536 4010 ν,
566 3945 701 3997 ἀλλὰ
733 3944 808 4016 μὴ
834 3945 1217 4017 δυσχεραίνειν,
1249 3946 1598 4015 περιγίνοιτο.

1914 2022 2152 2075 tionibus
2182 2035 2283 2076 nos
2313 2019 2532 2074 reticere
2562 2028 2617 2074 et
2663 2018 2843 2074 fovere
2892 2033 3219 2089 possumus;
3282 2027 3343 2071 ut
3389 2018 3470 2072 sic

1911 2112 2164 2167 alacriori
2216 2128 2381 2168 cursu
2426 2111 2661 2167 feramur
2705 2111 2773 2167 ad
2802 2111 3258 2167 emendationem.
3316 2108 3469 2163 Hanc

1912 2208 2235 2261 sententiam
2269 2202 2525 2260 Servator
2549 2205 2789 2273 protulit,
2833 2213 2892 2257 ut
2914 2203 2966 2257 in
2988 2203 3321 2258 deteriorum
3359 2201 3468 2257 ele-

1920 2294 2121 2360 ctione,
2163 2303 2216 2348 et
2259 2294 2484 2350 rationis
2529 2310 2818 2360 consensu,
2871 2293 3077 2365 peccati
3112 2302 3385 2354 naturam.
3414 2302 3473 2349 et

1913 2400 2022 2440 non
2046 2385 2099 2440 in
2133 2386 2250 2440 solo
2273 2396 2417 2451 actu,
2448 2386 2883 2441 circumscribat.
2939 2383 3050 2441 Nec
3077 2394 3163 2441 est
3196 2385 3298 2440 hoc
3334 2398 3470 2439 one-

1913 2477 2085 2531 rantis
2128 2477 2248 2532 sine
2294 2478 2505 2533 ratione
2560 2477 2944 2535 conscientiam
3006 2475 3466 2546 delinquentium;

1912 2568 2007 2625 sed
2047 2569 2351 2624 alleviantis
2379 2570 2559 2639 potius
2597 2578 2651 2623 et
2696 2569 3033 2624 consolantis
3074 2567 3467 2623 conscientiam

1914 2669 2323 2729 praegravatam,
2392 2676 2603 2725 eorum,
2658 2662 2750 2731 qui
2807 2677 2912 2716 non
2954 2676 2985 2716 e
3017 2671 3166 2716 certo
3189 2660 3470 2729 pr0posito

1912 2754 2276 2825 abripiuntur.
2316 2753 2777 2821 Quemadmodum
2807 2757 2950 2810 enim
2977 2755 3085 2811 illis
3112 2756 3205 2824 qni
3230 2754 3297 2807 ab
3327 2753 3473 2823 ipso-

1914 2832 2033 2900 rum
2089 2847 2507 2903 excitationibus
2575 2848 2799 2917 proiecti
2844 2856 3006 2913 sunt,
3087 2848 3472 2903 condemnatio

1915 2939 2111 2994 accidit
2143 2940 2289 3009 justa
2318 2951 2372 2995 et
2413 2942 2777 3010 importabilis
2833 2942 2984 3012 (quid
3032 2942 3178 2996 enim
3231 2940 3473 2996 studiose

1915 3029 2208 3086 medttatus
2233 3032 2333 3086 es?
2356 3048 2615 3102 quorsum
2648 3033 2871 3088 aﬂ'ectus
2904 3035 2983 3088 sic
3012 3032 3236 3088 irritasti
3257 3033 3281 3086 ?
3304 3047 3475 3103 quare

1914 3132 1967 3178 te
1988 3134 2159 3178 tctum
2190 3126 2471 3194 componis
2515 3126 2579 3179 ad
2610 3125 3009 3194 improbitatem
3035 3125 3469 3195 amplexandam,

1918 3227 2107 3285 sponte
2143 3217 2423 3281 declinans
2472 3226 2526 3272 et
2576 3218 2832 3273 recedens
2873 3233 2900 3271 a
2947 3217 3283 3280 melioribus,
3347 3233 3471 3271 cum

1917 3314 2100 3362 tanien
2136 3308 2293 3363 facile
2318 3308 2494 3363 fuerat
2533 3320 2591 3363 ut
2617 3319 2895 3379 appeteres
2920 3310 3181 3363 meliora?
3205 3327 3223 3360 ι
3252 3309 3475 3379 Adiacet

1919 3398 2063 3451 enim
2097 3399 2311 3468 cuique,
2345 3399 2425 3452 uti
2462 3399 2663 3454 Paulus
2691 3401 2786 3461 ait,
2822 3397 2956 3453 velle
2984 3397 3243 3453 bonum"
3279 3416 3294 3451 :
3322 3416 3341 3448 ›
3376 3413 3475 3451 nec

1919 3496 2005 3542 est
2039 3504 2330 3545 onerosum
2361 3491 2541 3545 odisse
2575 3490 2757 3559 mala).
2792 3488 2862 3543 Ut
2891 3490 3011 3545 istis
3062 3489 3257 3543 durum
3288 3502 3367 3541 est
3411 3502 3476 3541 ac

1919 3581 2255 3637 intolerabile
2286 3584 2663 3648 condemnari;
2724 3584 2796 3637 ita
2832 3599 2948 3645 eos,
3002 3582 3094 3651 qui
3129 3597 3236 3635 non
3277 3596 3367 3649 per
3400 3581 3476 3635 si-

1918 3673 2069 3727 milist
2110 3675 2481 3742 abripiuntur,
2536 3676 2816 3745 suppliciis
2873 3682 3177 3744 exemptos,
3213 3674 3475 3740 praevenit

1920 3766 2321 3833 misericordia;
2383 3778 2436 3823 et
2474 3769 2527 3822 in
2575 3769 2804 3822 celerala
2858 3767 3171 3836 paenitentia
3195 3782 3302 3819 non
3338 3765 3474 3819 ditii-

1919 3858 2092 3911 culter
2108 3859 2273 3912 donat
2301 3859 2707 3929 indulgentiam,
2739 3870 2792 3915 et
2815 3875 2843 3914 a
2876 3868 3025 3914 reatu
3053 3859 3469 3913 absolutionem.

1924 3947 1987 4003 Et
2026 3949 2139 4004 haec
2159 3950 2373 4019 quidem
2403 3952 2683 4005 hactenus.
2722 3950 2802 4005 Tu
2826 3961 3004 4005 autem
3036 3954 3278 4005 actiones
3308 3963 3476 4019 quas-

247 4040 387 4096 libet
415 4042 680 4098 absurdas
719 4052 1030 4108 aversatur;
1061 4044 1279 4099 etidola
1319 4046 1563 4115 quaedam
1588 4059 1681 4113 per
1731 4042 2113 4111 cegitationem
2155 4045 2370 4100 curioso
2412 4056 2465 4099 et
2511 4046 2803 4101 ali‘ectuoso
2852 4045 3046 4099 intuitu
3110 4044 3318 4112 erigere
3380 4042 3479 4096 ab-

245 4135 426 4199 sistis,
456 4142 516 4188 ut
549 4134 627 4190 sic
652 4135 870 4191 demunt
908 4137 1077 4191 laatari
1112 4138 1311 4207 possis,
1344 4148 1399 4192 et
1434 4138 1593 4207 quasi
1620 4135 1907 4200 luxuriari,
1941 4152 2039 4190 nec
2066 4138 2178 4191 ullo
2205 4139 2366 4192 modo
2389 4138 2523 4193 allici
2552 4139 2747 4193 talibus
2779 4136 3125 4193 sermonibus
3140 4136 3225 4190 vel
3251 4135 3474 4191 oﬂ'entti.

767 4230 1097 4283 ΕΡΩΤΗΣίΣ
1134 4231 1305 4285 ΣΚΑΩ

362 4322 542 4388 Ποίας
568 4323 847 4390 αἱρέσεως
875 4323 956 4392 ἦν
983 4325 1272 4390 Εὐσέϐιος
1295 4326 1328 4378 ό
1356 4322 1707 4393 (Iapydia);

1920 4226 2250 4294 QUESTIO
2283 4228 2490 4284 CCXXI
2534 4228 2719 4301 [CoisL
2771 4227 2998 4290 CLXVI,
3050 4226 3211 4281 Taur.
3244 4223 3472 4295 CLXV].

2102 4319 2265 4390 Cujus
2306 4321 2515 4375 Ita'rest's
2553 4331 2663 4374 erat
2696 4320 2952 4375 Eusebius
2988 4317 3302 4387 Pamphili?

533 4432 670 4484 Edita
693 4450 720 4485 a
749 4435 1046 4485 Montacutio
1072 4436 1172 4499 (ep.
1202 4436 1307 4497 ιιι,
1333 4436 1393 4486 ad
1423 4436 1676 4488 Constant.
1702 4450 1751 4499 p.
1774 4436 1889 4500 τοι)
1911 4442 1965 4486 et
1989 4452 2015 4486 a
2042 4438 2096 4486 B.
2122 4436 2185 4485 de
2218 4435 2524 4485 Montfaucon
2559 4431 2807 4495 (Bibliotlt.
2836 4431 2981 4483 Coisl.
3010 4448 3057 4495 p.
3084 4431 3215 4495 5L8).

324 4543 601 4608 Εὐσέὸιος,
626 4545 654 4596 ό
675 4543 769 4597 τοῦ
796 4545 1081 4613 Παμφίλου
1097 4547 1205 4599 εῐτε
1222 4545 1407 4609 δοῦλος
1427 4548 1535 4599 εἴτε
1560 4546 1811 4616 συνήθης,

1994 4544 2309 4611 Eusebium,
2380 4543 2643 4611 Pamphili
2703 4543 2817 4597 sive
2881 4554 3097 4595 servum
3153 4540 3267 4592 sive
3320 4537 3478 4590 iami-

245 4636 339 4687 ὅτι
389 4633 486 4702 μὲν
531 4633 893 4704 Ἀρειανισμῷ
937 4636 1110 4699 έάλω,
1168 4636 1333 4705 βοῶσι
1387 4638 1484 4706 μὲν
1551 4637 1716 4689 αὑτοῦ
1755 4636 1821 4688 τὰ

247 4726 460 4798 βιϐλία.
490 4728 597 4779 Καὶ
625 4728 785 4789 αὐτὸς
818 4728 875 4781 δὲ
906 4728 1340 4799 μεταμελόμενος
1368 4730 1527 4799 δῆθεν
1555 4732 1647 4781 καὶ
1672 4731 1821 4782 ἄκων

243 4819 357 4887 τὴν
388 4818 541 4870 νόσον
570 4819 923 4887 ἀνομολογεῖ,
953 4822 1052 4872 κάν
1072 4823 1135 4890 τῇ
1165 4821 1497 4891 μεταμελείᾳ
1523 4822 1577 4873 δὲ
1610 4821 1815 4891 μᾶλλον

243 4911 449 4963 ἑαυτὸν
486 4911 754 4964 δείκνυσιν
782 4912 1212 4983 ἀμεταμέλητον.
1241 4915 1315 4967 Οὐ
1356 4912 1463 4983 γάρ
1503 4914 1693 4967 ἑαυτὸν
1730 4914 1821 4965 ἐκ·

245 5001 447 5071 στῆναι
474 5005 573 5073 τῆς
610 5004 879 5074 προτέρας
912 5003 1232 5069 κακοδοξίας
1270 5004 1337 5056 δι’
1368 4996 1442 5056 ὧν
1474 5004 1652 5069 ἔδοξεν
1682 5006 1818 5056 ἀπο-

242 5093 529 5159 λογεῖσθαι
560 5095 893 5167 συνίστησιν,
931 5095 1050 5148 οὐδὲ
1080 5098 1145 5165 τῇ
1176 5095 1308 5166 ἀγία
1335 5096 1427 5147 καὶ
1464 5097 1817 5165 οίκουμενικῇ

322 5210 372 5240 ⁸³
402 5209 557 5264 Rom.
584 5227 677 5276 vn,
707 5211 793 5267 18.

1918 4639 2131 4698 liarcm,
2164 4637 2476 4691 Arianismo
2511 4634 2681 4689 fuisse
2728 4642 3034 4703 correptum
3058 4632 3158 4702 (1),
3200 4632 3320 4700 ejus
3348 4631 3473 4685 libri

1917 4731 2173 4783 clamant.
2204 4728 2319 4797 Ipse
2378 4744 2502 4781 vero
2539 4727 2857 4796 poenitentia
2897 4726 3092 4780 ductus
3148 4725 3231 4778 vel
3275 4724 3479 4778 invitus

1919 4821 2168 4875 morbum
2198 4820 2482 4875 confessus
2511 4829 2614 4883 est,
2644 4819 2856 4873 etiamsi
2894 4820 2976 4871 vel
3011 4819 3123 4886 ipsa
3166 4817 3478 4880 poenitentia

1919 4912 2099 4979 ipsum
2152 4912 2301 4965 nullo
2330 4913 2490 4965 modo
2514 4911 2837 4980 paenituisse
2882 4910 3139 4965 declaret.
3177 4909 3295 4962 Non
3329 4911 3477 4963 enim

1917 5019 2043 5080 sea
2088 5019 2249 5071 prava
2305 5004 2574 5057 sententia
2637 5001 2899 5056 desistere
2941 5016 3036 5069 per
3080 5002 3247 5064 illam,
3309 5017 3478 5069 quam

1917 5106 2073 5165 parat
2118 5098 2442 5166 apologiatn,
2475 5094 2777 5164 proﬁtetur,
2838 5109 3009 5164 neque
3039 5110 3163 5149 cum
3211 5105 3397 5147 sancta
3428 5106 3481 5145 es

1430 5303 1670 5359 VARIAS
1702 5304 1993 5360 LECTION
2004 5305 2107 5360 ES.

326 5412 360 5441 ιι
398 5403 702 5473 διαϐολικῆς
725 5404 875 5459 deest
913 5403 966 5457 in
994 5401 1244 5459 Monach.
1270 5416 1506 5472 quoque.

1619 5410 1647 5439 ν
1670 5401 1757 5454 ῖσ.
1790 5403 2084 5472 ἐντρυφᾷν.
2106 5404 2317 5473 τρυφᾷν
2368 5401 2530 5456 habet
2550 5411 2605 5457 et
2630 5399 2860 5456 Monach

1748 5490 1981 5547 ΝΟΤιΕ.

327 5592 405 5660 (ι)
439 5592 511 5646 De
540 5590 758 5646 Eusebii
792 5591 1099 5660 Arianisnio
1143 5589 1262 5642 fuse
1311 5588 1724 5660 disputavimus
1757 5588 1809 5660 in

246 5657 825 5719 An‘iniadversimtibus
857 5664 907 5714 in
944 5659 1114 5712 Vitam
1148 5670 1201 5711 et
1224 5658 1422 5722 scripta
1450 5658 1730 5710 Athanasii
1757 5657 1812 5709 in

248 5738 433 5788 lronte
464 5730 795 5785 Collectiom's
828 5748 969 5783 nova:
1001 5728 1099 5783 SS.
1138 5726 1250 5781 PP.
1296 5726 1465 5781 Nobis
1489 5729 1817 5796 astipulatur

242 5803 501 5864 Photius,
537 5803 621 5871 qui
649 5818 769 5855 cum
803 5802 977 5868 palam
1011 5800 1269 5871 Ariannnt
1319 5799 1577 5871 declarat.
1600 5795 1603 5796 ⁷
1630 5795 1820 5871 Quoad

246 5867 673 5941 Origenianismi
707 5867 910 5935 natant,
939 5884 1099 5939 quam
1140 5870 1213 5921 illi
1262 5870 1430 5921 inurit
1458 5868 1620 5929 idem,
1687 5867 1821 5919 nihil

1920 5588 2079 5643 nobis
2114 5588 2495 5657 proferendum
2537 5588 2773 5655 suppetit
2803 5606 2816 5640 :
2850 5587 3063 5655 eritque
3101 5587 3174 5648 id,
3212 5588 3264 5640 ni
3296 5587 3473 5654 fallor,

1924 5675 2123 5712 novum
2186 5660 2325 5711 inter
2356 5659 2545 5711 doctos
2604 5658 2989 5712 controversia:
3049 5668 3470 5725 argumentum:

1925 5744 2252 5808 quanquanm'
2281 5743 2387 5807 non
2421 5727 2734 5808 defuerunt,
2788 5728 2880 5807 qui
2928 5729 3037 5806 jam
3074 5727 3246 5808 ipsum
3269 5743 3334 5807 es
3367 5726 3474 5778 iro-

1928 5796 2113 5863 qnenti
2164 5797 2413 5867 Origenis
2462 5811 2686 5867 operum
2722 5797 2963 5867 lectioch
3004 5797 3055 5848 in
3111 5796 3474 5867 Origenianos

1929 5869 2193 5936 quosdam
2232 5865 2445 5924 errores
2468 5865 2679 5936 lapsum
2710 5866 2968 5937 suspicati
3001 5870 3127 5920 sint.
3165 5865 3376 5921 MUNTF-
