4162 6442
759 382 869 448 999

1907 386 2172 452 ΡΗΟΤΙῙ
2208 386 2712 449 ΡΑΤΒΙΑΒΟΗᾹΞ
2743 386 2852 448 CP.

3871 389 4002 454 1000

755 499 1097 558 tecumenica
1125 500 1335 573 synodo
1375 515 1437 557 se
1468 503 1780 557 consentire
1815 502 2040 568 indicat,
2071 501 2166 557 sed
2196 515 2313 553 con-

2424 499 2785 586 συμφωνῆσαι
2813 500 2865 535 τ’
2895 496 3100 569 συνόδῳ
3123 513 3138 528 ⁶
3172 497 3311 554 ἀλλά
3364 499 3490 562 τούς
3542 499 3637 554 τοῦ
3671 502 4002 570 ὀμοσυσίου

753 591 1130 648 substantialis
1185 592 1446 663 patronos
1501 607 1691 648 secum
1731 594 1999 649 sententia
2031 602 2086 646 et
2132 602 2321 646 mente

755 685 1047 738 convenire
1073 695 1382 753 portentosa.
1409 684 1581 754 tingit.
1607 683 1760 750 Quod
1791 693 1905 737 tum
1935 684 2038 737 alia
2062 683 2318 753 plurima,

756 782 868 828 tum
895 775 1149 845 epistola,
1180 790 1344 845 quam
1367 777 1796 830 Caasariensibus
1824 777 2062 845 scripsit,
2094 775 2320 829 demon-

752 876 912 920 strat.
945 867 1141 922 Verum
1177 869 1323 938 quod
1377 870 1446 922 ab
1497 870 1654 922 initio
1701 870 1964 922 Arianam
2000 869 2317 939 opinionem

751 954 969 1022 foverit,
994 968 1047 1012 et
1080 975 1255 1029 usque
1285 961 1340 1014 in
1368 959 1529 1012 linem
1561 961 1630 1013 ab
1663 975 1728 1013 ea
1765 960 1968 1014 tuenda
2009 973 2114 1013 non
2145 958 2319 1014 desti-

754 1047 901 1110 terit,
923 1049 1077 1102 multi
1104 1051 1271 1118 probe
1296 1051 1496 1113 sciunt,
1527 1062 1580 1103 et
1606 1050 1793 1103 multis
1809 1067 1875 1102 ex
1900 1049 2144 1118 parlibus
2164 1049 2319 1118 argui

752 1132 910 1189 facile
935 1145 1131 1205 potest.
1169 1138 1323 1204 Quod
1357 1148 1539 1191 autem
1576 1137 1828 1208 Origenis
1859 1141 2069 1204 morbo,
2101 1154 2210 1208 quo
2235 1140 2322 1194 ille

749 1228 893 1280 circa
923 1241 1272 1284 communem
1321 1241 1564 1283 nostram
1609 1235 2065 1286 resurrectionem
2095 1231 2322 1286 affectus

751 1330 889 1384 erat,
926 1320 1212 1388 laborarit,
1260 1323 1477 1376 tametsi
1512 1324 1666 1377 multi
1711 1326 2006 1394 ignorant;
2047 1324 2095 1378 si
2136 1333 2318 1378 tamen

748 1426 872 1464 cum
920 1412 1176 1465 examine
1220 1413 1335 1480 ejus
1369 1414 1541 1468 libros
1587 1415 1880 1479 evolveris,
1936 1429 2068 1469 sane
2106 1415 2318 1468 videbis

749 1517 875 1555 enim
922 1518 1029 1556 non
1056 1505 1240 1557 minus
1269 1505 1377 1558 hoc
1427 1505 1734 1572 pernicioso
1767 1509 1960 1559 morbo
2014 1507 2316 1572 laborasse,

747 1607 913 1661 quam
947 1593 1206 1649 Arianieo
1234 1592 1422 1648 furore
1449 1603 1764 1664 correptum
1788 1596 1980 1650 fuisse.

744 1788 1069 1855 QUASSTIO
1089 1789 1317 1844 CCXX"
1349 1789 1543 1861 [CoisL
1569 1791 1823 1859 CLXVII,
1863 1792 2026 1848 Tuur.
2057 1794 2313 1870 CLXVI].

778 1881 920 1948 Quid
949 1896 1025 1936 est
1060 1883 1194 1936 illud
1222 1898 1241 1936 :
1276 1901 1294 1934 ι
1321 1883 1424 1956 Qui
1449 1886 1621 1937 minor
1642 1898 1718 1939 est
1750 1889 1804 1938 in
1840 1904 1996 1956 regno
2029 1889 2280 1942 caelorum

1262 1955 1436 2022 major
1459 1964 1537 2007 est
1570 1957 1662 2009 illo
1686 1958 1763 2009 7°?
1801 1976 1821 2007 ι
1900 1955 1903 1956 ⁷
2219 1957 2235 1968 ⁸

2424 587 2769 658 πρεὲσευτάς
2797 589 2964 642 αὐτοῦ
2991 589 3268 642 συνελθεῖν
3298 590 3377 660 τῷ
3404 593 3718 663 φρονήματι
3749 594 3849 644 καὶ
3882 609 4001 644 συν-

2423 678 2732 748 διατεθῆναι
2783 683 2852 751 τῇ
2899 682 3128 754 γνώμῃ,
3162 682 3537 752 τερατεύεται.
3571 687 3681 738 Καὶ
3721 687 3888 738 τοῦτο
3918 703 4006 739 σα-

2423 770 2541 839 φῶς
2569 771 2707 824 ἄλλα
2737 789 2798 824 τε
2845 772 3066 825 πλείονα
3091 774 3422 843 παριστῶσι,
3449 780 3542 828 καὶ
3574 778 3608 846 ἡ
3649 781 3767 840 τοῖς
3796 779 4002 831 Καισα-

2427 862 2613 932 ρεῦσιν
2642 865 2790 935 αὐτῷ
2822 868 3093 935 γραφεῖσα
3127 867 3410 939 ἐπιστολή.
3476 870 3615 922 Ἀλλ’
3661 871 3749 923 ὅτι
3786 872 3887 938 μὲν
3915 875 3999 922 ἀπ’

2421 955 2596 1024 ἀρχῆς
2625 956 2724 1019 τάς
2772 957 3116 1027 Ἀρειανικάς
3147 957 3303 1024 δόξας
3343 958 3672 1026 ὐπέθαλπεν,
3708 963 3810 1013 καὶ
3847 963 3998 1030 μέχρι

2421 1050 2606 1110 τέλους
2630 1051 2690 1102 οὐ
2716 1049 2925 1104 διέλιπε
2950 1053 3250 1122 περιέπων,
3271 1054 3452 1106 πολλοί
3471 1071 3530 1106 τε
3559 1057 4000 1116 συνεπίστανται,

2422 1142 2515 1194 καὶ
2545 1143 2675 1213 ῥᾷόν
2703 1144 2821 1196 ἐστι
2873 1144 3058 1197 λαϐεῖν
3107 1145 3459 1214 πολλαχόθεν.
3511 1146 3634 1198 ὐτι
3682 1147 3743 1198 δὲ
3780 1148 3877 1198 καὶ
3911 1149 3994 1215 τῆς

2432 1232 2738 1302 Ὠριγένους
2765 1234 2922 1286 νόσου
2956 1234 3239 1302 μετέσχεν,
3270 1237 3335 1305 ἢν
3363 1236 3500 1287 κατὰ
3519 1237 3612 1304 τῆς
3640 1237 3830 1304 κοινῆς
3850 1239 3998 1306 ἡμῶν

2425 1325 2630 1385 ἐκεῖνος
2662 1325 2919 1396 ἐνόσησεν
2971 1326 3357 1391 ἀναστάσεως,
3389 1329 3440 1379 εί
3483 1331 3577 1380 καὶ
3606 1331 3738 1391 τοὺς
3775 1330 3997 1391 toti-95$

2427 1414 2785 1468 ὐπολανθάνει
2814 1433 2830 1448 ο
2865 1415 2981 1468 ἀλλ’
3009 1412 3103 1471 οὖν
3139 1417 3302 1480 αὐτὸς
3334 1418 3432 1470 σὺν
3470 1418 3665 1489 ἐρεύνῃ
3703 1421 3838 1482 τοὺς
3869 1422 3997 1470 ἐκεί-

2426 1521 2519 1556 νου
2569 1505 2764 1572 λόγους
2806 1506 3224 1578 ἀναλεγόμενος,
3274 1508 3428 1561 οὐδὲν
3461 1509 3683 1563 ἐλαττον
3714 1512 3886 1563 αὐτὸν
3928 1510 3998 1578 τις,

2421 1597 2651 1669 ὀλεθρίῳ
2699 1598 2874 1669 τούτῳ
2917 1601 3314 1670 ἀρρωστήματι
3472 1603 3591 1664 sui;
3640 1603 3998 1670 ’Δρειανικαξς

2426 1691 2649 1758 μανίαις
2678 1694 3090 1761 κεκρατημένον
3120 1691 3264 1760 ὄψει.

2935 1805 3275 1859 ΕΡΩΤΗΣΙΣ
3311 1807 3482 1862 ΣΚΒ’.

2428 1895 2489 1947 Τί
2537 1894 2748 1973 ἐστίν·
2798 1913 2818 1976 _¢
2866 1895 3054 1974 Ὀ,δέ
3093 1899 3438 1976 μιξρότερρς
3475 1899 3556 1976 ἐν
3592 1897 3672 1973 τῇ
3721 1909 4002 1976 ,βασιλεῦ

2601 1965 2721 2018 τῶν
2747 1965 3040 2034 οιφανῶν,
3065 1967 3283 2034 μείζων
3314 1969 3508 2028 αὑτοῦ
3541 1965 3741 2041 ἑσέὶνξ
3783 1998 3805 2030 ι

1617 2046 1758 2096 Edita
1782 2060 1809 2096 ι
1833 2047 2128 2099 ὶίουιιευιὶο
2158 2053 2260 2116 (ep.
2286 2054 2391 2117 155,
2409 2057 2468 2104 ad
2488 2058 2789 2108 Constantia.
2826 2071 2876 2118 p.
2909 2057 3156 2118 180-189).

813 2127 970 2194 Quod
1029 2144 1126 2199 per
1169 2130 1529 2200 quaestionem
1585 2131 1640 2184 in
1692 2131 2056 2188 Praecursoris
2097 2136 2316 2192 laudem

741 2218 946 2275 dicitur
991 2240 1008 2275 :
1062 2240 1082 2272 ι
1119 2223 1309 2292 Atqui
1339 2223 1602 2277 minimus
1629 2232 1710 2277 est
1736 2225 1793 2277 in
1836 2240 2002 2294 regno
2025 2228 2314 2294 caelorum,

745 2313 920 2382 major
951 2314 1046 2367 illo
1083 2324 1202 2379 est;
1229 2331 1247 2364 ι
1291 2316 1407 2368 scio
1436 2314 1699 2381 plurimos
1730 2329 1795 2368 ex
1840 2315 1909 2368 iis
1934 2317 2027 2384 qui
2061 2333 2148 2371 me
2176 2335 2315 2388 prte-

743 2414 1055 2470 cessernnt,
1115 2407 1371 2460 arbitrari
1407 2404 1755 2462 Servatorem
1811 2407 1886 2463 ita
1919 2409 2230 2477 protulisse.
2258 2419 2318 2464 ut

744 2497 949 2566 preprii
986 2495 1156 2550 animi
1187 2512 1407 2551 sensum
1425 2497 1741 2566 explicaret.
1775 2496 2062 2554 lnterillos
2091 2499 2317 2570 quidam

744 2597 1077 2642 connectunt
1113 2588 1274 2654 illud,
1327 2590 1604 2652 minimus,
1641 2604 1766 2644 cum
1799 2590 1906 2644 illis
1941 2591 1993 2644 in
2016 2607 2172 2660 regno
2210 2608 2314 2646 cm-

741 2680 940 2744 lonim,
980 2689 1034 2733 et
1066 2680 1238 2748 ὐφ’ἓν,
1271 2692 1366 2734 aut
1411 2690 1671 2750 tanquam
1741 2682 1960 2736 unicam
2004 2683 2313 2752 periodum,

745 2775 1101 2842 pmnnntiant
1152 2790 1165 2825 :
1219 2782 1387 2840 atque
1445 2771 1598 2825 illum
1665 2773 1758 2842 qui
1808 2773 1862 2826 in
1890 2773 1983 2827 illo
2005 2788 2173 2843 regno
2193 2775 2318 2831 aliis

748 2867 927 2917 minor
955 2873 1040 2918 est
1080 2865 1356 2926 omnibus,
1416 2862 1677 2930 majorem
1738 2864 2056 2918 existimant
2083 2863 2315 2920 Joanne.

745 2958 980 3028 Regnum
1017 2959 1094 3013 illi
1129 2960 1218 3014 bic
1253 2961 1702 3027 interpretantur,
1735 2967 1948 3028 tempus
1983 2960 2316 3014 destinatum

745 3062 869 3122 post
909 3053 1244 3106 Dominicam
1298 3051 1764 3105 resurrectionem
1812 3066 1827 3103 :
1889 3067 1997 3121 quo
2055 3053 2317 3121 temporis

743 3145 1040 3208 curriculo,
1078 3158 1168 3197 res
1192 3143 1312 3197 ﬁdei
1346 3157 1443 3212 per
1478 3157 1718 3204 crucem.
1767 3144 2121 3212 baptismum,
2153 3143 2318 3214 spiri-

744 3246 882 3301 tum,
922 3236 1308 3303 perfectionem
1341 3244 1398 3288 et
1427 3235 1986 3305 roburacquirebant.
2032 3234 2318 3289 Minimum

745 3327 802 3380 in
829 3341 918 3388 eo,
939 3335 1270 3394 postremum
1293 3324 1434 3377 inter
1452 3339 1548 3378 eos
1582 3323 1788 3389 volunt,
1810 3311 1904 3394 qui
1936 3326 1989 3378 in
2021 3326 2107 3378 illa
2129 3327 2315 3395 politi:

2487 2142 2562 2193 Τὸ
2589 2142 2838 2209 περὶτοῦ
2881 2142 3198 2213 Προδρόμου
3232 2142 3296 2197 ἐν
3327 2147 3538 2219 ἐπαίνῳ
3585 2156 3682 2204 καὶ
3714 2155 3843 2206 κατ’
3875 2157 4001 2224 ἐρώ-

2419 2249 2575 2301 τησιν
2608 2234 2922 2304 εἰρημένον,
2964 2254 2982 2287 ι
3027 2236 3088 2288 ὐ
3117 2235 3172 2289 δὲ
3221 2241 3546 2311 μικρότερος
3569 2245 3629 2294 ἑν
3661 2246 4002 2318 τῇ¹βασιλεία

2417 2323 2528 2373 τῶν
2558 2323 2824 2392 οὐρανῶν,
2853 2325 3056 2394 μείζων
3082 2328 3254 2381 αὐτοῦ
3277 2331 3427 2383 ἐστιν
3447 2349 3461 2362 ·
3501 2353 3520 2384 ι
3555 2337 3683 2397 τοὺς
3723 2338 4004 2402 πλείστους

2419 2413 2526 2465 τῶν
2564 2414 2670 2483 πρὸ
2697 2415 2876 2484 ἡμῶν,
2909 2411 3352 2490 ἀποφαινόμενον
3380 2425 3557 2475 εἰπεῖν
3581 2427 3675 2478 τὸν
3699 2430 3999 2500 Δεσπότην,

2419 2505 2516 2556 καὶ
2552 2506 2732 2575 ψῆφον
2757 2507 2965 2560 οἰκείαν
2994 2510 3207 2578 φέρειν,
3246 2511 3615 2582 ὑπειληφότας
3655 2519 3998 2588 ἐγνώκαμεν.

2419 2596 2638 2650 Τούτων
2663 2599 2742 2663 δὲ,
2775 2602 2823 2651 oi
2860 2601 2958 2669 μὲν
2994 2603 3359 2666 συνάπτοντες
3387 2607 3471 2669 τὸ,
3501 2612 3879 2678 μικρότερος,
3915 2619 4002 2666 καὶ

2417 2688 2509 2753 τὸ,
2557 2689 2627 2742 ἐν
2654 2689 2727 2758 τῇ
2749 2691 3046 2759 βασιλείᾳ
3095 2693 3215 2747 τῶν
3263 2699 3553 2765 οὐραγῶν,
3593 2703 3684 2771 ὐφ’
3725 2703 3787 2756 ἓν
3815 2708 4000 2774 ἀναγι-

2415 2782 2690 2833 νώσκουσι
2713 2799 2728 2812 ·
2779 2785 2871 2835 καὶ
2899 2784 2991 2835 τὸν
3027 2786 3087 2836 ἐν
3136 2787 3276 2858 αὐτῇ
3305 2791 3414 2842 τῶν
3444 2791 3620 2845 ἄλλων
3653 2796 3999 2866 μικρότερον,

2417 2872 2514 2921 τοῦ
2562 2871 2807 2923 Ἰωάννου
2855 2872 3067 2928 τιθέασι
3122 2876 3379 2946 μείζονω
3417 2878 3752 2941 ,ϐασιλείαν
3787 2884 3892 2951 μὲν
3923 2886 4001 2934 ἐν-

2420 2959 2616 3025 ταῦθι,
2663 2962 2757 3014 τὸν
2806 2965 2948 3031 μειά
2989 2967 3090 3036 τὴν
3139 2970 3476 3040 Δεσποτικὴν
3516 2971 3821 3024 ἀνάστασιν
3852 2987 3877 3015 ι
3919 2975 4000 3038 ἐξ·

2418 3054 2728 3116 ἀκούοντες·
2751 3055 2871 3106 καθ’
2887 3055 2946 3108 ὃν
2974 3058 3213 3126 μάλιστα
3234 3060 3312 3130 τῷ
3329 3062 3566 3131 σταυρῷ,
3589 3065 3684 3115 καὶ
3701 3064 3784 3133 τῷ
3811 3065 4001 3135 βαπτί-

2419 3162 2607 3216 σματι,
2636 3149 2734 3202 καὶ
2773 3149 2852 3220 τῷ
2874 3151 3177 3223 Πνεύματι,
3204 3155 3504 3208 ἐτελειοῦτο
3534 3159 3632 3210 καὶ
3665 3160 4000 3228 ἐκρατύνετο

2417 3241 2489 3291 τὰ
2513 3240 2614 3309 τῆς
2650 3241 2886 3305 πίστεως
2905 3260 2920 3275 ο
2956 3245 3310 3313 μικρότερον
3336 3245 3415 3310 δὲ,
3453 3247 3562 3300 τῶν
3593 3250 3652 3299 ἐν
3683 3251 3827 3320 αὐτῇ
3845 3253 3998 3303 πολι-

2416 3335 2749 3401 τευομένων,
2781 3335 2872 3387 τὸν
2898 3336 3166 3392 ἐλάσσονα
3185 3353 3201 3368 ⁸
3244 3338 3301 3402 δς
3329 3343 3380 3393 εί
3413 3343 3506 3393 καὶ
3538 3342 3646 3394 τῶν
3675 3343 3858 3397 ἄλλων
3891 3346 3999 3414 ἔχει

741 3428 1159 3481 conversantur;
1205 3418 1300 3486 qui
1349 3426 1630 3486 utcunque
1703 3432 1866 3486 quam
1915 3419 2098 3472 caeteri
2131 3420 2313 3474 minus

2416 3423 2480 3476 ’τὸ
2505 3424 2746 3491 ἔλαττον,
2781 3427 2897 3479 ἀλλ’
2925 3425 3018 3482 οὖν
3041 3431 3136 3484 τοῦ
3177 3432 3423 3484 Ἰωάννου
3460 3434 3520 3486 τὸ
3560 3437 3752 3504 μεῖζον
3797 3441 4000 3508 ἀποφέ-

743 3506 1006 3577 possidet,
1056 3507 1230 3575 magis
1260 3515 1442 3559 tamen
1469 3503 1681 3560 Joanne
1728 3508 2102 3577 consequitur.
2160 3509 2314 3564 Prae-

743 3613 939 3653 cursor
970 3597 1138 3659 enim,
1172 3598 1347 3660 aiunt,
1398 3597 1501 3652 sub
1546 3597 1684 3665 legis
1709 3597 1889 3652 adhuc
1912 3600 2202 3668 disciplina
2240 3601 2316 3653 vi-

748 3705 901 3754 vens,
929 3690 1071 3742 inter
1100 3699 1249 3742 natos
1288 3697 1543 3742 censetur
1571 3688 1640 3742 de
1669 3690 2002 3752 mulieribus,
2042 3701 2096 3743 et
2124 3699 2312 3745 contra

745 3781 870 3835 illos
901 3794 1094 3834 omnes
1126 3779 1490 3849 principatum
1536 3779 1743 3832 retulit.
1791 3780 1862 3832 At
1896 3779 1989 3848 qui
2013 3779 2116 3834 sub
2137 3782 2314 3849 gratia

743 3872 900 3936 vivit,
932 3872 1076 3927 inter
1101 3880 1254 3925 natos
1283 3879 1369 3925 est
1397 3870 1466 3923 de
1496 3867 1724 3938 Spiritu.
1752 3879 1806 3924 et
1828 3870 1896 3924 de
1919 3885 2140 3925 sursum
2168 3886 2315 3942 rege.

744 3975 1000 4029 aeratos;
1052 3982 1072 4016 ι
1108 3962 1264 4018 Dedit
1315 3963 1462 4016 enim
1515 3962 1649 4032 ipsis
1695 3969 2019 4031 potestatem
2043 3961 2188 4016 ﬁlios
2219 3962 2312 4016 Dei

742 4071 885 4120 esse.
917 4055 1012 4124 qui
1033 4055 1086 4108 in
1108 4069 1304 4108 nomen
1333 4054 1505 4122 ipsius
1535 4055 1785 4116 credunt.
1819 4054 1914 4123 qui
1945 4069 2051 4106 non
2074 4069 2141 4108 ex
2184 4069 2313 4109 san-

742 4147 1025 4218 guinibus,
1075 4160 1174 4200 nec
1207 4147 1274 4199 de
1307 4146 1586 4198 voluntate
1603 4145 1805 4206 carnis.
1841 4145 1936 4200 sed
1964 4160 2031 4198 ex
2062 4144 2175 4201 Deo
2198 4147 2310 4200 nati

742 4249 872 4295 sunt
891 4240 984 4291 π’.
1015 4239 1232 4306 ιξΑιιμιε
1264 4239 1414 4290 nullo
1443 4237 1673 4290 istorum
1699 4237 1972 4306 inquiunt,
1999 4236 2313 4293 Praeeursor

743 4333 918 4402 major
938 4343 1042 4395 est,
1077 4331 1322 4399 quinimo
1362 4329 1444 4381 vel
1484 4330 1710 4383 minimo
1742 4344 1935 4382 eorum
1956 4328 2308 4398 indigentior.

740 4426 921 4494 Atque
975 4424 1234 4478 hactenus
1281 4423 1375 4475 illi.
1418 4422 1545 4484 Alii,
1587 4420 1904 4489 Baptistam,
1944 4421 2170 4490 opinor,
2211 4437 2312 4476 nec

740 4517 1036 4580 immerito,
1065 4514 1306 4578 reveriti,
1339 4530 1407 4567 ne
1447 4515 1609 4565 talem
1638 4522 1961 4583 tantumque
1982 4514 2155 4566 virum
2184 4531 2306 4568 cum

739 4611 890 4666 nullo
917 4625 1106 4664 eorum
1137 4609 1230 4678 qui
1263 4624 1357 4677 per
1378 4608 1611 4677 gratiam
1635 4617 2108 4675 consummantur,
2143 4608 2312 4676 aequi-

737 4703 1038 4773 parandum
1105 4710 1368 4764 statuant,
1417 4699 1509 4752 sed
1547 4698 1628 4752 vel
1661 4699 1885 4753 minimo
1917 4700 2088 4769 magis
2108 4702 2301 4754 vilem:

739 4796 794 4850 in
833 4797 1025 4866 primis
1056 4795 1205 4859 illud,
1250 4811 1268 4842 s
1300 4793 1348 4846 Is
1373 4791 1466 4859 qui
1496 4792 1753 4846 minimus
1785 4800 1889 4856 est,
1916 4810 1933 4842 ι
1967 4808 2061 4861 per
2087 4793 2303 4862 disjun-

737 4888 972 4941 ctionem
1021 4903 1049 4940 a
1096 4885 1480 4955 sequentibus,
1547 4884 1682 4952 «qui
1733 4886 1784 4936 in
1829 4899 1997 4953 regno
2039 4888 2302 4939 cmlorum

737 4991 848 5048 est,
880 5000 898 5033 ι
943 4982 1126 5050 legunt
1177 4996 1192 5033 :
1255 4978 1515 5043 secundo,
1555 4997 1573 5028 ι
1609 4993 1702 5048 per
1732 4994 1957 5048 regnum
1989 4980 2252 5034 cmlorum
2277 4999 2297 5032 ι

737 5073 1044 5142 expeditius
1065 5071 1361 5126 secundum
1387 5069 1599 5123 Domini
1618 5069 1907 5123 adventum
1931 5072 2182 5140 capiunt;
2214 5074 2308 5125 mi.

739 5160 1059 5213 nimumdici
1081 5159 1269 5211 volunt
1288 5158 1462 5226 ipsum
1491 5159 1771 5212 horninum
1794 5158 1977 5213 Jesum
2005 5161 2301 5226 Christum,

735 5254 826 5324 qui
847 5263 1120 5321 utcunque
1138 5253 1190 5305 in
1217 5252 1376 5320 primi
1395 5251 1476 5305 sui
1501 5253 1763 5306 adventus
1796 5262 2058 5323 tempore,
2083 5257 2149 5308 de
2172 5257 2310 5308 mul-

735 5352 914 5398 torum
955 5345 1214 5412 Opinione
1263 5359 1371 5396 non
1423 5353 1542 5398 erat
1565 5344 1738 5412 major
1775 5361 1936 5414 quam
1965 5346 2308 5414 Praeeursor;

737 5447 865 5491 tunc
896 5446 1074 5490 tamen
1110 5437 1369 5506 temporis
1388 5436 1456 5489 ab
1483 5437 1758 5497 omnibus.
1795 5440 1954 5492 etiam
1988 5454 2093 5492 non
2127 5440 2314 5494 volen-

739 5529 882 5584 tibus
904 5545 1026 5583 eum
1071 5532 1198 5585 olim
1236 5545 1526 5600 agnoscere
1549 5538 1602 5583 et
1635 5528 1896 5597 proﬁteri,
1931 5545 2054 5583 cum
2089 5532 2314 5584 horren-

805 5651 849 5682 "
883 5649 1012 5706 Luc.
1040 5667 1135 5718 vn,
1162 5651 1264 5717 28;
1295 5651 1488 5704 Matth.
1523 5667 1598 5718 XI,
1633 5651 1720 5705 Η.

2422 3535 2597 3590 ρεται.
2630 3523 2741 3575 Καὶ
2769 3525 2879 3594 γὰρ
2905 3526 2935 3577 ό
2960 3526 3060 3594 μὲν
3087 3527 3404 3598 Πρόδρομος
3426 3530 3532 3596 ἐτι,
3570 3537 3762 3600 φασὶν,
3791 3536 3901 3587 ὐπό
3926 3538 3998 3608 τῷ

2413 3611 2567 3680 νόμῳ
2592 3613 3028 3684 πολιτευόμενος,
3072 3617 3132 3669 ἐν
3165 3621 3470 3686 γεννητοῖς
3514 3624 3632 3674 ἐστι
3670 3626 3998 3691 γυναικῶν,

2416 3703 2539 3755 καθ’
2567 3696 2641 3756 ὧν
2665 3707 2938 3770 ἁπάντων,
2964 3711 3058 3761 καὶ
3086 3708 3154 3762 τὰ
3177 3712 3444 3779 πρεσϐεῖα
3466 3713 3740 3781 ἠνέγκατο
3757 3732 3775 3745 ο
3805 3719 3836 3769 ὁ
3864 3719 3925 3770 δε
3946 3722 4000 3770 ἐν

2413 3796 2480 3863 τῇ
2514 3794 2717 3865 χάριτι,
2761 3799 2854 3850 καὶ
2881 3800 2942 3851 ἐν
2975 3801 3286 3868 γεννητοῖς
3333 3804 3450 3855 ἐστι
3507 3806 3856 3874 Πνεύματος,
3908 3813 3999 3864 καὶ

2415 3885 2918 3958 ἀναγεγεννημένος
2977 3892 3205 3948 ἀνωθεν.
3275 3913 3296 3948 s
3366 3897 3573 3950 Ἔδωκε
3631 3902 3741 3968 γάρ
3816 3902 3999 3964 αὐτοῖς

2417 3978 2666 4044 ἐξουσίαν
2695 3982 2858 4035 τέκνα
2899 3983 3035 4038 Θεοῦ
3069 3987 3348 4052 γενέσθαι,
3377 3992 3491 4051 τοῖς
3529 3991 3888 4045 πιστεύουσιν
3922 3997 3997 4054 εἰς

2414 4071 2476 4122 τὸ
2517 4071 2690 4141 ὄνομα
2718 4074 2907 4138 αὐτοῦ,
2949 4077 3000 4129 οἳ
3028 4079 3129 4131 οὐκ
3161 4077 3221 4142 ἐξ
3247 4081 3518 4148 αἱμάτων,
3558 4083 3681 4135 οὐδέ
3712 4085 3783 4137 ἐκ
3834 4086 3994 4155 θελή-

2417 4176 2589 4228 ματος
2641 4163 2863 4231 σαρκδς,
2911 4166 3032 4218 οὐδὲ
3080 4169 3146 4219 ἐκ
3175 4169 3478 4238 θελήματος
3510 4174 3743 4242 ἀνδρὸς,
3778 4175 3899 4229 ἀλλ’
3936 4181 3996 4229 ἐκ

2414 4254 2552 4308 Θεοῦ
2605 4256 3011 4329 ἐγεννήθησαν·
3051 4279 3070 4313 ι
3099 4255 3176 4315 ὧν
3204 4264 3233 4315 ό
3264 4264 3575 4334 Πρόδρομος
3616 4268 3861 4333 οὐδενὸς,
3895 4289 3994 4339 φα-

2416 4349 2529 4412 σὶν,
2578 4351 2676 4420 οὐχ
2723 4353 2806 4406 ὃτι
2864 4355 3085 4423 μείζων,
3127 4358 3266 4411 ἀλλὰ
3324 4362 3550 4414 καὶτοῦ
3603 4370 3990 4437 μικροτέρουῖ

2413 4440 2772 4512 ἐνδεέστερος.
2818 4444 2958 4499 Ἀλλ’
3003 4449 3050 4498 οί
3088 4448 3188 4515 μὲν
3215 4447 3407 4512 οὕτως.
3449 4453 3511 4505 Οἱ
3545 4454 3603 4506 δὲ
3643 4456 3738 4507 τὸν
3785 4458 3989 4510 [lanti-

2415 4532 2570 4602 στῆν,
2620 4529 2797 4603 οἶμαι,
2847 4541 2942 4589 καὶ
2991 4536 3214 4600 δικαίως
3246 4541 3684 4612 δυσωπούμενοι,
3727 4549 3783 4599 εί
3831 4548 3987 4617 τηλι-

2411 4622 2602 4676 κοῦτον
2624 4623 2774 4689 ὄντα,
2807 4625 3034 4695 μηδενὸς
3053 4628 3162 4680 τῶν
3189 4630 3247 4682 ἐν
3269 4633 3335 4701 τῇ
3364 4631 3557 4700 χάριτι
3584 4634 3987 4690 τελειωθέντων

2415 4712 2756 4780 ἰσοστάσιον,
2809 4714 2945 4767 ἀλλὰ
2993 4716 3086 4768 καὶ
3131 4715 3226 4769 τοῦ
3285 4719 3613 4788 μικροτέρου
3678 4712 3984 4792 ποιήσωσιν

2407 4805 2818 4876 εὐτελέστερονο
2851 4807 3069 4878 πρῶτον
3095 4809 3194 4877 μὲν
3221 4809 3304 4871 τὸ,
3343 4827 3362 4859 s
3406 4813 3433 4863 ό
3472 4812 3528 4864 δὲ
3567 4815 3922 4884 μικρότερος,
3963 4835 3978 4866 ι

2405 4899 2544 4950 κατά
2571 4899 2854 4968 διαστολὴν
2873 4900 2986 4963 τοῦ,
3024 4919 3045 4953 s
3072 4903 3129 4954 ἐν
3155 4905 3220 4973 τῇ
3247 4902 3497 4974 βασιλείᾳ
3515 4905 3624 4957 τῶν
3655 4907 3926 4975 οὐρανῶν,
3960 4927 3976 4956 ι

2403 4985 2890 5054 ἀναγινώσκουσιν.
2951 4991 3202 5057 Ἔπειτα,
3244 5011 3261 5042 ι
3315 4992 3595 5060 βασιλείαν
3632 4997 3911 5064 οὐρανῶν,
3958 5017 3974 5047 ι

2404 5077 2747 5148 ἑτοιμότερον
2772 5080 2870 5150 τὴν
2896 5084 3233 5153 Δεσποτικὴν
3267 5085 3362 5137 καὶ
3387 5085 3647 5155 δευτέραν
3672 5091 3978 5156 παρουσίαν

2403 5168 2722 5234 ἐξακούουσι
2743 5189 2754 5200 ·
2778 5177 3129 5241 μικρότερον
3159 5176 3235 5239 δὲ,
3272 5177 3432 5229 αὐτὸν
3462 5180 3554 5232 τὸν
3585 5183 3792 5251 Κύριον
3821 5181 3976 5250 ἡμῶν

2419 5262 2622 5332 Ἰησοῦν
2653 5266 2921 5335 Χριστόν·
2954 5269 3034 5331 ὃς,
3068 5271 3116 5322 εί
3148 5271 3240 5323 καὶ
3273 5271 3347 5341 μὴ
3377 5275 3516 5326 κατά
3540 5275 3631 5326 τὸν
3664 5277 3855 5344 καιρὸν
3880 5275 3977 5341 τῆς

2407 5356 2631 5426 πρώτης
2678 5358 2842 5412 αὐτοῦ
2879 5363 3212 5431 παρουσίας,
3262 5365 3464 5434 μείζων
3515 5367 3611 5420 τοῦ
3663 5369 3977 5438 Προδρόμου

2407 5451 2521 5507 τοῖς
2594 5449 2807 5513 πολλοῖς
2861 5452 3180 5521 ἐνομίζετο·
3232 5455 3347 5507 ἀλλ’
3395 5454 3488 5510 οὖν
3521 5460 3779 5527 τηνικάδε
3820 5461 3975 5517 πᾶσι,

2410 5539 2504 5590 καὶ
2549 5543 2661 5604 τοῖς
2718 5543 2792 5613 μὴ
2846 5543 3180 5614 βουληθεῖσιν
3232 5547 3526 5616 ἐπιγνῶναι
3583 5549 3783 5615 πάλαι,
3841 5547 3980 5618 μετὰ

1831 5653 1896 5684 ⁷⁰⁶
1926 5650 2084 5706 Joan.
2117 5666 2156 5713 ι,
2191 5651 2279 5714 12,
2317 5653 2402 5706 i5.

1993 5747 2229 5803 VARUE
2278 5746 2684 5803 LECTIONES.

840 5846 890 5882 "
914 5842 995 5898 vel
1025 5842 1422 5914 συμφρονῆσαι.
1538 5851 1561 5879 ¹
1597 5843 1717 5899 add.
1761 5844 1966 5898 κακόν.

2080 5849 2107 5886 ἵ
2139 5842 2259 5893 add.
2290 5841 2362 5890 ἔτι
