4162 6442
209 424 332 492 1001

1114 420 1216 481 AD
1249 413 1841 480 AMPHILOCHIUM
1877 414 2223 487 QUESTIO
2258 415 2540 477 CCXXII.

3308 424 3445 490 1002

202 539 432 612 φἰσερίς
475 538 569 591 καὶ
612 535 917 608 φρικώδους
956 532 1436 604 ἐπιγνωσθήσεται
1486 531 1585 600 τῆς
1621 528 1769 618 εἰδή-

1877 528 1944 584 do
1974 538 2028 585 et
2062 529 2311 585 horribili
2342 541 2562 596 aspectu
2593 536 2946 603 agnoscdtur,
2980 535 3143 605 judex
3185 540 3439 595 nimirum

204 648 356 693 σεως,
398 628 591 697 κριτὴς
625 629 843 682 πάντων
881 626 976 680 καὶ
1006 624 1262 696 βασιλεὺς
1300 624 1764 691 παραγενόμενος.

215 723 371 776 Ἀλλά
394 723 490 776 καὶ
537 715 707 783 οὑτοι,
737 723 1090 789 μικρότερον
1135 715 1392 787 εἰρῆσθαι
1429 714 1521 768 τὸν
1565 713 1769 784 Κύριον

201 815 354 885 ἡμῶν
386 813 594 885 Ἰησοῦν
620 814 882 885 Χριστὸν,
916 812 978 864 οὑ
1014 811 1157 866 κατά
1188 811 1317 879 μίαν
1346 809 1440 863 καὶ
1466 808 1565 879 τὴν
1596 807 1769 873 αὑτὴν

202 879 565 978 παρεδέξαντο
612 879 865 958 ἔννοιανῖ
909 904 1025 957 ἀλλ’
1080 905 1129 956 oi
1188 903 1288 973 μὲν
1323 901 1401 970 τῷ
1448 901 1624 972 χρόνῳ
1670 902 1771 969 τῆς

204 1002 340 1054 κατὰ
362 1000 540 1070 σάρκα
568 1001 877 1067 γεννήσεως
926 996 1089 1068 (μησὶ
1110 996 1220 1064 γάρ
1249 979 1474 1061 ὅλοιςέξ
1505 997 1532 1047 6
1567 998 1771 1047 Δεσπο-

204 1095 347 1155 τικὸς
376 1094 533 1155 τόκος
586 1091 680 1144 τοῦ
726 1091 1044 1161 Προδρόμου
1083 1088 1471 1156 ὑπελείπετο)ο
1495 1087 1546 1140 oi
1585 1087 1663 1151 δὲ,
1694 1085 1771 1157 τῷ

210 1186 367 1255 μήκει
404 1184 505 1254 τῆς
540 1183 758 1253 ,ἡλικίας
785 1197 803 1214 ο
844 1182 1138 1251 ὑπερέχειν
1169 1180 1279 1251 γάρ
1312 1180 1408 1233 τοῦ
1461 1181 1731 1233 Δεσπότου
1753 1218 1770 1244 ,

208 1277 298 1328 καὶ
325 1278 385 1344 τῇ
409 1274 503 1327 τοῦ
534 1274 787 1343 σώματος
811 1274 1113 1344 ἀναδρομῇ,
1145 1274 1237 1325 τὸν
1262 1273 1577 1341 Βαπτιστὴν
1598 1277 1795 1342 παρα-’

208 1365 402 1418 δέδοται
426 1383 440 1397 ο
465 1366 612 1419 ἄλλοι
640 1366 697 1419 δὲ
753 1366 815 1419 τὸ
835 1367 1187 1435 μικρότερος
1230 1365 1485 1435 εἰρῆσθαι
1511 1365 1648 1434 πρὸς
1670 1366 1771 1435 τὴν

208 1459 312 1511 τῶν
342 1458 553 1511 πολλῶν
589 1459 857 1529 ὑπόληψιν
891 1459 1246 1529 ὲξειλήφασιν
1270 1473 1283 1487 ·
1330 1459 1634 1527 ὑπείληπτο
1666 1459 1775 1529 γὰρ

213 1550 405 1619 μείζων
476 1551 505 1601 6
559 1550 836 1619 Ἰωάννης,
872 1548 968 1603 άτε
999 1550 1064 1621 δὴ
1095 1548 1216 1619 Θεῷ
1253 1552 1318 1603 ὲκ
1357 1549 1592 1620 βρέφους
1627 1550 1773 1602 ἀνει⁴

214 1640 388 1705 μένος,
430 1639 527 1691 καὶ
559 1636 673 1708 βίον
703 1638 937 1692 ἄσκευον
963 1649 996 1694 ι.
1016 1642 1081 1693 ὲκ
1112 1642 1446 1711 σπαργάνων
1476 1640 1657 1694 αὑτῶν
1682 1641 1777 1694 καὶ

209 1726 468 1796 ἑρημικδν
506 1727 955 1799 ἐπανῃρημένοςο
1008 1728 1104 1782 καὶ
1133 1729 1266 1782 διότι
1314 1730 1406 1782 τὸν
1451 1729 1777 1799 βαπτίζοντα

209 1818 298 1871 τοῦ
352 1818 770 1889 βαπτιζομένου,
832 1821 860 1872 6
913 1820 1204 1891 πρόχειρος
1253 1818 1560 1890 λόγισμοςι
1598 1819 1773 1873 ἐθέλει

1874 621 1929 675 in
1975 624 2210 677 adventu
2262 623 2357 676 illo
2403 634 2458 679 et
2502 641 2593 680 rex
2641 643 2907 698 apparens
2962 648 2977 686 :
3020 632 3113 686 sed
3143 640 3321 686 tamen
3351 634 3440 688 isti

1874 710 2163 770 Dominum
2193 724 2442 769 nostrum
2479 714 2663 773 Jesum
2685 720 2990 787 Christum,
3019 723 3296 776 minimum
3331 725 3436 777 diri

1872 807 2229 872 arbitrantur,
2287 825 2394 863 non
2452 813 2749 867 secundum
2800 829 2965 867 unam
3001 824 3054 870 et
3074 818 3320 870 eamdem
3358 817 3425 869 in-

1871 901 2241 972 telligentiam.
2296 903 2527 971 Quidam
2581 906 2823 961 referunt
2860 909 2927 963 ad
2959 918 3175 979 tempus
3226 910 3441 964 nativi-

1875 994 2005 1050 tatis
2031 996 2085 1050 in
2104 1010 2303 1061 carne;
2336 1014 2456 1050 nam
2492 1014 2585 1068 per
2612 1013 2704 1055 sex
2737 1009 2876 1057 totos
2898 1018 3137 1067 menses,
3181 1004 3437 1057 nativitas

1875 1086 2259 1155 Praecursoris,
2294 1093 2524 1157 Domini,
2571 1095 2961 1150 antevertebat.
3004 1096 3110 1151 Alii
3156 1097 3222 1150 ad
3265 1095 3444 1150 aatatis

1874 1176 2246 1232 extensionem
2291 1189 2345 1231 et
2392 1180 2511 1234 vita:
2560 1195 2868 1236 mensuram
2924 1200 2937 1237 :
2990 1183 3257 1237 traditum
3297 1186 3443 1237 enim

1875 1276 1991 1334 est,
2056 1268 2451 1326 Praecursorem
2543 1271 2827 1327 Dominum
2892 1276 3198 1330 excessisse
3278 1289 3443 1329 cursu

1877 1364 2144 1434 corporali
2189 1380 2309 1418 suo.
2370 1366 2467 1418 Alii
2515 1366 2642 1420 illud
2684 1368 2932 1420 minimus
2967 1369 3268 1422 secundum
3301 1369 3447 1421 mul-

1877 1463 2058 1508 torum
2110 1457 2423 1524 Opinionem
2473 1458 2676 1510 dictum
2740 1457 3109 1520 arbitrantur;
3168 1456 3447 1511 ferebatur

1878 1548 2023 1600 enim
2057 1548 2231 1616 major
2260 1546 2514 1611 Joannes,
2570 1556 2755 1617 utpote
2791 1548 2900 1603 Deo
2942 1549 3011 1603 ab
3040 1548 3268 1603 infantia
3306 1563 3445 1603 con-

1878 1647 2141 1701 secratus,
2165 1637 2369 1707 quique
2406 1638 2568 1691 vitam
2605 1640 2893 1694 asceticam
2926 1648 2980 1693 et
3006 1639 3353 1694 erernieolam
3379 1640 3447 1693 ab

1880 1734 2012 1803 ipsis
2036 1733 2345 1804 crepundiis
2390 1734 2700 1789 sectabatur
2762 1752 2776 1788 :
2834 1742 2947 1787 tum
2984 1733 3129 1802 quod
3164 1732 3445 1787 communi

1879 1837 1933 1881 et
1960 1829 2087 1881 trito
2129 1841 2402 1889 sermone,
2456 1828 2503 1882 is
2546 1829 2638 1898 qui
2691 1827 2931 1898 baptizat
2985 1827 3161 1896 major
3216 1825 3447 1880 habetur

210 1883 644 1981 σεϐασμιώτερον
670 1929 682 1942 ·
706 1883 822 1965 ἀλλ’
865 1883 1172 1983 οὗτοι-μέν,
1212 1883 1439 1966 κᾶν-επὶ
1474 1912 1763 1983 διαφόρους

1881 1918 2153 1987 baptizato
2179 1927 2233 1972 et
2274 1883 2654 1976 venerabilior.
2716 1883 2966 1973 Aitamen
3010 1918 3123 1981 isti,
3168 1925 3450 1984 utcunque

208 2007 398 2072 αἰτίας,
429 2007 754 2078 μικρότερον
778 2008 872 2061 τοῦ
904 2007 1223 2078 Προδρόμου
1248 2007 1339 2059 τὸν
1354 2005 1766 2078 κηρυσσόμενον

205 2102 317 2162 τοῖς
368 2098 581 2163 πολλοῖς
631 2099 955 2169 νομισθῆναι
1009 2097 1428 2167 συγκατέθεντο,
1461 2096 1605 2167 πλὴν
1651 2094 1766 2149 ἀλλ’

204 2190 496 2260 ὁμοφώνως
523 2191 905 2263 ἀναρρηθῆναι
946 2190 1169 2262 μείζονα
1190 2190 1289 2244 τοῦ
1320 2189 1511 2243 δούλου
1541 2188 1633 2241 τὸν
1669 2192 1768 2240 Δε-

204 2284 442 2356 σπότην,
502 2285 645 2339 κατὰ
678 2286 778 2354 τὴν
827 2285 1081 2355 οὐράνιον
1132 2282 1351 2353 ἐκείνην
1393 2282 1488 2337 καὶ
1535 2279 1769 2350 φρικτὴν

206 2375 511 2446 βασιλείαν,
571 2377 940 2448 ἀπεφήναντο.
1003 2373 1144 2445 Ἐγὼ
1187 2375 1246 2428 δὲ
1298 2373 1509 2438 τούτοις
1559 2374 1770 2444 διαιτᾷν

204 2469 434 2538 ἐμαυτὸν
480 2467 717 2533 ἐξιστὰς,
751 2469 846 2522 καὶ
878 2470 973 2521 τὸν
1000 2467 1223 2537 ἄμεινον
1257 2466 1479 2521 εἰπόντα
1516 2465 1773 2537 φυλοκριν-

203 2562 314 2611 νεῖν
353 2560 380 2600 δ
418 2560 481 2613 οὑ
532 2560 769 2630 νομίζων
821 2560 992 2628 ἐμόν’
1046 2559 1158 2612 οὐδ’
1205 2558 1282 2621 ὡς
1343 2557 1653 2611 ὰντείποιεν
1720 2558 1771 2610 οἱ

203 2652 588 2721 ἐπικληθέντες
638 2651 734 2706 τοῦ
792 2649 1100 2706 Βαπτιστοῦ
1163 2650 1368 2715 πολλὴν
1423 2647 1772 2718 καταγνῶναι

200 2749 587 2817 ταπεινότητα,
632 2749 826 2820 ὅτιπερ
856 2748 979 2801 οὐδὲ
1018 2748 1133 2811 τοῖς
1182 2745 1596 2817 αἱτιασαμὲνοις
1644 2745 1772 2814 ὑμῖν

208 2846 349 2916 μέγα
374 2861 425 2897 τι
450 2844 812 2915 διανενόηται,
841 2842 1065 2913 μείζονα
1102 2839 1198 2895 τοῦ
1228 2839 1416 2893 δούλου
1436 2840 1527 2893 τὸν
1554 2838 1774 2892 Δεσπό-

200 2955 306 3007 την
334 2936 664 3005 ἀποφήνασι.
699 2935 882 3005 (Ποῖον
929 2932 1039 3002 γὰρ
1085 2933 1245 2995 κλέος
1274 2932 1553 3004 Δεσπότην
1581 2930 1772 2985 δούλου

206 3026 428 3098 μείζονα
471 3025 794 3096 φαίνεσθαιο
850 3025 946 3077 καὶ⁹
984 3024 1105 3077 τότε
1162 3022 1307 3076 κατά
1352 3022 1450 3092 τὴν
1493 3022 1772 3093 ἄφραστον

200 3119 418 3190 ἐκείνην
457 3118 551 3173 καὶ
579 3115 811 3189 φρικτὴν
837 3116 1143 3187 παρουσίαν
1163 3116 1203 3186 ;)
1238 3115 1408 3170 Οὐδὲν
1436 3110 1527 3168 οὖν
1566 3113 1774 3168 τούτων

1873 2019 2091 2079 propter
2137 2010 2379 2065 diversas
2433 2026 2649 2077 causas,
2718 2026 2841 2065 eum
2885 2010 2976 2081 qui
3010 2008 3439 2079 praedicabatur,

1875 2102 2138 2155 minorem
2190 2100 2536 2157 Praecursore
2583 2116 2611 2155 a
2669 2103 2853 2156 multis
2906 2103 3279 2157 existimatum
3317 2113 3451 2155 con'

1874 2194 2128 2259 sentiant,
2148 2193 2499 2247 nihilominus
2527 2192 2767 2245 unanimi
2796 2192 3197 2262 conspiratione
3228 2193 3448 2257 docent,

1877 2284 2165 2340 Dominum
2205 2301 2305 2341 suo
2343 2302 2505 2342 servo
2537 2288 2798 2355 majOr-em
2850 2286 3135 2355 prmdicari
3190 2286 3243 2337 in
3279 2301 3446 2353 regno

1876 2378 1969 2433 illo
1991 2378 2222 2440 cmlesti,
2260 2388 2315 2433 et
2342 2379 2638 2433 adorando.
2707 2376 2817 2445 Ego
2842 2392 2926 2432 rue
2958 2378 3106 2431 hisee
3137 2376 3443 2430 concilian-

1877 2468 1960 2523 dis
1988 2484 2093 2523 non
2127 2468 2428 2529 immisceri,
2486 2484 2583 2523 nec
2626 2468 2757 2521 mihi
2790 2484 2986 2538 arrogo
3022 2467 3333 2522 facultatem
3360 2466 3446 2521 di-

1873 2558 2190 2628 iudicandi,
2263 2562 2487 2629 quinam
2541 2578 2607 2614 ex
2662 2560 2769 2615 illis
2820 2562 3085 2630 potiorem
3143 2570 3446 2629 sequantur

1878 2652 2230 2718 sententiam;
2288 2668 2385 2707 nee
2438 2663 2630 2708 contra
2686 2655 3020 2709 contendent
3084 2653 3159 2707 illi
3191 2655 3261 2707 ob
3308 2654 3449 2707 hanc

1878 2757 2123 2809 causam,
2175 2744 2269 2814 qui
2322 2744 2577 2799 dicuntur
2620 2757 2919 2799 extremam
2962 2745 3219 2817 Baptistae
3261 2744 3447 2799 humi-

1880 2836 2085 2890 litatem
2110 2836 2474 2906 exprobrare;
2535 2838 2626 2893 sed
2660 2854 2759 2893 nec
2793 2854 2888 2893 vos
2933 2839 3026 2907 qui
3059 2839 3275 2909 queruli
3330 2838 3449 2893 eul-

1880 2925 2041 2996 patis,
2078 2926 2235 2995 quasi
2261 2943 2514 2998 maguum
2548 2931 2729 2984 nescio
2746 2931 2873 2999 quid
2900 2931 3232 3000 cogitaretur
3273 2932 3329 2985 in
3357 2946 3446 2995 eo,

1879 3020 2025 3088 quod
2076 3020 2250 3089 major
2306 3036 2425 3076 esse
2454 3036 2612 3075 servo
2648 3037 2747 3077 suo
2800 3024 3125 3092 prmdicatur
3183 3023 3448 3079 Dominus

1882 3112 2171 3182 (quantum
2201 3113 2368 3177 enim,
2389 3130 2596 3182 qumso,
2625 3115 2844 3169 accedet
2874 3117 3079 3185 gloriae.
3107 3117 3152 3172 si
3184 3116 3447 3170 Dominus

202 3214 414 3281 λέγειν,
463 3210 597 3282 ὲμὸν
640 3206 780 3264 εἶναι
825 3208 1143 3275 δικαιώσας,
1194 3207 1331 3261 ἀλλὰ
1373 3207 1465 3260 καὶ
1510 3206 1637 3271 τοὺς
1680 3206 1774 3260 ἀν-

1882 3216 2039 3257 servo
2075 3203 2249 3273 major
2275 3215 2553 3275 appareat,
2586 3208 2822 3261 maxime
2847 3222 2943 3277 per
2976 3207 3269 3262 adventum
3296 3207 3448 3260 illum

200 3309 338 3379 δρας
377 3308 654 3379 ἀρχιερεῖς
701 3305 860 3367 Ιὂντας
898 3304 1157 3376 μάλιστα,
1208 3303 1304 3357 καὶ
1337 3302 1458 3373 Θεῷ
1509 3300 1775 3374 θεράπονο

196 3419 325 3467 τας,
379 3401 646 3471 στέργων,
681 3400 777 3453 καὶ
810 3400 970 3469 χάριν
1014 3396 1261 3467 μεγάλην
1294 3395 1438 3469 ὑπὲρ
1476 3387 1552 3449 ὧν
1602 3392 1775 3458 εἷπον,

200 3490 485 3564 ὁμολογῶν
539 3490 622 3563 (οὑ
660 3490 768 3560 γὰρ
792 3491 895 3544 ὅσα
924 3491 1043 3552 ταῖς
1069 3488 1273 3558 ἑτέρων
1299 3486 1561 3550 διανοίαις
1590 3486 1780 3539 ἔνστα-

206 3601 297 3637 σιν
326 3584 488 3649 ποιεῖ,
516 3580 692 3634 ταῦτα
718 3581 943 3643 καὶτοῖς
966 3578 1203 3650 ὲξαρχῆς
1221 3576 1434 3632 εἰποῦσι
1457 3576 1631 3647 λαϐήν
1659 3594 1779 3631 τινα

200 3675 489 3747 προξενεῖο
530 3672 815 3743 ἀγαπητὸν
866 3673 966 3742 μὲν
1014 3671 1177 3735 εἴτις
1221 3669 1525 3742 ἀρχόμενος
1569 3668 1781 3738 ὑψηλῆς

193 3785 347 3831 τινος
382 3766 637 3835 θεωρίας,
667 3765 760 3818 ἐπὶ
787 3764 953 3817 ποσόν
987 3780 1042 3817 τι
1081 3763 1184 3833 τῆς
1220 3762 1481 3833 ἀληθείας
1500 3761 1774 3829 ἐφίκοιτοο

193 3861 251 3915 οἱ
284 3858 344 3912 δέ
377 3875 440 3927 γε
471 3858 675 3911 κλεινοὶ
701 3857 811 3908 τῶν
839 3856 1100 3927 ιΙατὲρων
1133 3853 1313 3926 ἡμῶν,
1345 3854 1438 3907 ἐπί
1464 3870 1528 3921 γε
1554 3852 1617 3906 τὸ
1632 3852 1781 3905 πλεί-

197 3971 353 4017 στον,
408 3952 502 4006 καὶ
552 3954 632 4015 είς
689 3950 978 4021 ἀκρίόειαν
1027 3950 1128 4020 τὴν
1160 3949 1269 4003 τῶν
1308 3948 1472 4002 θείων
1513 3946 1779 4017 χρησμῶν

192 4045 439 4101 διάνοιαν
491 4042 908 4112 ἀπεκάλυψαν),
953 4040 1095 4112 πλήν
1135 4057 1200 4110 γε
1234 4040 1299 4111 δὴ
1323 4041 1449 4103 τοὺς
1480 4040 1677 4110 ἄνδρας
1722 4040 1781 4092 ὲν

192 4139 319 4201 τοῖς
364 4136 598 4208 μάλιστα
629 4136 806 4205 τιμῶν
835 4137 930 4189 καὶ
973 4133 1293 4205 θαυμάζων,
1338 4133 1447 4186 οὐδ’
1487 4133 1625 4204 ὅπερ
1657 4132 1781 4201 ἐμοὶ

192 4225 476 4298 παρέστη,
512 4227 830 4297 σιγήσομαι.
876 4224 1019 4296 Ὀρῶ
1048 4223 1340 4294 τοιγαροῦν
1376 4223 1611 4277 ἐνταῦθα
1651 4241 1780 4278 σκο-

192 4317 304 4369 πὸν
326 4315 403 4383 τῷ
434 4315 699 4386 Δεσπότη,
734 4314 832 4385 οὑχ
877 4314 1074 4368 ἑαυτοῦ
1102 4314 1195 4368 τὸν
1226 4314 1537 4384 Βαπτιστὴν
1579 4314 1779 4367 ὑποδε-

191 4405 413 4478 6ηκότα
435 4407 629 4474 δεῖξαι,
656 4406 763 4459 οὐδ’
789 4406 950 4461 ἄλλον
974 4405 1121 4470 τινὸς
1148 4410 1164 4471 ί
1174 4405 1251 4478 μὴ
1274 4406 1357 4459 ὅτι
1384 4423 1446 4475 γε
1473 4406 1568 4459 τοῦ
1596 4424 1783 4479 μικρο-

188 4501 363 4570 τέρου
411 4498 630 4552 πάντων
695 4496 1063 4568 ἀτιμότερον),
1106 4496 1242 4552 ἀλλά
1275 4498 1370 4551 καὶ
1400 4498 1509 4551 πᾶν
1556 4498 1781 4553 τοὺναν-

1880 3295 2207 3351 inell'abilem
2254 3307 2309 3352 et
2351 3297 2812 3370 formidabilem);
2846 3300 2979 3354 nihil
3018 3302 3183 3371 igitur
3216 3300 3448 3355 istorum

1878 3386 2145 3443 aﬂirmare
2174 3404 2296 3443 cum
2322 3389 2389 3443 ad
2425 3406 2511 3444 me
2540 3402 2775 3446 statuam
2817 3392 3071 3451 attinere.
3116 3394 3211 3448 sed
3261 3403 3451 3448 auctu-

1879 3490 1989 3539 res,
2039 3490 2165 3531 cum
2217 3487 2401 3533 essent
2450 3480 2696 3535 homines
2731 3482 3046 3551 episcOpatu
3098 3482 3331 3551 praediti,
3364 3482 3451 3535 di-

1880 3567 2111 3624 lectione
2153 3585 2512 3641 prosequens,
2552 3582 2607 3628 et
2650 3575 2812 3628 sintut
2847 3576 2979 3643 ipsis
3008 3577 3213 3645 gratias
3248 3576 3452 3630 multas

1880 3660 2079 3715 debere
2100 3676 2403 3732 agnoscens
2432 3679 2529 3733 pro
2547 3664 2767 3734 scriptis
2794 3669 2908 3721 suis
2943 3669 3067 3737 (nec
3095 3670 3240 3721 enim
3261 3668 3450 3723 eadem

1879 3769 2001 3824 quae
2056 3756 2381 3810 evidentiam
2430 3758 2656 3812 aliorum
2720 3760 2917 3815 animis
2977 3761 3321 3830 imprimunt,
3384 3761 3452 3817 iis

1879 3846 1971 3915 qui
2014 3847 2283 3917 principes
2342 3849 2433 3902 illa
2493 3850 2859 3920 praedicarant
2923 3853 3087 3907 verba
3150 3851 3452 3922 Scriptura:

1880 3954 2070 3994 ansam
2109 3941 2500 4011 exporrigunt;
2556 3954 2701 3997 certe
2729 3942 3033 3998 habendum
3061 3956 3146 3999 est
3176 3945 3229 3999 in
3259 3961 3452 4001 nume-

1881 4040 2020 4095 rato,
2077 4032 2122 4087 si
2156 4033 2282 4102 quis
2334 4050 2563 4091 exorsus
2618 4036 2904 4090 sublimem
2931 4036 3171 4107 aliquam
3205 4038 3453 4109 specula-

1882 4124 2087 4180 tionem
2124 4127 2503 4196 quadantenus
2533 4129 2873 4197 progreditur
2900 4129 2952 4184 in
2996 4129 3450 4199 apprehendenda

1878 4216 2139 4272 veritate:
2171 4219 2415 4287 praeclari
2433 4229 2580 4274 certe
2604 4219 2787 4275 Patres
2811 4221 2883 4275 illi
2910 4224 3104 4285 nostri,
3126 4224 3449 4295 plerumque

1879 4323 2158 4364 sacrarum
2196 4309 2524 4365 Litterarum
2578 4312 2802 4367 intimos
2837 4330 3035 4369 sensus
3073 4317 3317 4370 exactius
3351 4332 3451 4371 ex-

1878 4402 2167 4471 pressere),
2189 4412 2368 4457 tamen
2391 4420 2514 4458 cum
2536 4404 2653 4459 illos
2670 4420 2885 4459 summo
2905 4406 3111 4461 honore
3129 4422 3449 4477 prosequar,

1882 4508 1988 4547 non
2018 4508 2119 4563 ego
2164 4494 2461 4549 subtaceho
2504 4497 2651 4565 quod
2690 4497 2819 4549 mihi
2846 4497 3020 4551 visum
3050 4509 3155 4554 est.
3187 4499 3450 4553 Animad-

189 4590 319 4643 τίον
365 4590 607 4653 ἐπαίνοις
635 4588 853 4654 δοξάσαι
877 4605 892 4621 °
932 4592 1025 4643 καὶ
1053 4590 1162 4660 γάρ
1192 4589 1303 4644 τῶν
1336 4592 1771 4662 προειρημένων,

1879 4596 2030 4640 verto
2056 4588 2205 4643 enim
2235 4592 2338 4644 hoc
2384 4590 2436 4643 in
2488 4591 2627 4655 loco,
2690 4589 2975 4644 Dominum
3023 4592 3448 4662 haudquaquam

188 4683 261 4734 τὸ
295 4680 396 4751 μὲν
440 4681 756 4753 ἀσύμφορον
784 4683 936 4747 ἴσως,
973 4682 1035 4735 τὸ
1067 4682 1125 4736 δὲ
1151 4684 1407 4737 ταπεινόν
1429 4699 1443 4714 ·
1478 4684 1545 4738 άν
1576 4701 1637 4737 τε
1669 4684 1774 4755 γάρ

1877 4679 1931 4733 id
1978 4680 2278 4744 intendere,
2346 4693 2404 4736 ut
2446 4697 2505 4737 se
2535 4682 2831 4751 Baptistam
2869 4685 3324 4752 superambulare
3354 4686 3451 4740 de-

186 4774 293 4829 τὸν
340 4775 562 4844 κήρυκα
586 4775 665 4837 είς
707 4773 970 4845 ἐσχάτους
999 4773 1265 4842 ὲλαύνοις,
1294 4775 1416 4829 οὑδὲ
1444 4774 1539 4828 τοῦ
1565 4793 1773 4845 κηρυσ-

1878 4782 2228 4837 monstraret,
2283 4790 2348 4828 ne
2383 4776 2604 4844 quidem
2634 4776 2687 4829 iu
2713 4776 2892 4844 aliqua
2915 4792 2973 4831 re
2998 4777 3222 4847 (nedum
3257 4786 3318 4832 ut
3356 4793 3452 4845 per

187 4864 438 4936 σομένου
492 4866 553 4918 τὸ
584 4864 785 4937 ὑψηλὸν
814 4866 1131 4931 διασώσεις·
1166 4868 1260 4921 καὶ
1302 4867 1364 4921 τὸ
1393 4866 1579 4921 δοῦλον
1614 4868 1774 4921 ἐλατ-

1877 4865 2010 4919 illud
2059 4867 2309 4919 minimus
2351 4866 2597 4920 omnium
2649 4866 2929 4922 hominum
2974 4878 3203 4937 poneret
3248 4870 3451 4924 vilissi-

184 4955 399 5019 τῶσαι,
428 4954 662 5023 μάλιστα
690 4955 807 5008 νυνὶ
836 4956 1134 5027 παρέλκον,
1160 4957 1253 5010 καὶ
1282 4956 1638 5028 μικρολογίαν
1677 4958 1774 5011 οὑκ

1880 4960 2075 5027 mum),
2108 4957 2204 5013 sed
2264 4962 2422 5028 plane
2486 4960 2852 5026 contrarium,
2909 4962 3149 5017 voluisse
3194 4961 3450 5016 laudibus

184 5048 491 5116 ἐκφεύγεισ
521 5048 639 5102 ἀλλ’
664 5049 693 5102 ὅ
716 5066 781 5117 γε
808 5050 837 5102 6
857 5049 1187 5114 Δεσποτικὸς
1216 5050 1417 5114 σκοπὸς
1443 5050 1601 5120 δῆλός
1625 5051 1772 5103 ἐστιν

1877 5040 2169 5107 illustrare.
2204 5052 2362 5108 Certe
2384 5052 2850 5121 prreallegatarum
2884 5056 3299 5118 sententiarum,
3343 5072 3450 5110 una

181 5141 281 5203 εἰς
323 5141 544 5193 ἔπαινον
593 5140 838 5210 ἀφορῶν,
894 5143 991 5195 καλ⁵
1029 5142 1177 5210 μάλα
1225 5141 1471 5209 δικαίως,
1509 5141 1604 5195 τοῦ
1638 5142 1774 5213 Προ-

1880 5141 2221 5196 incommoda
2271 5151 2356 5196 est
2412 5141 2686 5206 fortassis,
2728 5145 2899 5197 altera
2933 5145 3188 5211 humilis;
3247 5162 3370 5199 nam
3404 5148 3450 5201 si

180 5231 410 5301 δρόμου
433 5247 446 5260 ·
478 5229 607 5301 ᾤκει
643 5233 742 5301 μὲν
791 5234 901 5304 γάρ
930 5234 959 5287 6
1009 5235 1183 5305 μέγας
1226 5234 1433 5297 ἐκεῖνος
1473 5233 1774 5304 ἄνθρωπος,

1878 5248 2179 5301 praeconem
2212 5234 2263 5286 in
2297 5234 2402 5286 ima
2431 5234 2687 5288 subsellia
2722 5235 3001 5304 rejeceris,
3031 5238 3177 5292 haud
3209 5238 3451 5293 tueberis

180 5324 344 5390 ὑπὲρ
390 5321 550 5375 θείων
600 5325 778 5395 νόμων
809 5326 869 5379 τὸ
918 5325 1294 5397 δεσμωτήριον
1324 5341 1336 5351 ·
1370 5324 1505 5378 ἀλλά
1542 5325 1647 5378 τῶν
1681 5326 1774 5393 μὲν

1877 5324 2151 5392 przedicati
2177 5323 2599 5389 sublimitatem;
2622 5332 2675 5378 et
2700 5340 2920 5379 servum
2944 5326 3294 5381 imminutum
3321 5330 3452 5383 dare

182 5413 414 5477 κακῶν,
453 5408 534 5478 οἷς
563 5417 841 5487 συνείχετο
878 5416 1170 5488 ὑπερεώρα
1194 5432 1208 5445 ⁸
1248 5418 1436 5471 ἐδεδίει
1459 5429 1480 5456 ε
1524 5417 1630 5487 ἄρα
1658 5419 1774 5487 οὐχὶ

1877 5415 2123 5485 inprimis
2151 5431 2618 5484 supervacaneum
2655 5426 2759 5482 est,
2792 5434 2890 5473 nec
2924 5436 3031 5473 non
3053 5422 3251 5490 abjecti
3282 5423 3449 5475 animi

176 5506 249 5558 τὸ
284 5504 467 5574 ξίφος,
510 5507 632 5563 οὐδὲ
663 5508 765 5581 τὴν
808 5510 1053 5581 σφαγήνο
1107 5509 1243 5564 ἀλλά
1280 5509 1378 5582 μὴ,
1415 5514 1506 5565 τὸν
1546 5511 1774 5565 θάνατον

1877 5507 2292 5563 existimabitur.
2361 5510 2571 5581 Scopus
2624 5510 2841 5566 Domini
2872 5513 3163 5569 manifeste
3208 5515 3452 5570 collimet

1473 5730 1704 5786 VABL-E
1740 5728 2134 5787 LECTIONES.

308 5899 333 5929 ³
358 5892 681 5962 ἀεκητικόν.
794 5906 817 5935 ι
841 5893 975 5952 Cod.
1020 5894 1163 5953 Mozt.
1206 5907 1351 5954 recte
1384 5897 1553 5949 ποιεῖν
1582 5894 1772 5951 ὲοέλει.
1885 5895 1911 5935 ὶ·
1942 5894 2001 5949 ε.
2048 5893 2112 5947 ται.
2145 5906 2285 5950 recte
2321 5897 2668 5965 ςιζηκοκρινεῖν.
2750 5908 2767 5933 τ
2798 5895 2861 5953 C.
2905 5896 2973 5952 Μ.
3008 5899 3132 5954 add.
3172 5898 3252 5952 δέ.
