4162 6442
756 400 892 461 1003

1895 404 2159 465 ΡΗΟΤΙΙ
2191 407 2696 468 ΡΑΤΒῘΑΒΟΗᾸΞ
2722 407 2829 468 CP.

3847 405 3988 470 1004

747 509 962 566 laudem
991 512 1351 569 Prmcursoris
1381 514 1504 585 (nec
1536 512 1857 584 immerito),
1877 518 2126 587 egregius
2162 518 2311 573 enim

2431 519 2784 589 inspxopevoc
2803 558 2820 584 ,
2851 517 3092 589 ὀλέθριον
3136 517 3312 587 δόγμα
3347 517 3689 572 ύπολείποιτο
3711 519 3796 589 τῷ
3844 521 3952 588 βίῳ
3971 536 3987 550 ·

754 607 840 661 ille
885 607 968 662 vir
994 623 1092 677 pro
1119 609 1236 679 lege
1281 620 1410 665 tunc
1450 611 1629 664 divina
1659 610 2036 666 incluilebatur
2065 613 2310 678 carceri;

756 703 893 755 mala
919 702 1120 772 quibus
1154 704 1524 771 stringebatur
1570 702 1708 757 intra
1747 718 1806 757 se
1839 705 2013 772 posita
2045 705 2311 770 ducebat;

755 808 856 847 nec
915 794 1187 848 metuebat
1243 795 1518 864 gladium,
1607 810 1714 848 non
1781 795 2144 859 occisionem;
2218 794 2313 848 sed

755 900 822 938 ne
877 901 1001 940 eum
1054 896 1281 940 mortem
1341 896 1653 956 superasset
1698 889 2066 957 perniciosum
2117 888 2317 955 dogma

755 976 1225 1032 subintroductmn
1250 979 1390 1047 apud
1414 979 1658 1033 homines
1687 978 1999 1047 deponeret,
2018 989 2071 1032 et
2100 978 2316 1033 Damini

755 1071 1025 1140 magnalia
1055 1086 1146 1140 per
1176 1071 1484 1126 socordiam
1512 1087 1687 1141 neque
1710 1072 1925 1142 quidem
1978 1071 2168 1127 leviter
2187 1071 2314 1124 vili-

753 1159 973 1225 ﬁcaret;
1009 1161 1224 1229 plurimi
1245 1163 1390 1215 enim
1411 1161 1901 1230 pmconcmipsum
1953 1162 2319 1229 praeconizato

758 1250 1019 1320 majorem
1055 1251 1495 1306 arbitrabantur:
1519 1267 1749 1322 quorum
1779 1268 1808 1306 e
1830 1268 2052 1306 numero
2073 1255 2229 1306 erant
2251 1268 2318 1307 ex

757 1341 876 1410 ejus
906 1343 1183 1412 discipulis
1213 1344 1407 1413 aliqui,
1446 1359 1541 1412 per
1595 1343 1942 1397 ambitionem
1979 1343 2081 1396 hoc
2128 1342 2320 1395 morbo

755 1433 1085 1498 laborantes,
1145 1435 1388 1503 magistri
1440 1434 1526 1488 sui
1570 1435 1936 1503 praestantiam
1967 1434 2032 1486 ad
2075 1434 2314 1502 ipsorum

2411 615 2504 667 καὶ
2533 613 2594 666 τὸ
2629 613 2724 666 τοῦ
2750 613 3022 666 Δεσπότου
3056 615 3366 682 μεγαλεῖον,
3399 611 3479 681 τῷ
3507 616 3630 668 καθ’
3660 617 3861 668 ἐαυτὸν
3895 618 3993 685 ρᾳ-

2414 705 2592 774 θύμῳ,
2624 705 2723 756 οὐκ
2749 705 2808 755 ἐν
2840 706 3057 774 μικροῖς
3082 705 3410 757 ταπεινώσει
3431 704 3459 744 ἀ
3482 721 3498 735 ο
3525 705 3708 756 πολλοὶ
3732 707 3847 773 γὰρ
3881 705 3994 772 μείς

2412 794 2543 858 ζονα
2570 793 2665 846 τοῦ
2711 795 3122 865 κηρυσσομένου
3177 798 3270 850 τὸν
3319 799 3538 867 κήρυκα
3568 800 3856 852 ὑπενόουν.
3903 798 3993 860 Ἐξ

2413 877 2488 937 ὧν
2537 901 2682 947 τινες
2729 886 2825 937 καὶ
2876 885 2982 937 τῶν
3032 885 3197 937 αὑτοῦ
3251 877 3506 954 μαθητῶν
3543 886 3646 938 ὑπὺ
3695 885 3993 952 φιλαυτίας

2412 973 2570 1026 τοῦτο
2618 974 2876 1043 ἔπασχον,
2923 975 3023 1044 τὴν
3076 975 3348 1045 ὑπεροχὴν
3390 975 3484 1028 τοῦ
3515 976 3850 1029 διδασκάλου
3917 977 3997 1032 εἰς

2417 1063 2640 1132 αῠξησιν
2694 1065 2902 1126 οίκείας
2950 1065 3323 1135 ἐπισπώμενοι
3374 1066 3554 1135 δόξης.
3605 1067 3795 1136 ’Δπερ
3851 1065 3996 1131 ὀρῶν

2418 1158 2656 1218 ἐκεῖνος,
2693 1154 2812 1218 ὅλος
2859 1154 3150 1223 ἐφλέγετο,
3200 1157 3297 1209 καὶ
3343 1157 3442 1225 τὴν
3491 1158 3737 1226 πονηρὰν
3787 1156 3995 1222 ταύτην

2419 1245 2672 1297 ὑπόνοιαν
2711 1245 2853 1298 ὥστε
2906 1245 3150 1298 καθελεῖν
3170 1287 3186 1310 ,
3219 1247 3397 1300 πάντα
3431 1248 3702 1316 ἔπραττεο
3736 1247 3836 1300 καὶ
3868 1244 3996 1296 πολ-

2417 1337 2574 1399 λάκις
2606 1335 2706 1406 μὲν
2724 1336 2850 1397 τοὺς
2875 1335 3124 1405 μαθητὰς
3146 1337 3378 1404 ἀπάγειν
3403 1338 3702 1408 ἐπεχείρει,
3725 1336 3995 1395 ποικίλοις

2423 1431 2622 1497 λόγοις,
2663 1442 2686 1468 ο
2714 1431 2813 1499 τῆς
2845 1431 3166 1500 ὑπολήψεως
3185 1447 3199 1461 ο
3235 1433 3357 1484 ἐπεὶ
3384 1432 3442 1484 δὲ
3469 1433 3596 1494 τοὺς
3623 1433 3822 1498 λόγους

760 1526 1034 1594 propriam
1065 1526 1519 1580 existimationem
1546 1524 1845 1594 augendam
1872 1526 2165 1578 trahentes.
2202 1522 2318 1576 lloc

2431 1522 2522 1588 τῆς
2545 1519 2765 1572 ἐκείνων
2804 1519 3031 1589 γνώμης
3059 1519 3423 1587 ἡττωμένους,
3457 1522 3552 1572 καὶ
3579 1521 3650 1572 τὰ
3694 1519 3799 1586 τῆς
3844 1518 3996 1585 φιλο-

759 1627 881 1668 cum
908 1615 994 1668 ille
1024 1615 1346 1678 adverteret,
1385 1613 1660 1678 urebatur,
1693 1623 1746 1667 ct
1773 1622 1830 1666 ut
1857 1613 2156 1681 improbam
2178 1612 2318 1665 hanc

2431 1611 2630 1672 νεικίας
2678 1611 3148 1679 ἐπικρατέστερα,
3213 1610 3300 1660 ἐπ’
3339 1609 3507 1678 ἄλλην
3550 1611 3660 1663 ίδεν
3707 1609 3869 1670 ὁδὸν,
3906 1607 3998 1658 καὶ

758 1708 1007 1762 evelleret
1031 1709 1364 1776 opinionem,
1403 1707 1483 1760 nil
1530 1721 1636 1761 non
1663 1707 1920 1771 tentavit;
1969 1722 2110 1776 saepe
2142 1706 2322 1761 varios

2431 1703 2524 1773 τὴν
2549 1701 2615 1754 δι’
2643 1701 2904 1769 αὐτοψίας
2927 1699 3100 1752 πειθὼ
3121 1701 3418 1771 προσάγειν
3440 1701 3640 1762 -αύτοῐς
3674 1698 3995 1768 ἐμελέτησε.

760 1801 1039 1858 miscendo
1073 1814 1356 1856 sermones
1387 1799 1683 1868 discipulos
1717 1799 1839 1853 inde
1880 1800 2145 1855 abducere
2211 1796 2514 1860 nitebatur;
2574 1808 2714 1862 quos
2769 1807 2892 1847 cum
2953 1792 3156 1847 videret
3205 1794 3348 1847 haud
3378 1791 3725 1857 sufﬁcienter,
3757 1805 3996 1845 movere.

759 1895 888 1966 quin
929 1895 1104 1963 potius
1152 1901 1211 1946 ut
1251 1892 1432 1946 acrius
1460 1900 1732 1946 certamen
1755 1891 1970 1956 inirent,
2003 1894 2164 1947 aliam
2219 1891 2374 1944 iuivit
2435 1886 2721 1950 rationem,
2796 1893 2851 1939 ct
2909 1886 2976 1939 ab
3035 1885 3153 1955 ipso
3205 1886 3488 1940 oculorum
3537 1885 3740 1939 intuitu
3788 1882 4000 1953 cogita-

761 1986 838 2039 vit
860 1987 914 2041 id
940 1987 1007 2040 iis
1040 1984 1385 2054 persuadere.

831 2076 962 2131 Vide
997 2077 1126 2129 mihi
1173 2077 1250 2130 sis
1278 2084 1459 2128 autem
1503 2090 1665 2144 quam
1697 2074 1988 2144 prudenter
2007 2076 2107 2129 hoc
2133 2082 2328 2129 tractat

2499 2075 2610 2128 Kal.
2634 2075 2734 2145 ὅρα
2773 2074 2924 2136 ὅπως
2953 2071 3238 2143 ἐμφρόνως
3269 2065 3705 2138 μεταχειρίζεται
3736 2064 3839 2134 τὴν
3869 2063 4001 2117 ὑπό-

761 2175 1159 2237 argumentuin.
1194 2164 1348 2218 Mittit
1372 2165 1669 2234 discipulos
1709 2166 1776 2218 ad
1805 2180 1927 2218 eum
1965 2166 2121 2235 cujus
2149 2180 2320 2219 :nmu-

2431 2169 2593 2222 θεσιν.
2651 2169 2864 2236 Πέμπει
2907 2168 3034 2228 τοὺς
3091 2163 3341 2234 μαθητὰς
3376 2162 3510 2230 πρὸς
3542 2160 3635 2211 τὸν
3681 2159 3777 2210 ὑπ’
3819 2157 4001 2211 αὐτῶν

761 2259 960 2311 latione
1009 2257 1379 2326 capiebantur,
1424 2264 1479 2310 et
1532 2255 1846 2326 quaestionis
1898 2255 2126 2309 formam
2182 2269 2320 2325 pra!-

2431 2258 2914 2329 ζηλοτυπούμενον,
2973 2258 3066 2308 καὶ
3113 2254 3298 2323 σχῆμα
3329 2251 3453 2313 δοὺς
3483 2250 3843 2320 ἐρωτήσεως,
3903 2248 4005 2315 τὴν

762 2349 1048 2404 scribendo
1107 2349 1156 2401 id
1201 2349 1331 2418 agit,
1383 2356 1444 2402 ut
1489 2363 1584 2416 per
1636 2363 1698 2402 ea
1729 2363 1849 2417 quae
1879 2347 2053 2403 Oculis
2092 2363 2322 2417 usurpa-

2431 2352 2632 2406 ἑαυτῶν
2663 2349 3091 2420 παρασκευάζει,
3117 2347 3207 2400 διὰ
3238 2346 3348 2398 τῶν
3371 2343 3786 2412 όφθησομένων,
3825 2358 4004 2410 σωτηο

761 2439 892 2492 bant
919 2439 1146 2494 salutem
1181 2439 1422 2508 ipsorum
1455 2449 1790 2507 procuraret,
1853 2448 2014 2506 atque
2045 2455 2198 2493 error
2234 2438 2324 2493 ille

2431 2445 2544 2515 ρίαν
2573 2443 3001 2513 καρπώσασθαι,
3038 2440 3133 2492 καὶ
3167 2439 3269 2508 τὴν
3292 2436 3565 2507 προτέραν
3595 2434 3811 2501 πλάνην
3844 2435 3905 2485 ἐν
3936 2435 3999 2499 τῇ

763 2529 1042 2599 antiquior
1097 2544 1194 2598 per
1238 2529 1629 2598 discipulorum
1680 2529 2113 2583 emendationem
2154 2530 2321 2584 etiam

2431 2537 2527 2590 τῶν
2580 2533 2837 2606 μαθητῶν
2874 2532 3182 2601 διορθώσει,
3213 2529 3309 2583 καὶ
3342 2530 3454 2591 τοῖς
3479 2527 3662 2588 ἄλλοις
3695 2523 4004 2578 Evam-

763 2627 905 2692 apud
935 2624 1072 2678 alios
1109 2631 1475 2686 excuteretur,
1512 2633 1566 2677 et
1593 2622 1646 2676 iu
1683 2633 1795 2677 toto
1816 2623 2115 2688 dilllueret;
2142 2623 2323 2693 itaque

2431 2629 2615 2698 σθῆναι
2661 2627 2752 2681 καὶ
2783 2625 3105 2697 διαρρυῆναι
3154 2621 3337 2675 τέλεον
3363 2637 3376 2650 ’
3422 2618 3621 2672 αὐτίκα
3660 2616 3772 2685 γὰρ
3817 2633 4002 2682 παρα-

767 2714 855 2768 ubi
895 2716 1224 2768 advenerant
1264 2714 1334 2783 (is
1374 2714 1466 2782 qui
1522 2713 1776 2782 Baptistae
1833 2714 2133 2770 immiserat
2171 2715 2323 2785 cogi-

2431 2719 2745 2787 γεγονότων,
2774 2720 2983 2789 ῥήμασι
3020 2715 3118 2784 μὲν
3148 2713 3287 2775 τέως
3313 2715 3342 2765 6
3369 2711 3560 2779 Σωτὴρ
3616 2708 3666 2767 (ὁ
3695 2708 3797 2760 καὶ
3825 2705 4002 2760 ταῦτα

765 2806 1019 2860 tationem
1046 2806 1187 2859 illam
1213 2804 1255 2876 ),
1277 2805 1457 2860 verbis
1496 2805 1563 2858 ad
1593 2805 1814 2873 qumsita
1848 2806 1976 2859 nihil
2005 2808 2322 2875 respondet;

2431 2812 2502 2882 τῷ
2531 2812 2810 2881 Βαπτιστῇ
2836 2807 3148 2880 χαριτώσας
3176 2803 3515 2873 λογίσασθαι)
3547 2800 3700 2854 οὐδὲν
3724 2800 3870 2870 πρὸς
3903 2799 4004 2866 τὴν

765 2897 966 2950 sciebat
991 2896 1132 2950 enim
1171 2906 1223 2951 et
1251 2911 1565 2966 persuasum
1610 2896 1860 2958 habebat,
1909 2912 2030 2949 eum
2081 2897 2175 2965 qui
2232 2913 2328 2966 per

2431 2903 2694 2974 ἐρώτησιν
2718 2901 3071 2969 ἀποκρίνεται
3092 2915 3106 2928 ·
3150 2896 3264 2968 ᾔδει
3292 2896 3424 2964 γὰρ,
3460 2893 3577 2964 ⁴ᾔδει
3610 2892 3702 2944 τὸν
3740 2891 3803 2957 ἐξ
3830 2891 4005 2956 αὐτῆς

765 2985 1183 3038 exsultationem
1217 2985 1267 3037 in
1305 2993 1460 3038 utero
1490 2995 1755 3049 materno,
1781 2987 1872 3052 qui
1903 3002 1996 3056 per
2021 2995 2326 3040 maternam

2431 2998 2643 3066 μήτρας
2675 3036 2690 3059 ,
2751 2994 3088 3062 σκιρτήμασι
3143 2989 3238 3042 καὶ
3287 2985 3516 3058 μητρῴςι
3565 2984 3790 3056 γλώσσῃ
3840 2983 4007 3035 αὐτόν

769 3075 1002 3146 linguam
1061 3077 1236 3144 ipsum
1302 3075 1726 3144 prazdicaverat,
1801 3093 2012 3131 necnon
2080 3079 2327 3146 plurimis

2431 3086 2868 3160 προκηρύξαντα,
2908 3083 3002 3138 καὶ
3033 3082 3255 3152 μυρίαις
3287 3081 3439 3142 ὅσαις
3475 3078 3614 3149 μετὰ
3653 3076 3830 3131 ταῦτα
3863 3075 4005 3143 λαμ-

767 3164 1023 3234 deinceps
1060 3166 1444 3220 illustrissimis
1477 3164 1804 3220 testimoniis
1843 3176 1895 3219 et
1928 3167 2124 3222 divinis
2150 3183 2327 3222 enun-

771 3255 1090 3308 tiationibus
1120 3254 1260 3308 idem
1289 3255 1630 3323 praestiterat,
1661 3256 1808 3309 nulla
1841 3257 2078 3325 indigere
2104 3258 2332 3313 ulterius

771 3345 839 3399 de
863 3359 921 3399 se
951 3344 1228 3410 dor-trina;
1297 3345 1367 3399 ita
1408 3345 1576 3415 signis
1613 3354 1667 3400 et
1728 3348 1986 3417 prodigiis
2019 3350 2328 3418 opinionem

769 3438 1178 3499 excedentibus,
1209 3439 1580 3493 inconcreium
1617 3455 1729 3494 suae
1775 3443 2013 3512 suggerit
2069 3443 2330 3507 Deitatis;

770 3531 863 3598 qui
913 3543 1006 3584 eos
1073 3530 1320 3584 mittebat
1372 3530 1424 3583 id
1486 3532 1899 3586 machinabatur
1952 3543 2004 3586 ut
2036 3549 2332 3603 suspensos

771 3619 1022 3673 redde-et
1066 3633 1096 3673 a
1143 3621 1465 3684 miraculis,
1557 3637 1694 3690 quos
1747 3625 1965 3677 demum
2030 3626 2334 3694 morigeros

771 3708 1088 3777 pmceptori
1134 3708 1327 3774 laetos,
1377 3719 1432 3764 et
1461 3711 1760 3766 divinitatis
1797 3729 1910 3767 suae
1945 3731 2220 3784 prazcones
2249 3732 2334 3770 re-

772 3799 936 3854 mittit
975 3801 1245 3856 Christus.
1299 3802 1585 3856 Enimvero
1610 3803 1846 3873 Baptista
1873 3821 1995 3861 cum
2026 3808 2127 3862 hoc
2171 3810 2334 3864 modo

773 3891 1054 3961 discipulis
1107 3906 1352 3947 errorem
1413 3894 1722 3952 exemisset.
1757 3911 1851 3961 per
1909 3897 2127 3952 eosdem
2167 3899 2332 3952 etiam

774 3991 998 4037 caeteros
1037 3999 1245 4050 omnes,
1299 3987 1395 4039 viae
1427 3988 1534 4040 dux
1575 3987 1640 4039 ad
1671 4003 2012 4044 communem
2045 3987 2334 4045 Dominum

773 4088 832 4127 se
863 4073 1156 4130 transferre
1178 4075 1324 4131 fecit.
1349 4076 1488 4142 Quin
1519 4086 1573 4131 et
1595 4077 1865 4141 Servator,
1895 4093 2018 4133 cum
2059 4081 2335 4137 auditores

771 4179 901 4220 suos
939 4166 1005 4220 ad
1039 4167 1389 4222 imitationem
1425 4169 1752 4237 reliquarum
1794 4171 1897 4224 viri
1937 4171 2202 4226 virtutum
2251 4173 2334 4226 in-

771 4257 1019 4322 duxerat,
1071 4269 1280 4314 tantum
1335 4261 1504 4329 ipsius
1556 4271 1718 4329 atque
1773 4263 1880 4317 tale
1939 4265 2179 4320 studium
2216 4280 2336 4319 am-

771 4351 1040 4421 plexatus,
1108 4355 1522 4422 propensionem
1575 4357 1743 4410 animi
1777 4356 2072 4413 Dominicis
2116 4358 2233 4413 suis
2281 4368 2338 4414 et

2432 3180 2592 3248 πραῖς
2633 3177 2958 3247 μαρτυρίαις
2985 3173 3080 3226 καὶ
3110 3170 3466 3242 θεοπρεπέσιν
3496 3169 3862 3238 ἀναρρήσεσι,
3901 3183 4008 3234 μη.

2430 3270 2620 3338 δεμιᾶς
2652 3266 2860 3320 δεῖσθαι
2906 3265 3034 3334 περὶ
3076 3262 3241 3316 αὐτοῦ
3294 3261 3618 3331 μαθήσεως·
3654 3256 3912 3326 σημείοις
3952 3255 4007 3307 δὲ

2432 3359 2755 3430 παραδόξοις
2794 3358 2890 3411 καὶ
2927 3360 3118 3427 τέρασι
3145 3355 3207 3408 τὸ
3249 3355 3577 3424 ἀσύγκριτον
3620 3349 3792 3404 αὑτοῦ
3828 3365 4008 3417 παρα-

2435 3455 2636 3522 στήσας
2658 3452 2753 3519 τῆς
2796 3449 3048 3519 θεότητος
3076 3446 3254 3518 (τοῦτο
3276 3445 3385 3516 γὰρ
3409 3446 3437 3497 6
3462 3443 3684 3514 πέμψας
3712 3443 4010 3511 ἐπραγμα-

2433 3544 2668 3613 τεύετο),
2729 3543 2787 3609 ἐξ
2816 3541 2996 3596 αὐτῶν
3052 3539 3318 3610 ὀμμάτων
3369 3537 3495 3598 τοὺς
3549 3533 3852 3595 σταλέντας
3899 3534 4012 3593 τοῖς

2435 3636 2705 3707 θαύμασιν
2761 3633 3138 3704 ἀνηρτήσατο,
3199 3629 3294 3683 καὶ
3349 3628 3535 3681 λοιπὸν
3597 3624 3882 3687 εὐπειθεῖς
3933 3623 4011 3693 τῷ

2434 3724 2758 3794 διδασκάλῳ,
2801 3723 2897 3776 καὶ
2935 3723 3034 3792 τῆς
3078 3720 3243 3774 αὐτοῦ
3284 3718 3534 3789 θεότητος
3565 3716 3887 3787 ἀναπέμπει
3914 3717 4012 3782 κή-

2439 3833 2626 3886 ρυκας.
2669 3814 2809 3867 Ἀλλ’
2850 3813 2879 3864 6
2915 3812 3013 3883 μέν
3044 3811 3379 3880 Βαπτιστὴς,
3409 3806 3552 3861 οὕτω
3583 3807 3712 3870 τοὺς
3762 3807 4012 3876 μαθητὰς

2439 3905 2705 3978 μεθιστῶν
2757 3904 2857 3973 τῆς
2906 3901 3135 3970 πλάνης,
3182 3900 3278 3953 καὶ
3313 3898 3382 3952 δι’
3410 3896 3590 3951 αὐτῶν
3628 3896 3761 3959 τοὺς
3819 3895 4011 3956 ἄλλους

2436 3997 2756 4068 ἀνθρώπους
2805 3993 2884 4065 τῷ
2929 3990 3095 4061 κοινῷ
3141 3989 3512 4062 προσδραμεῖν
3559 3987 3853 4056 ἐμεθόδευε
3917 3988 4014 4036 Az—

2439 4091 2631 4157 σπότῃ.
2677 4084 2733 4137 Ὀ
2784 4083 2840 4136 δέ
2886 4099 2950 4150 γε
2985 4079 3196 4150 Σωτὴρ,
3236 4079 3337 4148 τῆς
3377 4094 3438 4130 τε
3467 4076 3633 4146 ἄλλης
3665 4077 3872 4146 ἀρετῆς
3917 4072 4012 4127 τοῦ

2438 4178 2627 4249 ἀνδρὸς
2656 4179 2734 4239 είς
2760 4175 2920 4245 ζῆλον
2946 4173 3074 4233 τοὺς
3103 4169 3380 4241 ἀκροατὰς
3406 4167 3751 4240 προτρέπων,
3784 4170 3882 4221 καὶ
3915 4168 4014 4235 τῆς

2437 4266 2765 4338 τηλικαύτης
2803 4264 2965 4317 αὐτὸν
2989 4262 3084 4316 καὶ
3111 4259 3380 4328 τοσαύτης
3409 4257 3814 4326 ἀποδεχόμενος
3849 4273 4014 4309 σπου-

2437 4360 2533 4429 δῆς
2577 4357 2668 4411 καὶ
2707 4352 3031 4427 προθυμίας,
3065 4351 3414 4413 Δεσποτικοῖς
3441 4349 3536 4403 καὶ
3577 4348 3817 4410 δικαίοις
3858 4345 4015 4417 ἀμείο

774 4445 983 4498 meritis
1025 4455 1334 4499 remunerat
1367 4447 1630 4500 encomiis
1657 4465 1671 4512 ;
1698 4464 1871 4516 neque
1895 4449 2038 4503 enim
2078 4451 2330 4503 commit-

2440 4451 2591 4504 6εται
2614 4447 2928 4516 ἐγκωμίοις
2954 4444 3076 4497 οὐδὲ
3095 4442 3229 4514 γὰρ,
3245 4441 3355 4495 οὐδ’
3375 4439 3622 4510 ⁴ἠνέσχετ’
3645 4437 3736 4502 ἂν,
3762 4439 3794 4491 6
3814 4440 4017 4508 προῖκα

773 4543 884 4587 tere
909 4534 1123 4588 volebat
1161 4535 1206 4590 is
1231 4536 1319 4604 qui
1340 4537 1509 4606 gratis
1539 4537 1792 4592 omnibus
1822 4540 2138 4594 universum
2171 4542 2336 4598 bene-

772 4624 947 4678 factor
974 4625 1202 4689 exstitit,
1237 4636 1296 4679 ut
1325 4627 1712 4681 inhonoratum
1742 4626 2036 4696 Baptistam
2064 4631 2241 4685 solum
2268 4648 2333 4688 ex

772 4715 1030 4770 omnibus
1095 4717 1412 4781 dimitteret,
1484 4733 1584 4788 pro
1638 4734 1823 4773 amore
1895 4720 2234 4790 praal'undato
2281 4733 2336 4779 ct

771 4804 966 4860 affectu
1000 4810 1174 4874 usque
1214 4807 1278 4862 ad
1310 4817 1539 4862 mortem
1571 4806 1902 4863 inﬂammato
1956 4826 1969 4862 :
2032 4821 2196 4881 atque
2229 4812 2332 4867 ista

773 4895 896 4962 fuit,
937 4898 1152 4966 opinor,
1189 4899 1436 4968 princeps
1459 4899 1714 4955 laudandi
1745 4900 1894 4954 illum
1931 4917 2117 4957 causa.
2147 4901 2330 4957 Nihilo

769 4986 995 5042 inferior
1030 4999 1115 5042 est
1154 4989 1287 5044 hac.
1352 4991 1801 5060 Quandoquidem
1834 4992 1995 5054 illud,
2042 5013 2059 5045 ι
2094 4995 2246 5048 Tune
2285 4995 2332 5050 is

768 5079 861 5148 qui
891 5089 1152 5134 venturus
1181 5097 1239 5135 es
1261 5122 1275 5146 ,
1317 5100 1334 5132 ι
1395 5092 1526 5144 ete.,
1576 5083 1646 5136 ob
1684 5083 1911 5136 salutem
1943 5083 2331 5154 discipulorum

771 5170 1170 5239 procurandam
1207 5172 1604 5240 interrogabat;
1659 5172 2094 5243 interrogationis
2149 5184 2329 5228 autem

772 5262 945 5327 prima
969 5262 1139 5317 iacies
1159 5264 1228 5318 ab
1249 5265 1554 5332 ignorantia
1578 5264 1877 5334 Baptistam
1903 5267 2006 5320 hoc
2027 5267 2331 5328 siscitatum

771 5354 939 5409 fuisse
976 5358 1216 5423 suggerit
1260 5358 1327 5411 iis
1391 5358 1483 5426 qui
1550 5359 1866 5428 prudentem
1900 5369 1953 5413 et
1982 5361 2333 5415 artificiosam

769 5447 1124 5512 quaestionem
1152 5447 1294 5502 haud
1329 5447 1594 5504 intentius
1631 5449 2044 5520 ponderaverint
2086 5469 2100 5504 :
2147 5463 2206 5506 ut
2243 5454 2312 5506 ab

2437 4545 2572 4596 πᾶσι
2599 4543 2691 4594 καὶ
2721 4540 2897 4601 κοινὸς
2920 4536 3109 4606 φανεὶς
3139 4533 3461 4604 εὐεργέτης,
3494 4532 3592 4601 τῆς
3623 4529 4015 4602 προκατασλη-

2436 4636 2620 4703 θείσης
2675 4631 2944 4702 στοργῆς,
2992 4628 3089 4682 καὶ
3138 4625 3232 4679 τοῦ
3292 4624 3454 4695 μέχρι
3488 4623 3706 4692 σφαγῆς
3745 4620 4014 4688 διαπύρου

2443 4725 2632 4788 πόθου,
2668 4723 2968 4792 ἀγέραστον
2997 4719 3156 4790 μόνον
3198 4716 3290 4770 τὸν
3313 4714 3621 4784 Βαπτιστὴν
3657 4714 4013 4783 ἀποπέμψαι.

2445 4816 2584 4870 Ἀλλ’
2617 4815 2754 4882 αῦτη
2785 4813 2905 4882 μὲν,
2929 4807 3104 4880 οἶμαι,
3136 4809 3247 4862 τῶν
3272 4807 3509 4861 ἐπαίνων
3536 4807 3570 4876 ή
3593 4805 3792 4877 πρώτη
3820 4804 3974 4858 αἰτία
3996 4817 4011 4832 ⁸

2438 4909 2589 4961 οὐδὲν
2616 4907 2673 4960 δὲ
2713 4904 2916 4974 ταύτης
2945 4902 3182 4955 ἐλάττων
3221 4900 3316 4954 καὶ
3361 4897 3521 4968 αὕτη.
3565 4896 3723 4950 Ἐπεὶ
3768 4895 3877 4964 γὰρ
3930 4897 4012 4958 τό,

2447 5021 2465 5051 ι
2502 5001 2573 5052 Σὺ
2604 4994 2652 5052 εἶ
2684 5000 2712 5052 ό
2734 4997 3044 5068 ἐρχόμενος,
3075 4993 3317 5065 ἢέτερον
3338 4990 3758 5064 προσδοκῶμεν;
3795 5008 3815 5040 ι
3846 4989 3878 5040 6
3919 4988 4015 5057 μὲν

2441 5093 2533 5143 ἐπὶ
2565 5093 2630 5161 τῇ
2667 5090 2775 5142 τῶν
2807 5086 3067 5158 μαθητῶν
3095 5085 3337 5156 διηρώτα
3378 5082 3639 5154 σωτηρίᾳ.
3671 5079 3747 5133 T6
3792 5081 3848 5132 δὲ
3882 5080 4018 5147 πρό·

2440 5200 2620 5253 χειρον
2663 5181 2763 5251 τῆς
2796 5179 3138 5250 ἐρωτήσεως,
3164 5178 3277 5238 τοῖς
3326 5175 3401 5246 μὴ
3433 5173 3571 5245 πρὸς
3604 5171 3669 5224 τὸ
3701 5170 4016 5241 εὐμήχανον

2441 5276 2534 5327 καὶ
2593 5271 2755 5338 σοφὸν
2823 5270 2915 5323 τοῦ
2975 5267 3354 5340 ἐρωτήσαντος
3416 5264 3804 5319 διακύπτουσιν
3830 5261 3851 5300 ί
3873 5303 3890 5323 ,
3961 5261 4015 5322 ἐξ

2439 5363 2660 5432 ἀγνοίας
2691 5361 2847 5415 τοῦτο
2880 5357 3148 5414 πυθέσθαι
3187 5354 3624 5430 τδνΩΒαπτιστὴν
3648 5351 3976 5406 ὑποτίθεται
3997 5361 4012 5375 ·

2453 5455 2538 5506 ἴνα
2589 5453 2684 5506 καὶ
2729 5451 2930 5522 ταύτης
2965 5449 3130 5504 αὐτὸν
3169 5451 3268 5520 τῆς
3310 5446 3543 5516 ὑποψίας
3585 5445 3650 5498 ἐκ
3694 5440 4014 5514 περιουσίας

2029 5613 2259 5669 Vitille
2314 5612 2713 5670 LECTIONES.

995 5739 1063 5793 Μ.
1099 5744 1297 5824 rectius
1335 5748 1708 5802 τατεινώτειε.
1799 5761 1820 5788 ⁸
1849 5750 1928 5802 Ic.
1959 5750 2081 5826 (yid.
2109 5750 2304 5819 ταύτης
2333 5771 2340 5779 ·
2371 5750 2462 5806 sed
2515 5748 2666 5804 dces;
2706 5729 2870 5803 ριίᾶιιι
2907 5745 2961 5801 in
3001 5744 3144 5801 διοιι,
3227 5743 3332 5799 τί),
3369 5739 3799 5811 λιδιακύψουσι,
3895 5739 3922 5778 ι
3949 5736 4008 5792 ε,

772 5806 839 5862 Μ.
873 5812 952 5876 ἐξ·
991 5815 1266 5880 πιφαῖνετο.
