4162 6442
158 448 302 514 1005

1067 446 1169 508 AD
1210 445 1799 511 AMPHILOCHIUM
1829 449 2174 523 QUESTIO
2202 451 2478 514 CCXX-ll.

3268 449 3403 519 1006

156 560 503 635 ἐλευθερώσῃ
535 561 791 633 (μεγίστη
824 560 954 631 γάρ,
976 561 1052 624 ὡς
1073 561 1312 631 άληθῶς,
1347 562 1585 632 κήρυκος
1610 561 1724 616 δια-

1849 574 1926 619 sta
1995 565 2085 620 illa
2138 565 2451 636 suspicione
2513 565 2658 621 velut
2730 581 2793 622 ex
2850 558 3149 623 abundanti
3204 567 3399 624 liberet

156 652 294 724 ϐολὴ
324 652 420 705 καὶ
465 650 770 721 κατηγορία
789 690 806 715 ,
855 648 949 703 τοῦ
986 650 1397 721 κηρυσσομένου
1427 653 1459 720 ή
1491 651 1714 719 άγνοία,

156 741 256 794 ἐπὶ
316 741 443 803 τούς
491 742 745 805 ἐπαίνους
786 742 1039 812 ἔρχεταιο
1079 741 1175 794 καὶ
1226 741 1469 794 πλείοσιν
1522 742 1718 803 αὐτοὺς

1820 658 1979 721 (nam
2012 665 2162 711 certe
2196 655 2249 710 in
2288 672 2563 711 summum
2619 657 2887 727 praeconis
2947 659 3187 715 dedecus
3232 660 3400 721 cedit,

1823 747 1889 801 de
1932 746 2186 817 ignorato
2222 749 2553 818 praeconiato
2598 748 2744 818 juste
2773 750 3046 820 accusari)
3098 752 3166 806 ad

3252 751 3405 804 illum

158 832 439 899 ἐξυφαίνει
483 833 703 903 τρόποις
736 842 785 887 ι.
837 834 1073 886 ΙἈτοπον
1126 832 1254 901 γάρ,
1293 833 1368 895 ὡς
1407 832 1642 903 άληθῶς,
1674 834 1724 886 εί

1849 839 2162 893 audandum
2216 839 2529 905 descendit;
2578 856 2741 909 quam
2806 842 3171 902 laudationem
3219 843 3406 896 multis

157 922 233 974 δι’
274 918 349 978 ὧν
391 923 562 986 ἄλλως
606 923 1029 993 προσεκέρδανεν
1072 923 1138 976 ἂν
1177 924 1207 976 6
1248 923 1589 994 Βαπτιστής,
1634 925 1729 976 καὶ

1849 928 2010 984 nodis
2038 929 2297 982 contexit.
2358 928 2501 983 Sane
2538 945 2727 999 parum
2762 929 2955 986 inisset
2973 946 3298 1000 congruum,
3345 941 3405 985 ut

160 1021 266 1085 τῆς
325 1017 596 1086 προτέρας
653 1016 963 1069 διεκπίπτοι
1002 1014 1179 1083 δόξης.
1236 1015 1327 1067 Διδ
1374 1008 1594 1085 ’πρῶτον
1632 1014 1732 1083 μὲν

1849 1018 2077 1088 Baptista
2110 1021 2382 1075 excideret
2414 1036 2443 1074 e
2481 1021 2798 1089 pmccdonti
2831 1022 3023 1090 gloria,
3046 1038 3140 1092 per
3157 1022 3248 1077 illa
3283 1022 3399 1092 ipsa

165 1109 393 1161 ἔπαινον
430 1110 695 1177 προσάγει
715 1106 764 1167 δ,
795 1106 892 1161 ἀπ’
946 1105 1114 1173 αὐτῆς
1152 1106 1366 1175 ἐκείνης
1396 1105 1503 1158 τῶν
1529 1105 1735 1175 ἀκροα-

164 1198 279 1249 τῶν
310 1198 407 1265 τῆς
428 1197 611 1267 ψήφου
632 1213 647 1228 ο
674 1196 859 1266 τρίτον
881 1194 992 1249 ἀπὸ
1014 1197 1111 1263 τῆς
1140 1194 1250 1247 τῶν
1275 1193 1569 1264 προφητῶν
1601 1211 1738 1263 μαρ-

167 1290 365 1355 τυρίας
394 1288 488 1340 καὶ
524 1289 902 1356 προρρήσεως·
932 1286 1044 1339 τῶν
1071 1285 1129 1339 δέ
1172 1285 1370 1338 λοιπῶν
1398 1285 1512 1349 δύο,
1554 1286 1764 1339 ἐκάτε-·

173 1394 272 1447 ρον
307 1379 371 1430 ἐκ
402 1377 500 1446 τῆς
531 1377 664 1438 ἰδίας
690 1376 784 1429 καὶ
810 1377 1148 1444 Δεσποτικῆς
1178 1375 1509 1446 ἐπικρίσεως
1528 1391 1543 1406 ο
1570 1375 1686 1428 ἀλλ’
1716 1377 1745 1428 6

175 1469 283 1537 μέν
323 1468 572 1538 δεύτερος
594 1468 813 1536 τρόπος,
845 1469 909 1520 ἐκ
931 1465 1027 1520 τοῦ
1056 1467 1242 1529 εὐθέος
1289 1466 1440 1534 λέγει
1468 1466 1561 1519 τὸν
1595 1465 1750 1518 ἐπαι-

172 1576 269 1612 νον
292 1575 307 1591 ο
333 1560 364 1613 6
403 1558 461 1611 δέ
503 1559 782 1626 τέταρτος,
820 1558 886 1611 ἐκ
911 1557 1006 1611 τοῦ
1040 1556 1579 1627 παρακολουθοῦντος
1622 1558 1747 1610 ἀτο-

175 1653 450 1720 πήματος,
482 1652 594 1714 τοῖς
621 1650 680 1717 ἐξ
711 1650 932 1718 ἀγνοίας
972 1649 1298 1718 ὐπειληφόσι
1324 1649 1414 1701 τὸν
1442 1647 1753 1717 Βαπτιστὴν

178 1743 571 1811 προσενεγκεῖν
597 1742 695 1810 τὴν
721 1741 1007 1811 ἐρώτησιν,
1032 1740 1313 1794 διαπλέκει
1347 1739 1408 1793 τὸ
1452 1738 1750 1809 ἐγκώμιον.

187 1834 252 1886 '0
280 1834 377 1903 μὲν
397 1829 491 1888 οὖν
521 1832 732 1903 πρῶτος
758 1833 855 1886 καὶ
882 1834 913 1886 6
944 1831 1203 1902 τέταρτος
1226 1830 1335 1883 τῶν
1367 1830 1604 1884 ἐπαίνων
1629 1830 1752 1900 τρόο

179 1893 307 1988 ποςυ,
332 1924 390 1990 ἐξ
411 1893 741 1993 ἀναιρέσεως
769 1893 1150 1993 ὐφαινόμενός,
1179 1893 1289 1976 τῶν
1319 1921 1629 1992 μηδαμόθεν
1656 1893 1753 1991 μέν
1780 1893 1827 1952 Β

175 2016 261 2086 τῷ
292 2016 567 2085 Βαπτιστῇ
632 2016 1052 2085 προσηκόντων.
1088 2012 1352 2085 μάτην,δέ
1400 2012 1563 2075 ἐνίοις
1592 2012 1753 2064 ὐπει-

177 2108 496 2179 λημμένων,
519 2109 641 2160 κατ’
672 2107 938 2178 ἐρώτησίν
964 2122 1024 2159 τε
1052 2104 1469 2175 σχηματίζεται,
1493 2104 1698 2156 καὶτὸν
1732 2104 1749 2145 ί

178 2200 426 2253 ἐναντίον
473 2201 697 2252 ἀπαιτεῖ
742 2198 839 2251 καὶ
872 2197 1115 2251 διδάσκει
1154 2198 1255 2265 τῆς
1298 2195 1653 2266 ἐρωτήσεως’
1702 2194 1755 2247 οἱ

174 2289 238 2341 δὲ
271 2289 446 2358 μίσοι,
478 2288 567 2341 ἐπ’
592 2287 807 2351 εὐθείας
838 2305 897 2341 τε
921 2287 1021 2356 τὴν
1044 2285 1341 2355 εὐφημίαν,
1374 2285 1469 2338 καὶ
1499 2286 1596 2338 σὺν
1622 2286 1757 2337 ἁπο-

174 2379 368 2446 φάσει,
396 2380 805 2450 ἀναγράφουσιν
827 2395 841 2410 ·
870 2377 1056 2446 ὥσπερ
1080 2376 1212 2445 γάρ,
1235 2378 1294 2429 ἐν
1322 2376 1421 2447 τῷ.
1454 2394 1472 2427 ι
1514 2374 1579 2428 Τί
1600 2375 1754 2445 ἐξήλ-

174 2471 302 2525 θετε
348 2471 427 2535 είς
458 2472 556 2541 τὴν
598 2470 805 2540 ἔρημον
848 2470 975 2523 ίδεῖν
1006 2467 1064 2532 i;
1119 2467 1362 2536 κάλαμον
1403 2468 1508 2521 ὐπὸ
1536 2468 1750 2537 ἀνέμων

178 2562 574 2633 σαλευόμενονς
614 2579 634 2614 ι
678 2561 738 2613 οὐ
779 2560 1023 2630 κάλαμον
1051 2556 1189 2613 εἶναι
1217 2559 1308 2612 τὸν
1344 2559 1678 2629 Βαπτιστὴν,
1721 2559 1752 2612 6

176 2654 300 2707 κατ’
340 2652 607 2723 ἐρώτησιν
656 2651 1135 2721 ἐσχηματισμένος
1175 2650 1333 2718 λόγος
1366 2649 1745 2716 ἀποφαίνεται,

173 2740 489 2795 τούναντίον
507 2740 567 2794 δέ
589 2739 1013 2803 κατασκευάζει,
1041 2740 1230 2811 πόρρω
1259 2738 1585 2792 καθεστάναι
1609 2739 1745 2792 πάνυ

174 2851 312 2898 των,
356 2833 470 2885 ὅσοι
506 2831 756 2901 καλάμου
789 2831 947 2899 δίκην
977 2830 1076 2900 τὴν
1120 2829 1346 2899 γνώμην
1397 2829 1742 2883 σαλεύονται·

176 2922 325 2977 οὕτω
350 2922 444 2976 καὶ
468 2925 495 2975 6
523 2922 609 2975 διὰ
648 2922 763 2987 τοῦ,
803 2940 822 2972 ι
872 2921 931 2974 Ὀ
966 2921 1023 2973 δὲ
1051 2920 1370 2991 μικρότερος
1410 2921 1468 2973 ἐν
1494 2923 1559 2991 τῇ
1593 2922 1745 2990 βασι-

176 3015 303 3085 λείᾳ
338 3013 446 3067 τῶν
487 3014 752 3082 οὐρανῶν,
792 3013 992 3083 μείζων
1022 3011 1188 3065 αὐτοῦ
1217 3014 1352 3071 ἐστι,
1394 3031 1413 3064 ι
1456 3012 1742 3081 παραπλη-

180 3106 314 3167 σίως
384 3106 813 3176 προσαγόμενος,
847 3104 968 3173 οὐχὶ
1016 3104 1358 3175 μικρότερον,
1405 3105 1468 3157 οὐ
1518 3105 1617 3175 μὲν
1646 3103 1739 3159 οὖν

176 3196 315 3250 ἀλλὰ
363 3199 566 3266 μηδένα
596 3195 733 3253 εἶναι
783 3197 878 3251 τοῦ
926 3197 1242 3268 Προδρόμου
1280 3196 1578 3267 παρίστησι
1622 3197 1809 3285 μείυο

177 3288 345 3352 ζοναο
376 3291 495 3345 οὐδὲ
547 3291 676 3361 γὰρ,
709 3292 829 3345 οὐδέ
879 3289 989 3343 τῶν
1034 3288 1271 3343 ἐπαίνων
1315 3287 1411 3351 οὐς
1457 3286 1683 3342 ἐπλεκεν
1713 3291 1742 3343 6

176 3380 390 3452 Σωτὴρ,
420 3381 677 3451 ἐξαίφνης
704 3382 771 3436 ἂν
797 3381 1187 3450 ἀπεστέρησεν,
1222 3378 1335 3433 οὐδ’
1372 3379 1453 3442 είς
1481 3379 1736 3448 ἐσχάτους

177 3470 377 3540 ἁθρόον
402 3471 494 3527 τδν
512 3471 902 3540 ἐπαινούμενον
926 3470 1164 3542 ἐρριψεν·
1185 3468 1320 3523 ἀλλὰ
1338 3468 1428 3523 τὸν
1440 3468 1601 3521 αὐτὸν
1619 3469 1735 3539 είρ-

182 3564 295 3630 μδν⁹
308 3562 605 3632 φυλάττων,
618 3564 854 3636 οὐδαμού
871 3563 1240 3634 συγχωρεΐτδν
1253 3563 1309 3615 ἐν
1320 3564 1383 3633 τῇ
1402 3558 1645 3632 βασιλεία
1663 3578 1748 3631 μι⁹

184 3653 464 3722 πρότερον,
481 3654 580 3721 τῆς
598 3656 871 3725 ὑπεροχῆς
885 3658 1129 3711 Ἰωάννου
1144 3654 1457 3725 νομίζεσθαι
1497 3655 1737 3724 μείζονα.

267 3741 403 3794 Ἀλλ’
431 3745 460 3795 6
489 3743 588 3813 μέν
620 3745 728 3799 ἀπὸ
751 3746 850 3815 τῆς
876 3746 982 3801 τῶν
1012 3745 1295 3815 ἀκροατῶν
1332 3744 1512 3814 ψήφου
1545 3747 1748 3804 πλεκό-

183 3848 348 3900 μενος
377 3832 614 3897 ἔπαινος,
647 3836 982 3907 πλατύτερον
996 3840 1189 3901 εἰπεῖν,
1208 3838 1445 3901 τοιοῦτός
1469 3841 1553 3903 τίς
1585 3842 1755 3892 ἐστιν’

180 3921 251 3973 Τί
304 3921 558 3992 ἐξήλθετε
614 3928 696 3988 είς
733 3926 830 3999 τὴν
869 3928 1118 3998 ἐρημονς
1162 3926 1273 4001 ἆρα
1320 3931 1563 4001 κάλαμον
1626 3932 1757 3984 ίδείν

180 4011 291 4063 ὐπὸ
342 4014 545 4084 ἀνέμου
581 4016 936 4089 σαλευόμενον
974 4022 1032 4085 ll;
1084 4023 1199 4077 ἀλλ’
1238 4022 1348 4095 ἄρα
1384 4024 1666 4095 ἄνθρωπον
1697 4028 1755 4078 ἐν

187 4103 450 4171 μαλακοῖς
508 4106 744 4176 ἱματίοις
777 4112 1190 4183 ήμφιεσμένον;
1234 4117 1270 4185 ἢ
1320 4116 1478 4186 δῆλον
1534 4117 1609 4181 ώς
1664 4118 1754 4170 οὐ-

181 4194 396 4262 δαμῶς⁶
423 4196 581 4267 ὑμεῖς
606 4200 713 4270 γὰρ
742 4203 918 4267 αὐτοὶ,
956 4206 1025 4260 δι’
1052 4199 1127 4260 ὧν
1157 4210 1293 4278 πρὸς
1340 4210 1501 4262 αὐτὸν
1529 4209 1751 4281 διεπράν

181 4286 371 4351 ξασθε,
402 4290 494 4341 καὶ
519 4290 595 4359 τῷ
618 4295 752 4363 πρὸς
779 4295 875 4365 τήν
897 4296 1103 4367 ἔρημον
1147 4300 1353 4371 δρόμῳ,
1379 4302 1637 4356 τάναντία
1654 4304 1751 4371 τῆς

178 4375 596 4476 δόξηςπαύιτης,
630 4384 1047 4476 ἐμαρτυρήσατε
1080 4406 1094 4420 ’
1153 4392 1454 4463 θαυμάσιόν
1486 4410 1609 4447 τινα
1658 4394 1752 4446 καὶ

182 4468 383 4534 μικροῦ
405 4468 529 4532 τοὺς
557 4470 931 4541 ἀνθρωπίνους
958 4477 1117 4549 ὄρους
1145 4480 1580 4553 ὑπερϐεϐηκότα,
1632 4486 1747 4551 τὸν,

176 4555 256 4617 di;
282 4556 515 4626 ἀληθῶς,
546 4563 781 4618 τοιοῦτον
808 4561 946 4621 εἶναι
970 4572 1277 4640 νομίζοντες
1300 4573 1341 4629 ι.
1369 4577 1484 4629 Οὐκ
1506 4577 1598 4631 οὖν
1630 4578 1755 4632 οὐδέ

176 4645 280 4739 νξν
308 4649 336 4700 6
364 4649 698 4719 τηλικοῦτος,
730 4659 998 4731 μεταϐολῇ
1040 4679 1145 4717 τινι
1174 4666 1268 4718 καὶ
1296 4666 1512 4737 ἀγνοίᾳ,
1534 4668 1632 4739 τὴν
1665 4669 1752 4725 διὰ

175 4737 294 4828 τῶν
345 4742 601 4811 μαθητῶν
646 4746 913 4819 ἐρώτησιν
966 4754 1091 4821 ἐμοὶ
1140 4759 1560 4828 προσενήνοχεν,
1590 4737 1751 4814 ἡάλλά

174 4826 511 4896 τούναντίον,
544 4832 691 4906 άπερ
717 4836 924 4905 ἐδίδαξε
951 4839 1117 4912 λόγῳ,
1160 4843 1257 4897 καὶ
1292 4844 1379 4899 διὰ
1414 4826 1545 4915 ’ἧς’
1574 4847 1752 4916 ὅψεως

175 4920 351 5011 αὐτῆς
380 4925 711 4991 πιστωθῆναι
734 4930 860 4993 τούς
893 4931 1351 5002 μαθητευθέντας,
1383 4940 1519 5010 σοφῇ
1544 4939 1752 5011 μεθόδῳ

178 5010 627 5101 συνδιεπράξατο.
662 5018 761 5082 Τίς
785 5020 894 5092 γάρ
924 5020 1082 5090 λόγος
1105 5026 1263 5095 ἀνδρὶ
1286 5028 1521 5097 τοσούτῳ
1580 5010 1750 5101 μεταὲ

174 5099 344 5170 ϐολήν
371 5103 617 5159 ἐπελθεῖν
644 5109 753 5161 τῶν
780 5113 1156 5185 κρειττόνωνή
1186 5116 1499 5185 άλλοίωσινς
1548 5099 1751 5189 ὅπουγε

175 5192 332 5243 πᾶσα
357 5195 390 5262 ἠ
424 5195 561 5264 πρὸς
587 5197 649 5250 τὸ
677 5202 857 5272 χεῖρον
893 5204 1228 5269 άπόπτωσις,
1257 5207 1291 5278 ἢ
1322 5207 1545 5279 γνώμης
1571 5211 1753 5281 ἀρῥω·

174 5283 328 5354 στίᾳ,
376 5286 409 5355 ἢ
443 5288 754 5358 φιληδονίας
807 5294 990 5356 πάθει,
1024 5296 1057 5366 ἢ
1094 5297 1461 5369 φιλαργυρίας
1514 5302 1627 5353 καὶ.
1656 5301 1749 5356 τοῦ

174 5374 340 5427 κενοῦ
370 5377 558 5431 τούτου
586 5380 833 5451 δοξαρίου
860 5384 1041 5455 ἔρωτι,
1062 5388 1447 5457 παραγίνεται.
1469 5382 1549 5451 οἷς
1570 5406 1641 5441 πα
1652 5407 1750 5459 ρα-

170 5465 427 5532 γίνεταιο
457 5468 523 5522 δι’
554 5463 629 5524 ὧν
660 5474 753 5526 καὶ
797 5476 830 5545 ή
876 5477 1012 5545 πρὸς
1050 5478 1119 5532 τά
1178 5478 1338 5532 λοιπά
1391 5478 1500 5532 τῶν
1565 5478 1750 5533 παθῶν

256 5580 300 5611 τί
324 5580 457 5638 Luc.
486 5599 582 5651 vn,
618 5587 709 5641 24.

1838 1111 2039 1180 quibus
2071 1112 2318 1166 eamdem
2362 1112 2513 1180 prius
2560 1113 2937 1181 acquisiverat.
2996 1114 3231 1168 Primam
3274 1128 3405 1181 ergo

1842 1200 2209 1256 laudationem
2243 1202 2479 1256 instituit
2515 1202 2583 1256 ab
2608 1203 2855 1271 ipsismet
2891 1202 3166 1271 suli‘ragiis
3189 1204 3405 1257 audito-

1845 1305 1966 1345 rum
1993 1307 2008 1356 ;
2065 1292 2279 1345 tertiam
2315 1306 2347 1344 a
2394 1292 2705 1345 testimonio
2727 1292 3112 1361 prophetarum
3131 1300 3187 1347 et
3215 1294 3411 1361 prauu-

1847 1380 2153 1444 ctionibus;
2201 1380 2434 1435 duarum
2462 1379 2793 1449 reliquarum
2821 1389 3111 1450 utramque
3139 1381 3210 1435 ab
3237 1380 3411 1451 ipsius

1850 1480 1905 1527 et
1935 1471 2149 1527 Domini
2176 1472 2391 1542 propria
2412 1481 2467 1527 et
2494 1471 2754 1541 peculiari
2784 1472 3052 1526 sententia
3087 1491 3101 1527 :
3140 1472 3417 1527 secundus

1852 1563 2050 1619 modus
2075 1563 2312 1617 instituit
2344 1562 2708 1616 laudationem
2736 1577 2768 1617 e
2796 1562 3020 1631 proclivi
3060 1579 3074 1616 :
3125 1571 3357 1631 quartus
3385 1576 3417 1617 e

1854 1654 2216 1725 consequenti
2251 1653 2511 1716 absurdo,
2534 1664 2588 1706 et
2620 1652 2984 1706 laudationem
3008 1652 3245 1706 instituit
3270 1652 3416 1715 inde,

1857 1760 2051 1815 nempe
2081 1745 2227 1815 quod
2256 1758 2596 1812 consequens
2631 1752 2716 1797 est
2743 1744 2985 1812 opinioni
3005 1758 3196 1799 eorum
3217 1743 3312 1811 qui
3351 1758 3418 1796 ex

1860 1837 2165 1906 ignorantia
2248 1835 2585 1889 arbitrantur
2675 1832 2973 1902 Baptistam
3055 1834 3414 1901 interrogare.

1864 1928 2076 1983 Primus
2125 1925 2329 1981 idcirco
2356 1934 2410 1979 ct
2441 1934 2666 1993 quartus
2696 1924 3023 1978 laudationis
3047 1924 3246 1978 modus
3281 1939 3417 1977 con-

1860 2023 2059 2077 texitur
2119 2035 2149 2074 a
2207 2019 2511 2075 sublatione
2568 2034 2777 2081 eorum,
2848 2033 2971 2086 quae
3012 2015 3236 2070 minime
3284 2030 3419 2069 con-

1857 2113 2080 2168 veniunt
2099 2112 2371 2181 Baptistae,
2394 2119 2450 2165 et
2483 2110 2684 2165 frustra
2717 2125 2748 2163 a
2783 2107 3114 2178 quibusdam
3156 2106 3209 2160 in
3238 2105 3420 2174 suspi-

1855 2206 2070 2260 cionem
2119 2203 2499 2268 adducuntur;
2558 2216 2652 2271 per
2700 2200 3059 2271 quaestionem
3117 2205 3424 2253 tractantur

1855 2299 1929 2355 illi
1956 2299 2122 2363 modi,
2146 2306 2201 2354 et
2224 2295 2516 2368 quastioni
2545 2297 2878 2350 contrarium
2910 2294 3106 2350 docent
3131 2301 3186 2348 et
3213 2299 3424 2362 ponunt

1854 2399 2109 2459 uterque;
2169 2373 2436 2457 interiecti
2495 2386 2663 2450 modi,
2705 2386 2915 2441 directe
2958 2394 3013 2440 et
3055 2383 3286 2452 positive
3327 2398 3422 2435 eu—

1850 2483 2084 2539 comium
2129 2481 2465 2536 instituunt:
2505 2477 2965 2549 quemadmodum
3014 2478 3167 2531 enim
3205 2475 3256 2528 in
3285 2474 3417 2527 illo:

1856 2574 2025 2642 «Quid
2058 2574 2250 2630 existis
2294 2574 2347 2627 in
2373 2572 2645 2627 desertum
2675 2570 2891 2625 videre?
2918 2568 3240 2623 arundinem
3261 2578 3422 2621 venio

1849 2666 2140 2737 agitatam!
2160 2666 2202 2696 "
2227 2683 2245 2715 ι
2284 2679 2381 2733 per
2398 2662 2876 2732 interrogationem
2904 2662 3188 2715 institutus
3211 2672 3413 2720 sermo,

1849 2757 1993 2813 haud
2050 2755 2381 2827 imaginatur
2423 2753 2717 2821 Baptistam
2790 2749 3111 2806 arundinem
3171 2763 3327 2812 esse;
3392 2764 3421 2800 c

1845 2857 2031 2904 contra
2054 2846 2253 2903 astruit
2279 2861 2404 2901 eum
2428 2845 2585 2914 longe
2616 2855 2885 2899 semotum
2939 2843 3007 2897 ab
3044 2842 3109 2895 iis
3138 2841 3232 2909 qui
3261 2854 3413 2892 more

1844 2935 2149 2991 arundinea
2175 2935 2276 2990 huc
2294 2934 2421 2989 illue
2436 2933 2712 3004 agitantur
2740 2931 3125 3001 Opinionibus;
3156 2929 3225 2982 ita
3243 2936 3298 2982 ct
3324 2928 3411 2982 ille

1842 3039 2043 3087 sermo,
2067 3024 2162 3094 qui
2182 3021 2757 3084 similiterinstruitur,
2790 3035 2883 3089 per
2904 3020 3057 3080 illud.
3089 3018 3170 3073 «ιε
3190 3018 3282 3088 qui
3320 3017 3415 3071 mi-

1841 3115 2022 3170 nimus
2045 3123 2130 3169 est
2165 3112 2220 3168 in
2248 3126 2415 3182 regno
2441 3111 2725 3174 calorum,
2760 3108 2935 3179 major
2968 3109 3085 3176 ipso
3117 3118 3220 3171 est,
3249 3126 3267 3158 ι
3303 3124 3410 3161 non

1841 3206 1989 3261 illum
2009 3204 2289 3260 minimum
2302 3218 2404 3261 nec
2419 3202 2651 3273 aliquem
2667 3201 2926 3269 majorem
2952 3199 3258 3254 subindicat
3278 3197 3394 3251 Prae
3406 3213 3427 3223 ·

1846 3313 2069 3354 cursore
2105 3314 2121 3353 :
2148 3312 2275 3353 nam
2302 3295 2443 3351 haud
2465 3294 2720 3350 continue
2752 3294 3007 3349 Servator
3039 3293 3104 3346 iis
3160 3292 3425 3347 enromiis

1843 3403 1964 3445 eum
1982 3388 2263 3458 privasset,
2282 3401 2402 3457 qua:
2412 3386 2560 3456 prius
2580 3393 2947 3445 contexucrat,
2967 3398 3034 3439 ne
3050 3383 3189 3436 inter
3211 3383 3426 3435 intimos

1848 3480 1923 3535 ita
1960 3480 2235 3535 laudatum
2258 3494 2291 3535 e
2307 3477 2531 3548 vestigio
2569 3475 2829 3543 rejiceret,
2853 3475 2946 3530 sed
2969 3475 3211 3529 eamdem
3240 3474 3428 3527 obser-

1848 3587 1983 3626 vans
2010 3571 2204 3627 seriem
2237 3568 2378 3623 haud
2395 3565 2679 3636 permittit,
2705 3574 2765 3619 ut
2791 3565 2837 3619 is
2866 3564 2960 3633 qui
2981 3564 3239 3617 minimus
3261 3570 3344 3616 est
3375 3562 3427 3615 iu

1843 3672 2008 3729 regno
2024 3658 2282 3714 caelorum
2310 3656 2482 3725 major
2510 3650 3425 3710 existimeturJoannisexcellentia-

1924 3751 2213 3805 Enimvero
2252 3748 2493 3803 laudatio
2544 3761 2705 3816 quam
2746 3761 2776 3799 a
2828 3743 3098 3813 suffragiis
3150 3742 3429 3797 contemnit

1854 3841 2198 3902 auditorum,
2244 3849 2303 3892 ut
2347 3838 2671 3906 explicatius
2719 3852 2837 3891 eam
2879 3835 3263 3900 instituamus,
3302 3835 3427 3889 talis

1851 3940 1937 3987 est
1989 3948 2005 3985 :
2048 3930 2317 3998 Quorsum
2352 3930 2541 3983 existis
2582 3929 2635 3983 in
2688 3927 3011 3983 desertum?
3046 3942 3115 3980 an
3156 3934 3215 3979 ut
3256 3941 3423 3979 arun-

1851 4024 2034 4080 dinem
2082 4023 2338 4078 videretis
2379 4023 2555 4076 rentis
2596 4020 3059 4087 conquassatam?
3101 4034 3167 4071 an
3227 4027 3282 4070 ut
3325 4018 3423 4070 lio-

1852 4115 2053 4170 minem
2102 4114 2356 4170 mollibus
2407 4114 2665 4167 amictum
2706 4109 3084 4165 vestimentis?
3145 4119 3291 4162 certe
3330 4123 3425 4177 pa-

1854 4214 1930 4262 tet
1965 4206 2108 4278 qnod
2149 4216 2439 4272 neutrum;
2495 4219 2592 4260 vos
2634 4205 2775 4258 enim
2811 4204 2912 4272 ipsi
2958 4204 3013 4257 in
3059 4202 3247 4256 eodem
3278 4201 3422 4270 quod

1855 4298 2065 4367 egistis,
2092 4308 2145 4353 et
2173 4298 2390 4353 cursim
2418 4296 2484 4352 ad
2514 4312 2757 4352 eremum
2791 4287 3130 4350 discurristis
3154 4333 3170 4360 ,
3202 4303 3421 4347 contra-

1856 4388 1993 4443 riam
2027 4390 2154 4444 huic
2193 4389 2437 4457 opinioni
2473 4387 2655 4443 testati
2696 4388 2864 4452 estis,
2897 4402 3131 4455 eumque
3172 4385 3420 4439 arbitrati

1855 4481 1986 4536 estis
2017 4481 2394 4536 admirandum
2429 4480 2716 4551 quemdam
2739 4489 2793 4534 et
2814 4479 3063 4533 humana:
3090 4476 3421 4531 conditionis

1858 4572 2004 4642 leges
2031 4572 2380 4626 excedentem
2406 4589 2420 4625 :
2451 4586 2619 4640 quare
2642 4611 2657 4635 ,
2684 4570 2766 4623 vir
2789 4576 2993 4629 tantus.
3033 4574 3180 4637 quod
3208 4567 3421 4621 videtur

1857 4662 2025 4728 mihi,
2058 4662 2475 4730 haudquaquam
2540 4669 2760 4729 propter
2815 4657 3175 4726 quaestionem
3220 4670 3418 4724 propo-

1854 4750 2015 4807 sitam
2063 4765 2094 4805 a
2133 4750 2412 4819 discipulis
2453 4748 2766 4803 mutationis
2808 4756 2863 4802 et
2896 4746 3213 4817 ignorantiae
3256 4761 3421 4799 act-u-

1854 4839 2059 4896 sandus
2094 4848 2217 4907 est;
2256 4856 2288 4896 e
2320 4841 2558 4899 diverso.
2592 4839 2734 4909 quod
2770 4837 2935 4893 verbo
2960 4838 3165 4900 docuit,
3200 4837 3251 4890 id
3301 4854 3420 4891 vssn

1853 4933 2067 4989 volebat
2101 4933 2351 5003 prudenti
2378 4931 2615 4999 quadam
2645 4932 2853 4985 ratione
2880 4930 3022 4999 apud
3046 4928 3421 4984 informandus

1854 5024 2201 5082 conﬁrmare.
2230 5023 2363 5091 Quae
2394 5024 2540 5079 enim
2584 5024 2720 5077 ratio
2760 5022 2907 5077 reddi
2940 5023 3164 5092 poterit,
3201 5036 3301 5077 cur
3338 5022 3420 5075 vir

1850 5126 2034 5172 tantus
2071 5117 2423 5175 mutationem
2472 5112 2714 5167 melioris
2760 5121 2962 5177 status,
3000 5123 3095 5166 aut
3126 5111 3404 5166 alteratio-

1848 5224 1974 5263 nem
2014 5208 2253 5271 subiret;
2306 5220 2432 5261 cum
2482 5203 2659 5259 omnis
2708 5203 2763 5257 in
2813 5203 3052 5257 deterius
3105 5202 3415 5266 declinatio,

1852 5300 1937 5355 vel
1964 5300 2153 5371 judicii
2193 5300 2431 5366 quadam
2473 5296 2816 5360 inﬁrmitate,
2858 5296 2941 5349 vel
2971 5296 3308 5363 voluptatum
3340 5296 3418 5349 le-

1850 5391 2100 5453 nociniis,
2131 5390 2211 5445 vel
2240 5389 2488 5449 avaritia,
2530 5396 2620 5441 aut
2666 5386 2906 5455 gloriolae
2941 5386 3101 5440 istius
3132 5403 3283 5440 vana:
3324 5403 3416 5439 va-

1848 5497 2072 5553 cuaeque
2102 5498 2288 5537 arnore
2321 5481 2603 5535 inferatur.
2639 5481 2769 5545 Qua:
2814 5480 2927 5547 ipsa
2962 5478 3015 5530 in
3047 5490 3267 5532 cazteras
3299 5492 3413 5529 on.-

1448 5686 1680 5742 \"ARI}E
1736 5683 2137 5743 LECTIONES.

289 5789 313 5828 ιι
432 5787 503 5843 Μ.
531 5793 779 5861 προάγει.
905 5798 917 5838 i
960 5799 1018 5852 τό

184 5858 204 5898 ³
239 5859 307 5915 Ο.
340 5859 410 5914 II.
438 5858 779 5930 νομίσαντες.

1153 5812 1166 5849 1
1205 5802 1265 5855 (ἶ.
1294 5802 1361 5856 Μ.
1424 5802 1578 5858 habet
1610 5802 1922 5858 θεάσασθαι.

2038 5800 2063 5841 ι
2091 5799 2293 5871 ἔρημον
2320 5800 2461 5855 ἰδεῖν.
2494 5800 2570 5866 ll;
2628 5795 2734 5870 ἆρα
2767 5798 3012 5870 κάλαμον
3044 5798 3161 5855 σαλ.
3191 5799 3281 5854 ὐπ.
3316 5800 3397 5856 ἀν.
