4162 6442
749 395 880 459 1007

742 620 848 674 que
875 605 989 670 alii,
1035 606 1283 674 inprimis
1333 615 1518 659 autem
1549 605 1605 659 in
1636 621 1824 675 regum
1853 607 1995 662 aulis
2025 616 2310 663 versantes

745 695 1062 758 intluantur,
1103 699 1326 765 pulvere
1358 698 1450 750 illo
1475 697 1758 765 obimpleti
1798 715 1811 752 :
1849 713 1880 752 a
1911 698 2112 768 quibus
2137 696 2307 754 Joan-

743 801 860 845 nes.
894 801 994 840 nec
1020 787 1070 839 id
1104 786 1260 841 facile
1288 797 1369 840 est
1395 786 1651 842 omnibus
1677 787 1878 852 dicere,
1907 803 1972 842 ne
2037 789 2308 843 tantillum

741 874 1138 943 expugnabilis.
1175 872 1295 930 Non
1335 875 1480 929 enim
1505 887 1589 931 est
1619 876 1831 930 arundo
1869 889 2156 931 ventorum
2212 894 2311 933 es-

742 965 952 1034 cipiens
989 967 1414 1022 successionem.
1449 966 1564 1023 Hoc
1591 978 1710 1032 est,
1753 967 2090 1025 instabilium
2130 986 2311 1026 mores

742 1057 938 1121 evasit,
969 1068 1022 1111 et
1048 1057 1426 1127 aegritudinem
1455 1074 1642 1115 eorum
1676 1061 1768 1128 qui
1800 1062 1993 1116 calami
2021 1077 2174 1117 more
2204 1065 2311 1118 huc

745 1147 874 1202 illuc
898 1147 1188 1203 flectuntur
1229 1169 1245 1205 :
1286 1151 1380 1204 sed
1411 1167 1511 1207 nec
1539 1153 1796 1209 mollibus
1828 1154 2188 1219 vestimentis,
2216 1162 2313 1209 aut

745 1241 868 1296 aliis
900 1244 1147 1298 moribus
1175 1244 1401 1302 assuet‘tt
1423 1287 1438 1308 ,
1470 1247 1670 1316 quibus
1709 1247 2049 1304 insolescunt
2083 1251 2176 1320 qui
2223 1265 2310 1304 re-

745 1332 860 1400 gias
890 1333 1275 1403 frequentant;
1323 1350 1502 1404 auro,
1554 1338 1965 1409 voluptatibus,
2019 1343 2309 1400 ambitioni

744 1423 1064 1480 servientes.
1093 1424 1298 1484 Domus
1322 1427 1400 1482 illl
1429 1440 1516 1485 est
1540 1429 1816 1485 desertum
1842 1432 2078 1490 illustris
2111 1453 2128 1502 ;
2152 1451 2310 1506 para-

743 1514 918 1576 disus,
950 1516 1073 1571 aula
1100 1533 1115 1582 ;
1139 1519 1477 1574 camelorum
1513 1521 1632 1590 pilis
1655 1523 1910 1576 amicitur
1934 1539 2136 1595 corpus
2163 1545 2177 1581 :
2206 1542 2308 1583 zo-

744 1623 813 1661 na
843 1608 1062 1676 pcllieea
1092 1611 1240 1666 circa
1270 1611 1519 1680 lumbos,
1547 1615 1971 1686 constringendo
2009 1619 2310 1674 inserviens

743 1706 798 1752 et
844 1699 1223 1757 mortiﬁcando
1269 1705 1584 1771 corporales
1637 1715 1691 1761 et
1742 1705 2010 1764 humanas
2058 1709 2310 1767 lascivias

742 1803 937 1846 omnes
962 1807 1084 1862 qua:
1118 1794 1318 1851 lumbis
1344 1797 1697 1852 conveniunt.
1731 1796 1788 1852 Si
1822 1799 2070 1869 requiras
2097 1801 2305 1869 cibum,

742 1882 967 1938 omnino
1005 1884 1114 1938 cibi
1148 1887 1283 1941 nihil
1321 1888 1595 1958 sumpsit.
1629 1889 1733 1943 nisi
1761 1889 1814 1943 id
1849 1890 1994 1960 quod
2033 1906 2310 1959 amarum,

743 1984 799 2029 et
825 1974 944 2030 sine
973 1977 1308 2033 nutrimento
1340 1987 1482 2044 erat,
1514 1980 1609 2035 sed
1637 1994 1739 2036 nec
1761 1980 1924 2036 talem
1957 1982 2140 2037 cibum
2161 2024 2178 2050 ,
2202 1985 2311 2042 nisi

739 2081 803 2118 ca
849 2082 1106 2123 mensura
1145 2085 1267 2140 quat
1297 2081 1505 2127 naturae
1551 2072 1864 2128 necessitati
1916 2075 2163 2130 satisfiat.
2216 2076 2312 2134 His

744 2173 805 2211 se
842 2159 1173 2224 subinferre,
1203 2177 1314 2231 quo
1342 2173 1502 2232 pacto
1529 2164 1732 2219 audeat
1763 2163 1923 2220 luxus
1952 2179 2046 2220 aut
2079 2169 2310 2224 evanida

739 2249 955 2313 gloria?
986 2262 1082 2306 aut
1115 2253 1318 2310 divitia
1347 2271 1470 2325 quae
1511 2273 1732 2327 gravem
1765 2267 1821 2312 et
1847 2260 2097 2313 acerbam
2129 2272 2312 2331 tyratno

740 2344 920 2398 nidetn
969 2356 1246 2412 exercent,
1274 2362 1400 2402 cum
1428 2349 1481 2402 in
1510 2349 1872 2418 possidentes,
1905 2358 2018 2405 tum
2051 2351 2174 2408 illos
2215 2353 2310 2422 qtti

739 2436 897 2497 inviti
931 2436 1066 2506 ipsis
1094 2450 1303 2494 carent.
1335 2438 1444 2495 Nec
1473 2455 1638 2509 opera
1662 2440 1783 2508 ejus
1812 2449 2024 2497 tantum
2047 2443 2164 2497 haec
2184 2459 2313 2513 pro-

737 2525 997 2588 clamant,
1031 2544 1219 2583 verum
1254 2539 1311 2583 et
1357 2530 1457 2599 ipsi
1509 2533 1675 2585 etiam
1713 2547 1809 2586 vos
1846 2533 1942 2602 qui
1980 2534 2097 2589 haec
2136 2536 2310 2592 oculis

739 2619 1062 2686 usurpatis,
1105 2629 1273 2675 testes
1307 2622 1576 2687 eahibiti,
1637 2623 1693 2676 in
1763 2623 1909 2676 illam
1974 2624 2310 2683 descenditis

740 2709 1074 2776 Opinionem.
1100 2709 1284 2782 Opere
1334 2714 1478 2767 enim
1503 2716 1622 2783 ipso
1650 2729 1746 2769 vos
1772 2716 2122 2784 perhibuistis
2155 2719 2311 2773 testi-

740 2804 1006 2868 monium,
1037 2807 1182 2874 quod
1231 2807 1472 2875 Baptista
1513 2809 1762 2877 superior
1801 2810 1973 2864 evasit
2008 2810 2077 2866 iis
2103 2811 2196 2880 qui
2225 2813 2310 2866 in-

741 2894 916 2949 stabili
942 2906 1070 2951 sunt
1097 2897 1304 2960 animo,
1336 2898 1431 2966 qui
1456 2899 1846 2967 voluptatibus,
1878 2901 2188 2964 ambitioni,
2224 2902 2311 2957 di-

740 2981 885 3036 vitiis
905 2985 1305 3053 mancipantur,
1331 3001 1361 3039 a
1386 2987 1588 3056 quibus
1616 2988 1754 3041 solet
1781 2988 2049 3056 proficisci
2076 2989 2131 3042 in
2157 2989 2309 3044 dete-

741 3075 854 3129 rius
882 3076 1131 3132 alteratio
1156 3117 1171 3140 ,
1205 3078 1434 3132 mutatio
1460 3079 1639 3132 omnis
1686 3088 1740 3132 et
1772 3080 2103 3148 ignorantia.
2131 3080 2310 3150 Atque

743 3164 855 3216 hanc
887 3174 972 3218 est
1001 3165 1089 3222 illa
1121 3165 1296 3219 forma
1336 3167 1718 3221 encomiorum
1759 3182 1880 3236 quae
1909 3167 2187 3238 suffragiis
2223 3171 2306 3224 in-

743 3255 936 3308 nititur
994 3257 1330 3311 auditorum.
1379 3257 1756 3324 Consequitur
1802 3257 1972 3327 ipsam
2026 3261 2314 3330 perSpieue

745 3348 846 3400 ista
885 3362 1008 3416 qua:
1044 3362 1075 3402 a
1104 3345 1310 3403 Christi
1352 3347 1525 3416 ipsius
1571 3348 1788 3402 Domini
1839 3351 2143 3404 assertione
2191 3365 2314 3405 eon-

746 3437 970 3491 texitur.
1002 3439 1070 3491 At
1089 3453 1339 3507 quaenam
1367 3439 1457 3492 illa
1481 3438 1504 3491 ?
1544 3438 1744 3509 Nempe
1761 3441 2080 3510 prophetam
2106 3443 2316 3496 exiistis

746 3529 967 3595 videre;
1003 3531 1054 3584 id
1089 3531 1236 3598 quod
1269 3531 1559 3586 manifeste
1584 3543 1942 3602 agnoverant,
1983 3549 2078 3602 per
2106 3549 2168 3588 ea
2195 3549 2317 3603 quae

745 3619 1213 3689 fecerant;qnasi
1258 3622 1406 3678 dicat
1454 3640 1468 3676 τ
1516 3624 1647 3678 Scio
1687 3624 1834 3693 quod
1881 3626 2090 3678 exiistis
2134 3628 2187 3679 in
2223 3627 2318 3680 de-

744 3719 954 3763 sertum
988 3711 1170 3764 videre
1211 3726 1389 3781 neque
1422 3723 1604 3767 mento
1645 3713 1982 3768 inconstanti
2015 3716 2314 3781 hominem,

746 3818 857 3854 non
890 3802 1136 3870 pecuniae
1179 3813 1454 3858 amantem
1485 3847 1500 3868 ,
1542 3821 1648 3858 non
1697 3806 1981 3860 ambitioni
2020 3819 2117 3861 aut
2163 3808 2316 3863 luxui

745 3895 1010 3963 deditum,
1043 3896 1137 3949 sed
1167 3897 1454 3950 sublimem
1475 3897 1766 3966 quemdam
1793 3906 1848 3952 et
1872 3899 2162 3963 elevatum,
2190 3901 2319 3954 cha-

751 3987 992 4041 rismatis
1029 4003 1094 4040 ac
1129 3986 1259 4040 doni
1307 3987 1605 4057 prophetici
1659 3989 2022 4058 participem;
2075 3999 2131 4044 et
2174 4001 2319 4046 recte

747 4079 975 4132 omnino
1007 4078 1426 4133 arbitrabamini
1453 4097 1467 4134 :
1500 4078 1660 4134 Certe
1694 4079 1955 4134 testiﬁcor
1991 4081 2148 4134 vobis
2171 4081 2316 4149 quod

753 4171 1078 4241 pr0phetam
1122 4172 1307 4226 videre
1331 4172 1589 4238 exihatis,
1622 4187 1723 4226 nec
1775 4173 1864 4227 hic
1897 4173 2168 4241 subsistit,
2222 4175 2314 4228 sed

753 4261 874 4328 plus
912 4276 1074 4328 quam
1101 4261 1445 4330 prophetam,
1471 4264 1739 4330 agnoscit.
1780 4261 2025 4332 Cumque
2071 4264 2314 4331 judices,
2343 4263 2349 4269 “

753 4353 1136 4420 leguntlatores
1167 4394 1180 4416 ,
1221 4369 1376 4424 reges
1413 4367 1445 4408 a
1477 4354 1697 4409 virtutis
1759 4355 2012 4409 laudibus
2071 4357 2316 4426 insignes

751 4445 1063 4499 sunthabiti
1093 4462 1107 4510 ;
1141 4460 1208 4499 ne
1240 4446 1287 4500 is
1314 4445 1408 4515 qui
1442 4447 1719 4515 prophetis
1751 4449 1998 4516 superior
2027 4449 2312 4513 asseritur,

1888 399 2152 460 PHOTII
2175 399 2678 460 PATRIARCH/E
2713 400 2823 459 ΕΡ.

742 530 839 572 nes
872 515 1155 581 passiones
1193 513 1480 584 prolapsus
1519 513 1804 569 facilitant.
1831 512 2043 580 Quibus
2073 515 2312 586 plerum-

2418 516 2810 585 παρολίσοησις
2835 530 2850 544 ο
2893 508 2974 576 οἷς
3004 513 3156 566 ἄλλοι
3182 514 3282 584 μὲν
3337 516 3439 570 οὐκ
3469 516 3646 584 ὀλίγοι
3683 533 3700 549 ο

2335 1852 2383 1914 Β

3860 398 3991 466 1008

3873 535 3991 572 tua

2418 535 2810 585 παροΛισῠησις
2835 535 2850 544 ·
2893 535 2974 576 οες
3004 535 3156 566 αΑωι
3182 535 3282 584 μεν
3337 535 3439 570 ουκ
3469 535 3646 584 οΑιγοι
3683 535 3700 549 ·
3757 535 3991 586 μαλιστα

2410 605 2468 659 δὲ
2493 607 2541 658 οἱ
2575 607 2702 676 περὶ
2747 607 2874 666 τοὺς
2923 605 3227 674 βασιλείους
3273 608 3454 671 οἴκους
3493 610 3851 680 ἐπτοημένοι,
3899 613 3991 664 καὶ

2409 697 2505 751 τοῦ
2537 696 2813 764 κονιορτοῦ
2838 697 3047 751 ἐκείνου
3075 697 3362 767 ἁλώσιμοι,
3399 699 3488 767 ὑφ’
3521 695 3597 754 ὧν
3627 702 3659 754 ὁ
3712 701 3989 768 Ἰωάννης.

2410 791 2518 846 οὐδ’
2566 791 2712 843 ἐστὶν
2740 791 2965 861 εὐχερὲς
2996 791 3200 845 ἅπασιν
3226 794 3421 848 εἰπεῖν.
3453 792 3562 846 οὐδ’
3592 795 3719 848 ὅσον
3777 795 3991 847 ἀνάλω-

2409 902 2500 948 τος
2529 896 2590 940 ω.
2624 884 2700 936 Οὑ
2730 883 2838 953 γὰρ
2867 883 3039 946 εστιν,
3064 883 3164 936 οὐκ
3195 882 3310 934 ἔστι
3335 883 3600 952 κάλαμος,
3628 885 3722 937 τὸν
3744 884 3856 936 ὑπὸ
3883 884 3991 936 τῶν

2411 978 2629 1048 ἀνέμων
2657 977 2815 1030 σάλον
2836 976 3142 1046 δεχόμενος.
3185 975 3466 1044 Ὲξέφυγε,
3498 978 3657 1044 φησὶ,
3689 976 3807 1029 τῶν
3825 977 3993 1043 ἀστη-

2415 1066 2616 1136 ρίκτων
2650 1066 2776 1128 τοὺς
2802 1065 3065 1135 τρόπους,
3095 1062 3190 1116 καὶ
3213 1063 3461 1132 καλάμου
3486 1064 3644 1133 δίκην
3703 1063 3994 1134 ῥιπιζομι.

2411 1177 2538 1224 νων,
2567 1158 2630 1211 τδ
2653 1156 2887 1227 νόσημα.
2942 1157 3020 1209 Οὐ
3070 1156 3199 1225 μὴν,
3255 1155 3377 1208 οὐδὲ
3420 1156 3682 1224 μαλακοῖς
3727 1155 3990 1224 ἱματίοις,

2411 1251 2528 1304 οὐδὲ
2569 1253 2679 1311 τοῖς
2712 1249 2893 1312 ἄλλοις
2924 1248 3319 1318 ὲκδεδιῄτηται,
3348 1241 3429 1308 οἷς
3465 1249 3515 1300 οἱ
3542 1248 3673 1316 περὶ
3710 1248 3789 1299 τὰ
3838 1246 3994 1315 ﬂaui-

2410 1339 2529 1392 λεια
2556 1337 2978 1408 διαθρύπτονται
2996 1375 3014 1399 ,
3045 1335 3232 1406 χρυσῷ
3264 1337 3358 1387 καὶ
3384 1335 3599 1404 ήδοναῖς
3629 1336 3725 1390 καὶ
3775 1335 3991 1404 φιλοδο-

2411 1432 2500 1503 ξίᾳ
2526 1430 2868 1500 δουλούμενοι
2897 1444 2914 1459 ο
2947 1429 3062 1482 ἀλλ’
3089 1428 3298 1498 ἔρημος
3329 1428 3429 1497 μὲν
3486 1428 3636 1497 αὒτῷ
3671 1424 3826 1489 οἰκος
3880 1427 3996 1496 ἅμα

2408 1521 2679 1593 λαμπρὸς,
2713 1519 2808 1573 καὶ
2835 1520 3186 1590 παράδεισος,
3214 1519 3310 1571 καὶ
3361 1517 3636 1587 βασίλειον
3659 1535 3675 1550 ·
3721 1519 3997 1589 καμήλων

2409 1613 2467 1666 δὲ
2491 1613 2698 1682 τρίχες,
2726 1609 2806 1681 τῷ
2833 1609 3049 1679 σώματι
3089 1609 3268 1680 σκέπη
3296 1626 3312 1642 ·
3353 1609 3449 1661 καὶ
3479 1608 3627 1678 ζώνη
3681 1609 3995 1680 δερματίνη

2409 1703 2539 1774 περὶ
2569 1705 2670 1772 τὴν
2697 1703 2892 1770 ὀσφὺν,
2922 1699 3200 1770 ἅσμοῦσά
3229 1717 3289 1753 τε
3347 1700 3448 1753 καὶ
3481 1699 3756 1771 νεκροῦσα
3817 1701 3999 1753 πάντα

2409 1795 2478 1849 τὰ
2504 1796 2634 1865 παρ’
2667 1795 2904 1864 ἑκάτερα
2950 1792 3180 1862 ταύτης.
3213 1792 3501 1863 σωματικά
3529 1809 3590 1845 τε
3613 1794 3712 1847 καὶ
3777 1792 3995 1861 ἀνθρὼ-

2411 1904 2540 1940 πινα
2572 1887 2941 1956 σκιρτήματα.
2979 1884 3044 1938 Εἰ
3097 1881 3281 1952 βούλει
3332 1881 3390 1934 δὲ
3422 1882 3519 1936 καὶ
3570 1881 3773 1952 τροφὴ,
3831 1881 3916 1950 τῷ
3969 1891 3996 1920 ι

2413 1979 2550 2050 μηδὲ
2575 1976 2784 2050 τροερῆς
2814 1976 3000 2039 ἁπλῶς
3031 1973 3279 2044 μετέχειν
3303 1990 3317 2004 ο
3344 1973 3460 2026 ἀλλ’
3480 1975 3578 2042 ὅση
3606 1975 3785 2045 πικρά
3811 1991 3874 2026 τε
3903 1974 3998 2026 καὶ

2410 2071 2665 2140 ἄτροφος,
2691 2070 2784 2123 καὶ
2811 2068 2934 2122 οὐδὲ
2971 2067 3174 2136 ταύτην
3200 2070 3259 2119 ἐν
3309 2066 3516 2136 μέτρῳ,
3545 2064 3661 2118 ἀλλ’
3717 2065 3864 2118 ὥστε
3902 2069 3998 2118 καὶ

2410 2161 2580 2232 αὐτὴν
2623 2161 2720 2231 τὴν
2751 2159 2998 2230 ἀνάγκην
3020 2158 3387 2228 διαπλανῆσαι
3414 2167 3440 2190 υ
3470 2157 3570 2224 τῆς
3605 2156 3852 2225 φύσεως.
3897 2150 3995 2219 0?;

2411 2253 2528 2316 πῶς
2561 2253 2628 2306 ἂν
2653 2252 3008 2321 ὲπιτολμήσοι
3050 2248 3233 2319 τρυφὴ
3270 2247 3647 2319 παρεισδῦναι,
3701 2249 3734 2316 ἢ
3791 2249 3996 2317 ῥέουσα

2407 2344 2556 2409 δόξα,
2585 2344 2617 2412 ἢ
2646 2343 2914 2408 πλοῦτοςς
2947 2341 2978 2395 δ
3007 2343 3104 2394 καὶ
3139 2341 3250 2394 τῶν
3283 2340 3538 2409 ἑχόντων,
3568 2341 3666 2393 καί
3692 2339 3806 2393 τῶν
3835 2339 3996 2402 una

2410 2437 2666 2490 ἀκούσιον
2693 2437 2794 2488 οὐκ
2819 2435 3074 2504 ἑχόντων,
3109 2432 3278 2502 βαρὺς
3315 2433 3412 2485 καὶ
3457 2432 3658 2503 πικρὸς
3702 2431 3992 2502 τύραννος.

2410 2530 2521 2584 Καὶ
2557 2527 2958 2597 ταῦταδὶοὺχὶ
3013 2526 3084 2579 τὰ
3132 2524 3272 2594 Ima
3331 2525 3470 2594 μόνα
3719 2524 3860 2577 ἀλλὰ
3901 2525 3998 2577 καὶ

2417 2626 2572 2694 ήμείς
2601 2631 2630 2672 Ρ
2658 2621 2833 2684 αὐτοὶ,
2874 2618 3061 2688 φησὶν,
3101 2616 3209 2671 ἀπὸ
3236 2616 3344 2669 τῶν
3370 2615 3570 2686 ἔργων,
3598 2616 3636 2673 ἃ
3674 2617 3807 2677 τοὺς
3857 2616 3998 2684 ὑμε-

2376 2718 2600 2787 τέρους
2651 2713 2985 2782 ὀφθαλμοὺς,
3033 2712 3129 2766 καὶ
3175 2712 3274 2782 τήν
3323 2710 3553 2781 γνώμην
3611 2706 3998 2775 ἐφελκύσατο,

2413 2807 2697 2875 μάρτυρας
2721 2802 2873 2855 οὐδὶν
2900 2801 3122 2854 ἔλαττον
3157 2801 3563 2870 παρεστήσατε.
3607 2799 3837 2868 Ἔργοις
3882 2797 4000 2865 γὰρ

2413 2895 2508 2949 καὶ
2548 2896 2704 2948 αὐτοὶ
2741 2893 2840 2964 τὴν
2864 2892 3175 2962 μαρτυρίαν
3200 2890 3580 2958 είσηνέγκατε,
3610 2889 3689 2950 ὡς
3731 2888 3833 2940 καὶ
3883 2886 4001 2939 τῶν

2411 2987 2754 3057 ἀστηρίκτων
2779 2984 2878 3053 τήν
2914 2983 3160 3052 γνώμην,
3188 2982 3285 3036 καὶ
3313 2981 3423 3034 τῶν
3447 2984 3569 3044 ταῖς
3597 2981 3841 3051 ήδοναίς,
3897 2984 4001 3033 καὶ

2410 3077 2558 3148 δόξῃ.
2592 3075 2687 3132 καὶ
2718 3072 2931 3142 πλούτῳ
2955 3070 3347 3140 δουλουμένων,
3377 3070 3446 3122 δι’
3474 3063 3550 3124 ὧν
3585 3071 3616 3139 ή
3651 3071 3749 3122 ἐπὶ
3775 3070 3841 3123 τὸ
3889 3073 4004 3138 χεῖ-

2338 3197 2383 3257 c
2418 3187 2507 3237 ρον
2540 3165 2810 3238 μεταϐολὴ
2842 3164 2940 3218 καὶ
2966 3164 3423 3257 amcitiam—gnata!
3451 3165 3496 3257 ἡΔ
3535 3163 3729 3257 ἄγνοια
3761 3202 3806 3257 ,ῃ
3827 3165 3858 3217 ὁ
3897 3163 4006 3257 Βα-

2419 3259 2651 3327 πτιστὴς
2685 3257 3038 3326 ὑψηλότερος.
3086 3255 3226 3307 Ἀλλ’
3254 3245 3408 3317 οὗτος
3442 3254 3542 3324 μὲν
3567 3255 3728 3307 biiab
3745 3255 3850 3322 τῆς
3891 3253 4002 3306 τῶν

2417 3348 2701 3419 ἀκροατῶν
2725 3347 2908 3417 ψήφου
2937 3345 3045 3397 τῶν
3073 3343 3310 3398 ιπαίνων
3330 3342 3522 3405 τύπος.
3539 3343 3637 3406 Τίς
3652 3343 3745 3396 δ’ὁ
3768 3343 3999 3412 ἑφεξῆςς

2417 3442 2448 3511 ἢ
2479 3439 2727 3510 δῆλον’ὼς
2757 3440 2786 3491 ὁ
2816 3439 2880 3490 ὲκ
2908 3437 3005 3506 τῆς
3026 3436 3162 3498 ίδίας
3187 3435 3280 3487 καὶ
3295 3434 3999 3504 Δεσποτικῆςὰποφὰσεως-

2420 3536 2576 3598 ποίας
2609 3534 2842 3601 ταύτης;
2872 3532 3006 3594 Ναὶ,
3044 3531 3206 3601 φησι,
3239 3529 3384 3598 λέγω
3412 3531 3565 3599 ὑμῖν,
3592 3531 3676 3583 ὅτι
3710 3534 4005 3600 προφήτην

2418 3626 2671 3696 ἐξήλθετε
2723 3625 2892 3676 ίδείνο
2924 3622 3002 3685 ὡς
3050 3623 3275 3676 ἐκείνων
3327 3621 3486 3674 τοῦτο
3546 3622 3756 3688 σαφῶς,
3807 3621 3875 3674 δι’
3931 3615 4003 3674 ὧν

2417 3717 2656 3787 ἔπραξαν
2683 3727 2734 3778 (ι,
2763 3713 3156 3782 καταθεμένων
3193 3729 3206 3742 ⁸
3236 3714 3326 3767 ἵνα
3352 3712 3511 3782 εἴπῃς
3536 3728 3549 3741 ·
3581 3709 3715 3768 Οἶδα
3760 3713 3848 3764 ὃτι
3875 3712 4000 3764 οὔτε

2416 3809 2514 3879 τὴν
2559 3807 2785 3876 γνώμην
2833 3805 3150 3874 εὑρίπιστον
3180 3804 3470 3873 ἄνθρωπον
3502 3842 3520 3867 ,
3573 3804 3698 3856 οὔτε
3737 3805 4003 3871 φιλάργυ-

2422 3917 2552 3970 ρον,
2603 3899 2637 3968 ἢ
2689 3898 2963 3962 κενόδοξον
2994 3937 3011 3962 ,
3067 3895 3192 3950 οὔτε
3261 3896 3478 3966 τρυφῆς
3545 3895 3811 3949 ἐλάττονα
3843 3937 3862 3963 ,
3925 3899 4002 3958 εἰς

2416 3994 2515 4064 τὴν
2547 3992 2750 4062 ἔρημον
2784 3991 2910 4044 ἰδεῖν
2941 3989 3320 4059 ὲξεληλύθατε,
3349 3990 3466 4042 ἀλλ’
3496 3988 3700 4058 ὑψηλόν
3729 4006 3857 4040 τινα
3908 3992 4003 4041 καὶ

2421 4086 2733 4156 μετάρσιον,
2767 4086 2860 4136 καὶ
2887 4084 2980 4136 τοῦ
3000 4081 3340 4154 προφητικοῦ
3358 4081 3699 4151 χαρίσματος
3736 4083 3997 4150 μέτοχον·

2418 4180 2512 4234 καὶ
2556 4179 2736 4242 καλῶς
2766 4179 3127 4248 ὑπειλήφατε.
3162 4177 3268 4228 Ναὶ
3313 4176 3444 4245 γὰρ,
3504 4176 3648 4242 λέγω
3700 4176 3856 4244 ὑμῖν,
3917 4177 4001 4227 ὅτι

2417 4273 2704 4342 προφήτην
2728 4269 3088 4340 ἐξεληλύοατε
3117 4268 3266 4321 ἰδεῖν.
3289 4263 3422 4319 Εἶτα
3462 4268 3552 4319 καὶ
3582 4268 3646 4320 οὐ
3677 4267 3852 4336 μέχρι
3875 4265 3999 4318 τού-

2416 4381 2531 4428 του,
2571 4363 2707 4418 ἀλλὰ
2731 4364 2825 4416 καὶ
2861 4361 3245 4431 περισσότερον
3273 4359 3638 4426 ἀποφαίνεται
3686 4361 3998 4427 προφήτου.

2431 4452 2647 4521 Ἐπειδὴ
2675 4452 2731 4504 δὲ
2760 4453 2854 4504 καὶ
2881 4449 3088 4518 κριταὶ.
3120 4449 3214 4500 καὶ
3241 4446 3554 4515 νομοθέται.
3589 4448 3685 4499 καὶ
3729 4446 3999 4516 βασιλεῖς,

749 4535 916 4595 alicui
945 4535 1100 4591 alteri
1152 4547 1209 4590 ut
1244 4536 1469 4591 inferior
1528 4537 1877 4602 succumbat;
1913 4539 2073 4594 unica
2130 4553 2310 4594 asser-

2416 4545 2503 4598 ἐπ’
2529 4545 2696 4614 ἀρετῇ
2729 4543 2870 4611 μέγα
2900 4551 2924 4584 τ
2951 4540 3243 4594 κατέλιπον
3266 4554 3282 4573 ·
3317 4539 3404 4590 ἵνα
3447 4539 3521 4609 μή
3561 4539 3673 4590 τῶν
3701 4541 3807 4606 μὲν
3863 4554 4003 4608 προ-

751 4629 900 4682 tione
935 4643 1037 4682 sua
1075 4628 1378 4698 Baptistam
1409 4629 1586 4693 docet,
1632 4630 1772 4684 ultra
1819 4645 2012 4686 omnes
2067 4632 2316 4687 obtinere

750 4719 1234 4784 pt'zeetninentiam,
1299 4737 1317 4769 ι
1355 4716 1473 4773 Non
1522 4720 1782 4784 surrexit,
1832 4721 2110 4788 inquiens,
2170 4721 2315 4775 inter

749 4818 906 4863 natos
931 4809 997 4863 de
1021 4811 1268 4878 muliere,
1300 4811 1476 4886 major
1500 4811 1710 4867 Joanne
1743 4811 1982 4880 Baptista
2000 4812 2064 4866 ".
2095 4831 2112 4862 ι
2139 4815 2316 4883 Atque

750 4897 822 4948 ita
846 4904 934 4950 est
984 4899 1662 4956 secundusencomiorutn
1693 4902 1908 4955 modus.
1952 4901 2170 4958 Tertius
2199 4918 2314 4958 me-

746 4988 895 5044 dium
949 4989 1224 5045 interserit
1263 4994 1540 5063 prophetae
1611 4995 1929 5050 vaticinium
1985 4995 2241 5050 laudibus
2281 5011 2312 5050 a

748 5082 979 5137 Domino
1028 5085 1358 5152 praedicatis.
1397 5085 1494 5145 Hic
1519 5093 1602 5142 est
1651 5086 1906 5155 inquiens
1944 5088 2013 5142 de
2045 5103 2157 5158 quo
2177 5088 2314 5143 scri-

743 5185 894 5239 ptunt
927 5185 1030 5238 est,
1069 5190 1087 5223 ι
1129 5174 1267 5230 Ecce
1292 5191 1393 5246 ego
1443 5177 1600 5232 mitto
1655 5179 1908 5247 angelum
1959 5194 2140 5235 meum
2189 5190 2316 5233 ante

743 5262 938 5316 faciem
961 5274 1131 5332 tuam,
1159 5267 1250 5336 qui
1277 5269 1604 5338 praeparabit
1635 5272 1778 5324 viam
1810 5279 1956 5326 tuam
1976 5281 2102 5326 ante
2128 5272 2263 5327 te".
2288 5290 2308 5324 ι

745 5351 986 5411 ltelictus
1018 5369 1190 5413 restat
1236 5372 1471 5430 quartus
1525 5365 1742 5426 modus,
1791 5363 1858 5419 de
1893 5379 2002 5435 quo
2041 5365 2314 5435 praecipue

813 5540 859 5572 τ’
892 5536 1022 5594 Luc.
1070 5554 1165 5603 vlt,
1191 5538 1276 5593 28.
1355 5541 1399 5570 "
1437 5541 1625 5600 Matth.
1665 5557 1743 5605 xl,
1796 5542 1882 5597 l0.

2415 4635 2608 4706 φητών
2639 4633 3043 4704 περισσότερος,
3091 4630 3200 4683 τῶν
3244 4629 3421 4682 ἄλλων
3469 4628 3525 4680 δέ
3576 4645 3723 4692 τινος
3766 4628 4002 4698 νομισῦᾖ

2422 4725 2768 4796 ἐνδεέστερος
2793 4740 2807 4754 ο
2849 4723 2952 4794 μιᾷ
2981 4721 3122 4775 κατὰ
3148 4719 3366 4772 πάντων
3407 4718 3706 4786 ἀποφάσει,
3758 4720 3831 4772 τὰ
3871 4736 4004 4788 πρε-

2419 4814 2574 4867 σϐεῖα
2603 4812 2791 4884 φέρειν
2817 4812 2911 4864 τὸν
2956 4809 3268 4877 Βαπτιστὴν
3303 4807 3658 4876 ἀνεκήρυξεν,
3694 4809 3844 4861 «Οὐκ
3873 4809 4003 4875 ἐγή-

2416 4921 2628 4975 γερται,
2660 4902 2850 4965 εἰπὼν,
2884 4905 2942 4955 ὲν
2971 4902 3248 4970 γεννητοῖς
3274 4899 3573 4966 γυναικῶν,
3616 4899 3826 4968 μείζων
3881 4900 4000 4951 Ἰω-

2420 4999 2578 5051 άννου
2603 4996 2694 5049 τοῦ
2728 4993 3050 5050 Βαπτιστοῦ.
3070 5011 3088 5042 ι
3110 4992 3249 5046 Ἀλλ’
3273 4983 3427 5052 οὗτος
3457 4990 3579 5057 μὲν,
3613 4991 3710 5042 καὶ
3750 4993 3782 5044 ὁ
3811 4991 3999 5044 datiu-

2424 5105 2514 5160 ρος
2536 5088 2646 5141 τῶν
2682 5086 2972 5156 ἐγκωμίων
2996 5085 3186 5146 τύτως.
3229 5083 3290 5134 '0
3332 5082 3390 5134 δὲ
3408 5082 3614 5151 τρίτος,
3652 5081 3860 5151 μεταξῦ
3889 5083 4002 5136 τῶν

2420 5176 2764 5232 Δεσποτικῶν
2792 5176 3052 5234 ἐπαίνων,
3078 5173 3176 5242 τὴν
3224 5170 3574 5241 προφητικὴν
3627 5169 4001 5239 προεαλλεται

2423 5269 2747 5342 μαρτυρίαν.
2780 5262 2947 5330 Οὗτος
2976 5267 3108 5336 γὰρ,
3152 5264 3319 5334 φησὶν
3347 5301 3362 5324 ,
3390 5263 3520 5331 περὶ
3548 5255 3611 5314 οὖ
3657 5261 3997 5330 γέγραπται·

2427 5381 2448 5416 ι
2495 5361 2626 5417 Ἰδοὺ
2659 5358 2771 5430 ἐγὼ
2807 5357 3119 5414 ἀποστέλλω
3144 5357 3236 5412 τὸν
3264 5352 3497 5425 ᾇτγελόν
3525 5368 3629 5423 μου
3670 5353 3782 5423 πρὸ
3829 5361 3998 5420 προσ-

2004 5697 2237 5753 νΑΙίίιΕ
2271 5694 2673 5752 LECTIONES.

882 5849 921 5877 ³
951 5843 1038 5899 ίσ.
1070 5841 1359 5906 εὐάλωτος.
1472 5851 1497 5879 ιι
1529 5843 1611 5896 ῖσ.
1639 5843 1715 5896 τά.
1836 5857 1846 5874 ι
1877 5844 1960 5897 iu.
1996 5843 2305 5913 διαπλῆσαι.

2418 5854 2444 5894 P
2475 5843 2652 5912 ὑμεῖς.
2735 5848 2762 5888 ει
2784 5836 3006 5909 ἔπραξε.
3122 5844 3137 5866 '
3171 5835 3242 5887 ἵτ.
3280 5831 3432 5895 κλέος
3466 5830 3546 5886 vel
3585 5829 3757 5899 ὄνομα
3783 5826 3959 5884 deest.
