4162 6442
242 454 378 520 1009

1107 461 1209 522 ΑΙ)
1267 461 1856 527 AMPHILOCHIUM
1906 463 2255 537 QUESTIO
2293 464 2575 526 CCXX“.

3340 471 3485 537 1010

239 573 387 626 damn
426 590 520 627 σου
545 615 563 641 ,
593 575 654 639 δς
686 576 1083 630 κατασκευάσει
1111 577 1214 648 τὴν
1254 578 1374 633 ὀδόν
1418 596 1513 633 σου
1569 579 1811 651 εμπροσ-

1914 581 2220 637 instituitur
2241 580 2581 651 disquisitio,
2636 582 2728 655 qui
2761 592 2817 638 et
2864 584 2998 654 ipse,
3033 593 3093 641 ιιι
3118 586 3353 657 primus,
3384 605 3481 657 per

242 665 331 717 οέν
362 683 476 720 σου.
511 685 531 718 ι
558 668 759 730 homo;
786 667 845 721 δὲ
889 667 986 720 καὶ
1032 669 1343 732 τελευταῖός
1383 672 1522 736 ἔστι,
1565 673 1695 742 περ).
1745 663 1807 725 οὗ

243 754 472 822 μάλιστα
516 756 609 809 καὶ
662 758 696 827 ἡ
732 755 943 826 σκέψις,
986 757 1068 821 ὃς,
1096 758 1349 830 καθάπερ
1378 761 1525 815 καὶὸ
1570 760 1807 830 πρῶτος,

239 847 299 911 ἐξ
336 846 664 913 ἀναιρέσεως
694 850 794 919 μίν
814 851 931 904 εστι
958 850 1058 920 τῆς
1091 850 1402 921 μηδαμόθεν
1429 855 1810 922 προσηκούσης

239 933 320 1002 τῷ
348 935 622 1007 Bait-stati:
672 936 991 1007 ὑπολήψεως
1012 952 1029 969 ο
1061 940 1183 993 κατ’
1213 939 1484 1012 ιρὼτησιν
1512 940 1571 994 δὲ
1596 942 1810 1012 ἀπορη-

243 1026 479 1096 ματικην
504 1027 600 1080 καὶ
625 1026 809 1094 αὐτὸς,
831 1028 933 1082 οὐκ
961 1027 1024 1095 ἑξ
1050 1029 1290 1096 εὐθείας,
1308 1015 1811 1101 ούδίάποφατικῶς

240 1116 486 1187 πρόεισιν
505 1134 521 1149 ·
551 1118 616 1172 ἐκ
645 1118 703 1173 δι
730 1118 828 1174 τοῦ
857 1120 1249 1192 συμϐαίνοντος
1280 1123 1655 1195 ἀτοπήματος,
1707 1124 1810 1195 τὴν

241 1209 455 1280 φαύλην
489 1211 761 1283 ὑπόληψιν
798 1213 1018 1285 ἀναιρεῖ
1041 1232 1058 1249 ·
1086 1216 1340 1269 κάκεῖθεν
1388 1217 1668 1271 διαπλέκει
1716 1218 1811 1271 καὶ

241 1292 629 1373 συνάπαρτίζει
658 1304 737 1376 τῷ
761 1306 1042 1379 Bennett]
1080 1308 1142 1362 τὸ
1166 1308 1461 1380 ἐγκώμιον.
1493 1309 1591 1373 Τίς
1625 1308 1719 1363 οὖν
1773 1309 1829 1380 η’

237 1391 437 1463 ψευδὴς
465 1394 771 1465 ύπόληψιςς
803 1397 877 1450 Τὸ
908 1398 1129 1468 νομίσαι
1154 1400 1308 1462 τινὰς
1353 1401 1445 1455 τὸν
1499 1400 1810 1471 Βαπτιστὴν

240 1482 505 1552 ἀγνοῆσαι
542 1482 634 1538 τδν
690 1487 1116 1557 κηρυσσόμινον,
1168 1489 1263 1543 καὶ
1304 1487 1395 1543 διὰ
1437 1488 1596 1543 τοῦτο
1643 1507 1813 1562 προσ-

238 1575 483 1639 ενεγκεῖν
532 1574 631 1645 τὴν
654 1575 939 1647 ίρώτησιν.

314 1665 379 1717 Ti
408 1664 465 1718 δὲ
485 1665 547 1718 τὸ
576 1667 843 1737 ἑπόμενον
873 1670 1113 1739 hom;
1147 1671 1224 1725 Τδ
1260 1671 1623 1744 ὲρῤίφθαιδιά
1652 1671 1813 1727 τοῦτο

238 1756 342 1827 τῆς
371 1756 647 1827 βασιλείας
679 1759 789 1814 τῶν
838 1762 1104 1833 οὐρανῶν.
1152 1763 1213 1818 '0
1241 1765 1351 1836 7&9
1382 1766 1441 1818 tv
1476 1765 1613 1835 αὐτῇ
1673 1764 1811 1817 πάν-

239 1864 353 1900 των
378 1849 721 1922 μικρότερος,
750 1850 894 1917 τίνος
920 1853 1081 1911 ἄλλου
1104 1855 1308 1925 μείζων
1324 1856 1415 1927 είη
1446 1856 1537 1923 ἂν,
1558 1856 1695 1927 πλὴν
1714 1854 1811 1909 τοῦ

240 1940 432 2011 πόρρω
444 1919 649 2013 τὸιύτής
664 1944 1079 2017 ἀπεληλαμένον
1139 1947 1239 2003 Διὰ
1267 1949 1321 2002 τί
1342 1947 1387 2002 δ’
1398 1919 1810 2021 ἀπορρίπτοιτο,
1837 1919 1886 1980 Β

238 2030 364 2083 οὐδὲ
404 2030 565 2100 λόγου
595 2033 791 2090 δεῖται.
820 2037 932 2090 Καὶ
963 2036 1093 2109 γὰρ,
1120 2039 1240 2109 ὁμὴ
1273 2040 1636 2109 πεπεισμένος
1663 2041 1815 2109 ἀκρι-

238 2121 355 2186 ϐῶς
378 2123 471 2177 τὺν
510 2126 575 2178 ὲκ
608 2125 883 2197 Παρθένου
912 2129 1011 2198 μὲν
1041 2130 1397 2199 γεννηθέντα,
1428 2129 1531 2183 ὑπὸ
1573 2128 1816 2182 Ἰωάννου

236 2213 303 2267 δὲ
360 2214 744 2285 βαπτισθέντα,
775 2219 879 2271 ὑπὸ
903 2219 959 2273 δι
986 2220 1088 2290 τῆς
1129 2221 1342 2292 [ἰατρὸς
1370 2221 1556 2292 φωνῆς
1608 2238 1819 2292 μαρτυ-

241 2305 500 2375 ρηθέντα,
534 2309 631 2362 καὶ
657 2309 761 2363 ὑπὸ
787 2310 881 2365 τοῦ
905 2311 1201 2380 συγγενοῦς
1222 2312 1605 2384 ὑποδειχθέντα
1637 2314 1811 2368 Ilvati-

241 2416 435 2467 ματος,
485 2399 674 2454 τοῦτον
714 2403 1009 2475 Δυτρωτὴν
1037 2405 1132 2458 τοῦ
1168 2406 1401 2474 κόσμου,
1441 2408 1536 2461 καὶ
1564 2407 1659 2461 τοῦ
1690 2408 1818 2480 ᾅδου

237 2491 574 2561 καθαιρέτην
612 2487 772 2559 εἶναι,
800 2494 957 2565 δῆλον
994 2494 1070 2559 ὡς
1106 2497 1136 2548 ό
1168 2496 1429 2563 τοιοῦτος,
1456 2497 1613 2563 ἐκτός
1653 2501 1769 2554 ἔστι
1790 2511 1813 2540 ι

235 2582 344 2653 τῆς
367 2582 644 2653 βασιλείας
664 2584 775 2638 τῶν
798 2587 1065 2656 οὐρανῶν.
1103 2587 1224 2651 Πῶς
1252 2589 1366 2659 γὰρ
1388 2590 1456 2643 ἂν
1472 2588 1814 2662 κληρονομή-

238 2690 361 2726 σειε
403 2672 703 2744 βασιλείαν,
736 2678 764 2729 ό
792 2677 931 2747 μηδὲ
970 2678 1060 2731 τὸν
1086 2679 1292 2749 ταύτης
1326 2682 1687 2752 ἐπιστάμενος
1709 2685 1817 2752 Δη-

241 2766 528 2835 μιουργδν,
558 2768 654 2821 καὶ
684 2768 963 2838 διανομέα,
1015 2771 1111 2824 καὶ
1148 2772 1483 2844 κληροῦχον;
1515 2772 1650 2830 Εἶτα
1700 2776 1815 2842 πῶς

235 2855 544 2924 ἀναιρεῖται
574 2853 637 2907 τὸ
662 2855 862 2911 ἄτοπον
888 2874 903 2924 ;
932 2857 1042 2911 Καὶ
1078 2859 1301 2914 αὐτόθεν
1362 2860 1485 2930 μέν.
1533 2860 1658 2924 Πῶς
1708 2863 1816 2935 γὰρ

236 2948 351 2999 οὐκ
395 2949 618 3013 ἄτοπον,
662 2949 752 3002 τὸν
798 2948 979 3014 ἄλλοις
1028 2951 1340 3019 κηρύξαντα
1382 2952 1484 3024 τὴν
1518 2953 1813 3024 βασιλείαν,

238 3041 412 3095 αὐτὸν
441 3042 698 3095 ἐκπεσεῖν
743 3042 981 3111 ταύτηςς
1023 3042 1181 3097 Ἄ).λά
1225 3061 1291 3113 γε
1323 3045 1419 3098 καί⁵
1463 3049 1528 3099 ἐκ
1557 3045 1668 3099 τῶν
1711 3045 1815 3118 ἐμ-

240 3131 482 3201 προσοεν
506 3133 837 3203 εἰρημένων.
873 3134 935 3187 El
962 3132 1055 3187 οὖν
1080 3136 1315 3205 ἠγνόησε
1344 3137 1463 3206 μὲν,
1497 3139 1635 3209 ὅπερ
1670 3140 1815 3209 *ἐκή-

240 3222 430 3319 ρυξεν,
459 3226 488 3276 ό
529 3222 780 3319 duxi-wn;
802 3240 818 3256 '
850 3224 1017 3279 ἔδωκε
1040 3226 1096 3279 δὲ
1123 3226 1265 3299 λήθῃ
1304 3228 1374 3281 τὰ
1396 3227 1601 3282 ἀνωθεν
1650 3229 1817 3299 ηκου-
1838 3257 1884 3319 C

240 3315 454 3385 σμένα·
482 3316 583 3369 οὐκ
602 3313 710 3370 οἶδε
746 3316 803 3370 δὲ
826 3315 885 3369 δν
912 3316 1205 3372 ἐϐάπτισεν
1230 3334 1245 3352 ο
1286 3321 1470 3391 ἐρωτᾷ
1521 3320 1567 3374 δ’
1597 3321 1684 3375 ἵνα
1710 3322 1815 3393 μά-

239 3408 343 3475 03.
391 3405 473 3469 τίς
498 3408 646 3459 ἐστιν
667 3409 696 3461 ό
728 3409 1179 3478 προσδοκώμενος
1199 3425 1216 3442 .
1250 3410 1413 3478 δῆλον
1439 3412 1516 3475 ὡς
1540 3412 1662 3465 οὐδὲ
1714 3413 1814 3481 τῆς

246 3495 528 3564 βασιλείας
554 3497 711 3562 ὅλως,
740 3497 860 3551 οὐδὲ
894 3498 1013 3551 καθ’
1045 3500 1112 3568 ἠν
1132 3500 1162 3552 ὁ
1197 3500 1517 3571 μικρότερος
1545 3502 1814 3556 διαιτᾶται

246 3587 405 3655 λῆξιν
434 3627 450 3649 ,
544 3588 665 3642 οὐδὲ
726 3588 943 3659 ἰταύτης
1008 3588 1389 3660 ἀξιωθήσεται.
1466 3592 1628 3645 Ἀλλὰ
1710 3593 1817 3645 τῶν

247 3680 353 3745 μὲν
401 3677 521 3731 λίαν
578 3678 942 3733 ἀτοπωτάτων
1002 3680 1195 3745 τοῦτο,
1248 3682 1319 3735 τά
1389 3698 1452 3735 τε
1513 3683 1650 3737 ἄλλα
1720 3685 1813 3738 ml.

247 3772 316 3822 ἐκ
344 3769 450 3822 τῶν
477 3770 681 3823 ἄνωθεν
704 3771 1029 3840 εἰρημένων.
1057 3771 1167 3824 Ποῦ
1196 3772 1303 3843 7&9
1329 3775 1632 3845 προφήτης,
1658 3777 1686 3828 ὁ
1712 3793 1819 3846 μη-

245 3862 306 3914 δὲ
338 3862 405 3914 τὰ
457 3863 515 3915 ὲν
557 3862 711 3932 χερσὶ
756 3862 1004 3933 purum;
1049 3862 1160 3916 Ποῦ
1189 3863 1247 3919 δὲ
1294 3865 1588 3935 προφητῶν
1624 3882 1819 3936 περισ-

249 3956 490 4023 σότερος,
507 3955 603 4007 καὶ
630 3942 795 4008 αὑτὸν
821 3954 912 4008 τὸν
942 3955 1351 4026 κηρυσσόμενον
1373 3958 1645 4028 ἀγνοήσας
1674 3974 1690 4022 ;
1727 3960 1818 4014 Ἑν

245 4048 533 4116 γεννητοῖς
560 4046 618 4099 δὲ
646 4046 920 4113 γυναικῶν
957 4046 1158 4116 μείζων
1206 4048 1325 4113 πῶς
1377 4050 1463 4115 ἂν,
1506 4053 1534 4104 ὁ
1566 4052 1699 4121 μηδὲ
1720 4052 1819 4123 τῆς

1911 677 2257 746 negationem
2282 675 2431 731 illius
2488 676 2766 746 opinionis
2799 679 3171 745 constituitur,
3211 696 3376 750 quam
3411 687 3481 739 de

1910 766 2151 837 Baptista
2178 767 2467 837 concipere
2485 783 2593 822 non
2619 779 2737 823 erat
2759 785 2998 840 aequum.
3029 768 3481 827 Proceditautem

1911 860 2028 930 ipse
2060 858 2280 926 modus,
2307 874 2405 929 per
2453 859 2937 930 interrogationem
2972 863 3482 933 dubitationesque,

1911 965 2021 1004 non
2058 950 2264 1006 directe
2304 965 2408 1006 nec
2462 950 2788 1007 adirmstive
2847 955 3211 1023 proponitur;
3252 970 3478 1025 pravam

1909 1051 2093 1099 autem
2125 1044 2275 1099 illam
2331 1042 2651 1114 opinionem
2695 1045 2843 1100 tollit
2872 1062 2970 1117 per
2998 1048 3297 1103 absurdum
3329 1050 3480 1119 quod

1908 1136 2265 1205 consequitur
2314 1136 2449 1191 illud
2482 1153 2497 1202 ;
2537 1145 2705 1206 atque
2754 1137 2881 1192 inde
2936 1139 3227 1209 complicat
3264 1150 3318 1194 et
3342 1155 3481 1195 con-

1910 1239 2150 1283 summat
2182 1226 2443 1298 Baptista
2476 1228 2812 1284 encomium.
2863 1228 3148 1295 Quodnam
3176 1231 3344 1301 igitur
3371 1231 3479 1286 l‘al-

1908 1333 2031 1374 sum
2088 1318 2235 1388 quod
2266 1316 2623 1386 supponitur?
2662 1331 2854 1385 nempe
2887 1331 3007 1371 esse
3060 1316 3153 1385 qui
3183 1318 3481 1385 opinaren-

1911 1418 1998 1465 tur
2032 1408 2332 1479 Baptistam
2397 1409 2681 1479 ignorasse
2707 1422 2857 1472 eum,
2914 1422 3081 1477 quem
3127 1408 3481 1478 praedicabat,

1909 1510 2072 1570 atque
2096 1500 2219 1555 ideo
2245 1500 2605 1569 quaestionem
2632 1498 2955 1554 instituisse.

1984 1672 2343 1743 Consequens
2365 1672 2691 1737 absurdum,
2727 1670 3002 1742 quodnam
3029 1671 3159 1727 est?
3196 1668 3481 1734 nimirum,

1911 1766 2057 1837 quod
2086 1765 2160 1819 ita
2182 1780 2214 1820 a
2234 1778 2402 1834 regno
2416 1764 2684 1819 cmlorutn
2714 1764 3056 1819 excludetur.
3084 1761 3188 1828 Qtti
3223 1760 3483 1818 omnibus

1912 1864 1964 1910 et
1981 1852 2213 1924 singulis
2230 1852 2288 1907 in
2318 1852 2413 1907 illo
2432 1867 2602 1923 regno
2618 1852 2935 1908 constitutis
2965 1851 3143 1906 minor
3167 1862 3272 1915 est,
3304 1863 3482 1919 ecquo

1917 1945 2091 2015 major
2109 1944 2439 2011 invenietur,
2462 1943 2568 1999 nisi
2590 1958 2677 2009 eo,
2710 1944 2804 2013 qui
2833 1944 2902 1998 ab
2932 1943 3026 1998 illo
3043 1944 3201 2014 longe
3231 1943 3481 1998 eliminet

1919 2036 2047 2093 tur?
2086 2034 2200 2092 Nec
2220 2045 2304 2090 est
2322 2048 2463 2105 opus
2491 2034 2692 2090 docere
2720 2049 2820 2090 cur
2844 2036 2928 2091 sic
2946 2035 3294 2091 excludatur.
3325 2034 3484 2089 Patet

1915 2128 2142 2185 omnino
2174 2126 2323 2197 quod
2356 2136 2513 2181 extra
2540 2127 2805 2182 collorum
2834 2141 3062 2198 regnum
3082 2141 3344 2182 emansor
3376 2126 3484 2182 erit

1915 2222 2026 2289 ille,
2059 2220 2154 2292 qui
2185 2234 2296 2275 non
2330 2218 2561 2274 ﬁrmiter
2578 2219 2894 2285 crediderit,
2923 2229 3109 2273 ustum
3140 2219 3207 2273 de
3243 2216 3484 2288 Virgine,

1914 2314 2249 2383 baptizatum
2281 2326 2313 2366 a
2335 2309 2573 2375 Joanne,
2603 2320 2842 2380 paternae
2868 2310 3018 2365 vocis
3049 2310 3365 2365 testimonio
3389 2310 3488 2365 de-

1915 2406 2247 2464 nuntiatum.
2266 2418 2299 2457 a
2328 2401 2623 2473 congeneni
2656 2402 2850 2472 spiritu
2880 2401 3337 2465 demonstratum,
3378 2398 3485 2455 Re-

1914 2498 2256 2566 demptorem
2273 2494 2464 2549 mundi
2480 2508 2627 2557 esse,
2641 2501 2697 2548 et
2714 2494 2914 2548 inferni
2942 2492 3315 2563 spoliatorem.
3332 2491 3485 2558 Quo-

1917 2589 2079 2643 modo
2107 2602 2336 2657 regnum
2365 2585 2501 2640 illud
2531 2586 2877 2641 haereditabit
2907 2587 2976 2651 is,
3011 2586 3107 2657 qui
3142 2586 3487 2639 conditorem

1917 2678 2129 2748 ignoret
2178 2676 2320 2746 ejus,
2371 2677 2465 2746 qui
2517 2677 2978 2746 dispensatorem,
3014 2676 3108 2746 qui
3160 2675 3485 2731 sortitorem

1914 2781 2010 2825 aut
2025 2768 2480 2824 distributorem?
2510 2768 2624 2825 lloc
2646 2780 2826 2823 autem
2854 2770 3153 2824 absurdum
3210 2768 3487 2837 quomodo

1918 2860 2160 2915 tollitur?
2189 2873 2284 2927 per
2356 2859 2621 2930 seipsum,
2690 2875 2904 2930 nempe,
2957 2860 3105 2929 quod
3162 2858 3233 2913 sit
3288 2859 3487 2912 absur-

1914 2953 2067 3006 dum.
2096 2951 2177 3006 Ita
2204 2959 2287 3006 est
2318 2951 2492 3015 enim,
2518 2962 2579 3005 ut
2599 2951 2647 3006 is
2672 2951 2768 3020 qui
2800 2951 2925 3005 aliis
2950 2951 3317 3005 annuntiabat
3355 2947 3488 3003 illud

1914 3058 2162 3112 regnum,
2191 3043 2261 3097 ab
2286 3043 2404 3113 ipso
2438 3042 2555 3111 ipsc
2579 3042 2993 3105 excluderetur;
3021 3042 3117 3097 sed
3146 3050 3204 3096 et
3230 3041 3299 3096 ab
3333 3050 3489 3095 ante-

1914 3135 2073 3190 dictis
2125 3135 2383 3189 tollitur:
2440 3133 2499 3188 Si
2555 3133 2846 3203 ignorabat
2901 3147 3064 3200 quem
3127 3131 3489 3187 annuntiabat

1916 3225 2175 3293 Joannes,
2205 3228 2251 3281 si
2267 3224 2544 3281 oblivione
2575 3225 2789 3295 sepeliit
2812 3240 2936 3295 qua:
2963 3225 3032 3279 de
3048 3225 3187 3279 caelo
3219 3225 3488 3291 audierat,

1917 3319 1963 3374 si
2015 3332 2125 3373 non
2149 3318 2361 3373 noverit
2396 3332 2560 3388 quem
2592 3317 2941 3386 baptizabat;
2973 3317 3168 3386 quarrit
3194 3325 3401 3380 autem,
3432 3323 3493 3371 ut

1915 3411 2240 3467 inl'ormetur
2266 3426 2281 3464 :
2312 3410 2450 3478 Quis
2490 3419 2575 3466 est
2600 3410 2698 3479 qui
2739 3417 3117 3478 exspectatur.
3153 3408 3312 3462 Certe
3346 3415 3494 3477 patet

1915 3502 2061 3573 quod
2092 3517 2192 3557 nec
2216 3516 2385 3572 regno
2408 3501 2677 3557 cmlorutn
2710 3515 2811 3555 nec
2852 3503 2960 3554 isto
2988 3510 3135 3554 statu
3164 3498 3364 3569 dignus
3394 3497 3495 3552 ha-

1916 3595 2097 3659 betur,
2128 3594 2183 3647 in
2232 3608 2343 3663 quo
2367 3593 2463 3662 qui
2495 3591 2759 3646 minimus
2786 3600 2870 3645 est
2902 3598 3175 3645 versatur.
3216 3589 3325 3643 Sed
3366 3602 3493 3646 esse

1916 3684 2023 3739 hoc
2068 3688 2208 3738 inter
2233 3682 2630 3737 absurdissima
2663 3680 3023 3745 censendum,
3075 3695 3200 3735 cum
3241 3679 3489 3743 aliunde,

1917 3785 2079 3830 tuine
2107 3775 2266 3830 dictis
2305 3775 2375 3828 ab
2404 3773 2561 3828 ittitio
2593 3782 2761 3843 patet.
2800 3770 2901 3827 Ubi
2926 3780 3014 3827 est
3052 3774 3341 3841 propheta,
3396 3771 3493 3840 qui

1916 3882 2019 3921 nec
2067 3882 2189 3935 qua:
2227 3878 2354 3921 ante
2414 3864 2580 3935 pedes
2611 3873 2889 3934 ponuntur
2935 3862 3124 3918 videt?
3164 3863 3266 3919 Ubi
3315 3862 3493 3931 major

1917 3958 2218 4028 prophetis,
2248 3958 2343 4027 qui
2381 3972 2545 4027 quem
2583 3958 2944 4011 annuntiabat
2983 3954 3318 4025 ignorabat?
3348 3954 3495 4011 Inter

1918 4061 2076 4106 natos
2107 4052 2421 4114 mulierum,
2458 4049 2735 4119 quomodo
2765 4060 2884 4103 erat
2914 4048 3111 4119 major,
3163 4048 3259 4118 qui
3320 4062 3493 4117 regno

248 4137 530 4206 βασιλείας
561 4136 746 4204 ἄξιοςς
776 4140 876 4193 οὐκ
904 4138 1013 4210 ἄρα
1040 4141 1369 4211 μικρότερος
1419 4142 1674 4213 οὐδαμῶς
1721 4144 1818 4197 τοῦ

1917 4144 2172 4213 indignus
2189 4151 2274 4196 est
2297 4142 2321 4195 2
2351 4139 2470 4196 Non
2494 4151 2580 4196 est
2607 4143 2753 4197 enim
2785 4144 2965 4197 minor
3004 4142 3230 4195 minimo
3257 4142 3307 4194 in
3329 4155 3493 4211 regno

248 4230 581 4300 μικροτέρου
618 4230 726 4282 τῶν
755 4232 814 4283 ἑν
847 4230 1096 4302 βασιλείᾳ
1124 4231 1234 4285 τῶν
1260 4234 1527 4305 οὐρανῶν,
1575 4234 1684 4288 οὐδ’
1711 4236 1818 4305 ἄρα

1916 4231 2214 4296 cmlorum;
2256 4246 2364 4285 non
2396 4231 2562 4301 igitur
2602 4233 2871 4303 ignoravit
2901 4247 3064 4301 quem
3090 4233 3490 4287 annuntiabat:

242 4322 535 4392 ἠγνόησενι
570 4322 630 4375 δν
656 4322 953 4392 ἐκήρυξεν·
1009 4324 1119 4377 οὐδ’
1172 4325 1239 4379 ἶν’
1284 4325 1446 4389 αὐτὸς
1479 4327 1647 4398 μέθη,
1701 4328 1818 4381 ἀλλ.

1919 4334 2025 4374 non
2057 4328 2118 4373 ut
2178 4320 2293 4389 ipse
2320 4320 2511 4385 sciret,
2552 4324 2649 4376 sed
2686 4331 2745 4376 ut
2766 4323 3018 4391 discipuli
3046 4324 3117 4377 ab
3167 4322 3343 4377 oculis
3372 4339 3490 4377 tne-

246 4415 340 4464 ῑνα
365 4413 492 4474 τοὺς
526 4413 772 4483 μαθητὰς
820 4413 909 4465 διὰ
937 4413 1037 4483 τῆς
1062 4414 1328 4484 αύτοψίας
1380 4415 1669 4487 βελτιὼση,
1719 4419 1818 4486 τὴν

1920 4414 2280 4480 liorarentur,
2312 4413 2618 4469 doctrinam
2648 4429 2744 4482 per
2792 4413 3115 4484 quaestionis
3133 4412 3363 4467 formam
3411 4412 3496 4466 in-

241 4506 595 4557 διδασκαλίαν
619 4506 698 4567 εἰς
727 4506 995 4575 ἐρώτησιν
1025 4507 1384 4577 ἐσχημάτισε.
1454 4509 1596 4562 Ἀλλ’
1654 4512 1687 4580 ή
1716 4512 1816 4580 μὲν

1921 4503 2119 4555 stituit.
2154 4501 2333 4569 Atque
2356 4501 2433 4554 ita
2465 4500 2540 4554 sit
2569 4501 2739 4554 totius
2759 4500 2925 4568 hujus
2956 4500 3059 4554 loci
3095 4498 3365 4555 sententia
3392 4514 3492 4552 cx-

240 4598 377 4665 ὂλης
415 4597 691 4660 ιδιανοίας
733 4598 1028 4665 ἀνάπτυξις
1079 4599 1241 4671 αὕτη.
1298 4602 1356 4655 ’0
1408 4601 1466 4655 δὲ
1494 4605 1818 4667 Δεσποτικὸς

1919 4592 2140 4662 plicata.
2199 4591 2415 4645 Domini
2456 4604 2638 4646 autem
2689 4594 2858 4645 nostri
2889 4591 3137 4645 divinum
3194 4591 3489 4644 oraculum

244 4691 344 4741 καὶ
382 4686 526 4749 Θεῖος
571 4687 838 4759 χρησμὸς,
891 4687 1075 4759 δριμεῖ
1124 4706 1184 4742 τε
1244 4693 1338 4743 καὶ
1396 4693 1818 4765 συντετμημένῳ

1918 4696 2109 4737 severo
2139 4682 2375 4751 quodam
2408 4690 2464 4735 et
2492 4690 2780 4737 contracto
2812 4692 3070 4735 sermone
3112 4680 3355 4734 adhibita
3395 4682 3495 4733 dn-

240 4779 415 4848 λόγῳ,
445 4778 534 4831 διὰ
560 4777 654 4837 τοῦ
697 4781 818 4833 κατ’
846 4778 1114 4856 ἐρώτησιν
1140 4780 1564 4852 ἀπορηματικοῦ
1618 4784 1816 4851 τύπου,

1916 4772 2203 4828 bitationis
2230 4788 2326 4841 per
2364 4774 2723 4843 quaestionem
2756 4770 2929 4825 forma
2965 4771 3269 4840 generalem
3306 4786 3501 4841 sugge-

239 4868 348 4939 τὴν
376 4866 506 4936 ὃλην
539 4867 886 4939 παρέστησεν
927 4867 1172 4934 ἔννοιαν,
1203 4869 1396 4936 εἰπὼν,
1436 4887 1456 4922 ε
1502 4869 1561 4923 '0
1619 4869 1678 4922 δὲ
1731 4888 1818 4940 μι-

1917 4865 1991 4919 rit
2024 4864 2465 4935 intelligentiam,
2499 4881 2622 4919 cum
2656 4864 2811 4925 dicit,
2859 4881 2877 4913 t
2913 4864 3104 4932 Atqui
3136 4864 3397 4918 minimus
3417 4872 3502 4918 est

239 4961 507 5031 κρότερος
534 4962 593 5013 ὲν
620 4962 687 5031 τῇ
719 4958 963 5029 βασιλείᾳ.
992 4959 1102 5019 τῶν
1132 4959 1398 5031 οὐρανῶν,
1459 4962 1663 5031 μείζων
1712 4962 1815 5014 αὑ-

1916 4959 1971 5011 itt
2004 4972 2170 5027 regno
2190 4958 2456 5011 caalorum
2488 4959 2581 5011 illo
2612 4958 2783 5026 major
2802 4964 2886 5009 est
2914 4955 2937 5007 ?
2961 4972 2980 5004 ι
3005 4954 3129 5009 Haec
3152 4971 3251 5009 vox
3285 4970 3409 5007 cum
3430 4972 3497 5019 cx

237 5051 343 5105 τοῦ
377 5053 527 5117 toti;
567 5070 586 5105 I
617 5051 832 5122 Ταύτης
856 5053 965 5122 γὰρ
992 5051 1090 5121 τῆς
1125 5054 1327 5122 φωνῆς.
1360 5051 1420 5120 ἐξ
1452 5053 1622 5123 αὐτῆς
1646 5053 1818 5124 ἀκοῆς

1914 5050 2033 5119 ipso
2050 5049 2237 5104 auditu
2263 5048 2686 5117 intelligebatur,
2716 5057 2771 5103 et
2796 5062 2920 5103 cum
2944 5062 3041 5116 per
3070 5047 3292 5099 nimiam
3310 5047 3501 5103 absur-

237 5142 602 5214 ἀπαντώσης,
632 5145 726 5197 καὶ
753 5147 818 5214 τῇ
853 5144 946 5197 τοῦ
981 5144 1333 5213 ἀτοπήματος
1385 5144 1659 5215 ὑπερϐολῇ
1718 5146 1818 5205 οὐκ

1914 5140 2140 5195 ditatem
2185 5156 2295 5195 non
2325 5143 2567 5210 patiatur
2595 5156 2696 5195 nos
2732 5140 2787 5193 in
2822 5138 3211 5206 cogitationem
3250 5139 3496 5208 aliquam

238 5235 428 5305 ἐώσης
460 5236 541 5297 είς
568 5235 792 5306 ἀπρεπῆ
820 5253 943 5290 τινα
978 5235 1249 5307 ὑπόληψιν
1282 5234 1379 5290 τοῦ
1413 5236 1511 5307 τῆς
1557 5235 1818 5307 ἀληθείας

1915 5232 2247 5288 descendere
2284 5232 2353 5287 de
2382 5233 2613 5288 veritate
2662 5231 2826 5301 hujus
2866 5230 3157 5301 praconis,
3221 5231 3409 5287 statim
3436 5232 3494 5288 in

237 5328 493 5398 κήρυκος
525 5328 888 5398 ἀπενεχθῆναι
907 5345 924 5361 ο
951 5328 1112 5391 εὐθὺς
1145 5329 1246 5398 μὲν
1276 5328 1709 5397 συνελαυνόμεθα
1740 5330 1818 5394 είς

1931 5327 2455 5397 contemplationem
2513 5342 2616 5382 nos
2642 5328 2863 5383 deducit
2896 5326 3184 5396 prudentis
3242 5326 3389 5381 illius
3444 5336 3497 5380 ct

235 5421 307 5472 τὸ
335 5419 569 5472 συνιδεῖν
594 5419 654 5473 τὸ
686 5421 850 5490 σοφὸν
878 5420 974 5475 καὶ
1008 5421 1283 5491 ὠφέλιμον
1306 5419 1406 5491 τῆς
1432 5421 1521 5475 διὰ
1550 5421 1660 5476 τῶν
1718 5439 1818 5490 μα-

1931 5418 2184 5488 perutilis
2217 5420 2536 5489 quastionis
2558 5418 2977 5488 discipulorum.
3012 5417 3191 5487 Atque
3237 5417 3365 5471 inde
3399 5418 3496 5471 de-

236 5511 430 5581 Οητῶν
445 5510 764 5580 ἱρωτήσεως
781 5512 1022 5564 ’ἐκεῖθεν
1038 5511 1094 5565 δὲ
1121 5510 1285 5564 πάλιν
1313 5512 1395 5575 είς
1414 5511 1513 5582 τὴν
1527 5511 1638 5564 τῶν
1666 5512 1818 5565 ἐπαί-

1932 5526 2081 5565 ωυω
2104 5511 2172 5566 ad
2200 5511 2389 5567 laudes
2412 5511 2587 5581 ipsius
2616 5509 2980 5566 admittendas
3015 5508 3350 5563 inducimur.
3385 5506 3497 5562 Nec

235 5621 357 5656 νων
387 5602 656 5674 ἀποδοχὴν
680 5601 760 5657 ἔτι
792 5601 992 5673 μᾶλλον
1024 5602 1365 5675 ὲφελκόμεθα
1389 5619 1404 5635 ⁸
1440 5604 1536 5658 καὶ
1577 5604 1700 5675 οὐχὶ
1725 5603 1818 5659 τοῦ

1930 5602 2229 5675 Baptistam
2250 5605 2598 5663 decernimus
2612 5604 2876 5661 minorem
2895 5616 3017 5661 esse
3034 5602 3129 5659 illo
3149 5601 3312 5674 quiin
3333 5615 3500 5671 regno

1519 5800 1753 5858 VAliIE
1802 5800 2197 5862 LECTIONES.

359 5910 379 5936 ⁸
405 5898 579 5958 ἔσται.
604 5896 659 5956 C.
710 5896 778 5955 Μ.
806 5897 958 5961 istd;
981 5896 1111 5950 ἔστι.
1196 5898 1213 5934 ⁸
1244 5896 1301 5951 ll.
1325 5895 1394 5950 Μ.
1420 5895 1513 5964 τῆς
1550 5895 1695 5968 ὅλης.
