4162 6442
732 423 861 495 1011

1880 437 2139 501 ΡΠΟΤΙΙ
2161 439 2663 501 ΡΑΤΒῙΛΒΕΗΕ
2694 439 2804 502 CP.

3834 442 3962 507 1012

730 544 993 601 caelorum
1044 544 1306 603 minimus
1330 554 1415 604 est
1441 545 1808 620 (nequaquam
1841 553 2028 619 certe),
2077 554 2170 610 sed
2201 556 2290 625 ju-

2403 556 2721 626 μικροτέρου
2751 555 2860 608 τῶν
2895 554 2953 609 ἐν
2984 559 3047 627 τῇ
3085 557 3331 628 βασιλεία
3362 559 3468 614 τῶν
3514 559 3756 630 οὐρανῶν
3809 563 3961 615 ἐὶάτο

730 637 903 700 dices,
933 637 1338 707 legumlatores,
1373 653 1551 710 reges,
1609 652 1774 712 atque
1832 642 1981 712 ipsos
2028 647 2165 702 adeo
2194 661 2292 715 pa-

731 729 1003 782 triarchas
1047 744 1489 799 supergressum,
1522 740 1689 801 atque
1739 734 1954 789 veritati
1990 737 2094 792 boc
2151 738 2294 794 allir-

732 819 904 872 inanti
956 833 1238 874 assensum
1272 822 1611 878 adhibemus.
1645 822 1754 878 Nec
1785 825 2023 894 injuria;
2057 827 2294 884 vinculis

729 909 875 961 enim
896 920 949 962 et
980 909 1262 978 multiplici
1289 911 1578 966 aﬂlictione
1607 916 2104 986 constringebatur,
2133 921 2293 974 morti

736 1002 949 1056 tandem
997 1003 1321 1068 destinatus,
1352 1019 1451 1074 pro
1480 1005 1596 1073 lege
1645 1022 1839 1077 nempe
1871 1009 2056 1064 divina
2113 1024 2295 1065 ceria—

731 1108 858 1146 men
883 1095 1162 1149 subiturus
1187 1111 1202 1158 ;
1229 1111 1325 1150 iiec
1355 1103 1536 1150 tamen
1573 1098 1692 1165 ejus
1726 1100 1780 1153 in
1804 1101 2012 1171 Agnum
2046 1103 2157 1165 Dei,
2190 1103 2294 1156 tol-

731 1185 933 1239 lentem
965 1198 1180 1255 peccata
1220 1189 1430 1250 mundi,
1487 1190 1823 1246 desiderium
1900 1193 2293 1248 inﬂammatum

728 1279 1134 1335 emarcesrebat
1163 1298 1178 1345 ;
1230 1281 1484 1350 qiiiiiimo
1537 1284 1712 1350 magis
1736 1283 2014 1354 magisque
2040 1283 2295 1347 ellloruit,

729 1375 792 1420 et
831 1370 925 1435 per
957 1379 1183 1422 mortem
1217 1371 1528 1425 enitebatur
1560 1372 1782 1431 accendi
1837 1373 2215 1428 vehementius
2243 1384 2298 1428 et

731 1456 1046 1512 immortale
1076 1461 1214 1516 lieri.
1246 1460 1363 1515 Non
1392 1463 1627 1517 cessavit
1664 1480 1850 1529 manu,
1895 1465 2099 1533 lingua,
2145 1467 2295 1520 omni

733 1549 947 1604 ratione
980 1553 1255 1604 caelestem
1289 1553 1440 1606 illiiiii
1465 1552 1738 1622 Sponsum
1771 1555 2156 1624 deprmdicare,
2184 1558 2297 1612 sin-

731 1643 894 1714 giilos
931 1643 979 1697 ei
1023 1645 1222 1699 ardens
1279 1646 1607 1711 coujunrtos
1651 1649 1908 1715 copulare
1940 1658 1994 1702 et
2052 1665 2296 1704 amorem

737 1735 1012 1803 sponsalia
1053 1736 1275 1789 thalami
1331 1737 1592 1792 inserere.
1621 1739 1763 1804 Quin
1798 1748 1854 1794 et
1895 1741 2025 1793 mihi
2058 1742 2295 1804 videtur,

734 1824 975 1879 laetatum
1011 1827 1077 1881 de
1128 1827 1327 1895 gladio,
1366 1839 1421 1883 et
1451 1830 1574 1898 angi
1599 1840 1823 1900 pr0pler
1869 1833 2204 1896 tarditatem,
2242 1843 2297 1887 et

730 1915 803 1968 ad
839 1915 960 1972 illos
997 1932 1291 1987 properare
1346 1921 1439 1989 qui
1503 1922 1642 1988 apud
1671 1921 1876 1977 inferos
1911 1934 2088 1986 erant,
2133 1933 2190 1978 iit
2243 1933 2296 1978 et

731 2007 812 2064 ibi
864 2009 1002 2065 alios
1041 2012 1380 2080 praeveniens
1439 2022 1815 2082 exspectatum
1877 2017 2211 2080 enuntiaret,
2243 2025 2297 2070 et

733 2100 950 2169 primus
1001 2104 1418 2171 evangelizaret.
1460 2107 1656 2158 Annon
1693 2105 1808 2160 haec
1835 2108 2081 2161 encomia
2113 2107 2299 2161 Domi-

732 2193 914 2247 nicam
941 2195 1202 2248 decebant
1233 2195 1471 2263 linguam
1496 2197 1520 2251 ἲ
1553 2198 1872 2255 Iiitueliatur
1895 2199 2152 2269 gladium,
2177 2216 2298 2253 car-

735 2287 926 2342 nifices
961 2287 1292 2351 intuebatur,
1337 2291 1666 2346 occisionem
1712 2308 1812 2362 pro
1860 2294 2080 2347 stimulo
2116 2293 2298 2347 Domi-

736 2377 924 2433 minici
951 2379 1158 2434 amoris
1211 2380 1525 2447 adhibebat,
1555 2391 1703 2438 totus
1753 2385 1818 2438 ad
1859 2401 1980 2438 eum
2008 2394 2296 2438 converte-

733 2468 914 2522 batur.
951 2467 1184 2522 Oniiiino
1209 2484 1392 2522 verum
1431 2477 1536 2534 est,
1571 2489 1589 2520 i
1628 2470 1769 2524 inter
1797 2480 1952 2525 natos
1994 2472 2285 2524 mulierum

734 2577 843 2615 non
873 2563 1114 2616 surrexit
1151 2563 1324 2628 major
1341 2560 1548 2616 Joanne
1564 2563 1826 2633 Baptista.
1864 2582 1882 2614 i
1915 2563 2091 2632 Caput
2117 2565 2295 2631 ipsum

735 2651 951 2706 Domini
987 2654 1305 2722 attingebat,
1367 2655 1434 2707 ab
1474 2666 1633 2708 utero
1684 2657 2070 2716 annuntiabat.
2125 2671 2298 2727 usque

732 2743 803 2796 ad
841 2752 1068 2798 mortem
1135 2745 1517 2809 annuntiabat,
1563 2746 1823 2800 mundum
1897 2748 1964 2800 ad
2029 2749 2297 2817 poeniten-

737 2836 867 2888 tiam
894 2836 1220 2890 attralieliat.
1263 2835 1414 2889 Mitto
1453 2836 1929 2892 conversationem
1972 2838 2023 2890 in
2055 2838 2296 2904 deserto,

734 2928 954 2983 dizetam
1005 2929 1302 2993 insolitam,
1343 2928 1686 2997 impudentes
1756 2930 1894 2983 adeo
1949 2927 2166 2985 Iudaeos
2199 2946 2300 3000 pii-

735 3021 866 3075 dore
894 3019 1312 3081 suﬂ'undenteiii,
1353 3020 1822 3075 conversationem
1862 3031 1914 3076 et
1947 3021 2158 3074 vivendi
2183 3036 2301 3074 ino-

736 3112 865 3165 duni
907 3113 1046 3166 ultra
1097 3114 1423 3172 humanum,
1490 3127 1586 3180 per
1618 3127 1740 3181 qua:
1776 3112 2018 3182 patentia
2059 3114 2297 3182 ipsorum

2393 665 2518 700 τονα
2563 647 2654 699 τὸν
2725 649 3034 718 Βαπτιστὴν
3082 649 3433 721 ψηφιζόμεθα
3484 652 3703 723 (πολλοῦ
3764 670 3831 721 γε
3871 654 3958 704 καὶ

2393 738 2518 809 δεῖ)
2552 752 2568 769 '
2601 738 2738 793 ἀλλά
2771 741 2863 792 καὶ
2904 740 3131 809 κριτῶν,
3165 741 3260 794 καὶ
3287 743 3624 812 νομοθετῶν,
3658 743 3757 798 καὶ
3805 743 3956 811 βασι-

2397 831 2574 896 λέων,
2634 832 2728 883 καὶ
2787 831 2966 884 αὐτῶν
3029 833 3380 902 πατριαρχῶν
3439 835 3959 903 ὕπερανεστηκὲναι.

2393 924 2468 986 ὡς
2485 923 2620 992 αύτῆ
2643 924 2830 992 σαφῶς
2851 924 3069 978 ἀνεῖπεν
3088 925 3122 995 ἡ
3158 925 3429 996 Ἀλήθεια,
3447 926 3825 995 συντιθέμεθα.
3859 926 3962 977 Καὶ

2400 1014 2540 1083 μάλα
2578 1015 2837 1076 εἰκότιυς’
2897 1017 3085 1085 εἰρκτῇ
3139 1015 3235 1069 καὶ
3271 1015 3439 1085 μυρίᾳ
3494 1015 3736 1066 κακώσει
3789 1015 3964 1065 συνεί-

2398 1124 2520 1175 χετο
2547 1148 2561 1168 ,
2601 1107 2700 1175 τὴν
2727 1106 2820 1158 ἐπὶ
2857 1105 3072 1176 θανάτῳ
3097 1105 3428 1176 τηρούμενος
3449 1122 3462 1137 ·
3519 1105 3683 1173 ἀλλην
3741 1103 3916 1156 ταῦτα
3937 1115 3961 1141 ι

2398 1198 2537 1267 ὑπὲρ
2581 1197 2796 1266 θεσμῶν
2847 1198 3008 1251 θείων
3068 1197 3442 1268 διακαρτερῶν
3486 1197 3748 1266 ἄθλησιν·
3801 1197 3895 1248 καὶ
3937 1196 3963 1244 6

2399 1293 2533 1360 πρὸς
2564 1290 2656 1341 τὸν
2695 1289 2888 1359 Ἀμνδν
2917 1290 3012 1342 τοῦ
3055 1289 3212 1350 Θεοῦ,
3259 1288 3350 1340 τὸν
3402 1288 3623 1355 αἴροντα
3662 1287 3765 1355 τὴν
3787 1285 3962 1353 ἀμαρ-

2398 1382 2516 1435 τίαν
2535 1381 2622 1433 τοῦ
2641 1381 2868 1450 κόσμου,
2883 1381 3142 1448 διάπυρος
3158 1378 3306 1447 αύτῷ
3323 1378 3484 1440 πόθος
3498 1378 3598 1430 οὐκ
3615 1375 3960 1445 ἐμαραίνετοο

2401 1473 2550 1542 ἤνθει
2583 1472 2638 1524 δὲ
2670 1473 2889 1541 μᾶλλον,
2919 1471 3011 1524 καὶ
3064 1469 3439 1536 διεφιλονείκει
3468 1466 3547 1536 τῷ
3602 1466 3821 1535 θανάτῳ
3877 1464 3965 1516 ἐπὶ

2401 1563 2564 1616 πλέον
2593 1561 3066 1631 ἀναζωπυρεῖσθαι
3124 1560 3218 1612 καὶ
3247 1555 3750 1620 ἀπαθανατίζεσθαι
3779 1571 3796 1586 ο
3855 1556 3964 1607 οὐδ’

2401 1655 2561 1722 ἔληγε
2590 1652 2901 1722 κηρύσσων,
2944 1651 3038 1703 καὶ
3064 1650 3227 1720 χειρὶ,
3280 1649 3375 1703 καὶ
3404 1647 3646 1716 γλώσσῃ,
3677 1647 3775 1699 καὶ
3821 1647 3966 1713 πάση

2405 1745 2630 1815 μεθόδῳ,
2659 1744 2748 1796 τὸν
2789 1744 3038 1813 οὐράνιον
3065 1742 3340 1809 Νυμφίον,
3385 1741 3594 1801 πάντας
3635 1747 3658 1773 '
3689 1736 3966 1790 ἐπιποθῶν

2404 1835 2551 1905 αὑτῷ
2585 1833 2941 1901 συναρμόσαι,
2981 1831 3073 1884 καὶ
3109 1830 3217 1883 τῶν
3249 1829 3534 1896 νυμφικῶν
3571 1827 3862 1881 παστάδων
3885 1828 3966 1877 ἐν-

2405 1925 2573 1978 θεῖναι
2598 1922 2690 1974 τὸν
2723 1923 2920 1992 ἔρωτα.
2951 1921 3106 1990 Ἐμοὶ
3131 1921 3276 1973 δοκεῖ
3295 1921 3387 1972 καὶ
3416 1919 3624 1988 χαίρειν
3648 1917 3813 1970 αὑτὸν
3836 1915 3969 1983 πρὸς

2404 2017 2465 2070 τὸ
2494 2015 2664 2085 ξίφος,
2695 2016 2790 2068 καὶ
2827 2015 3116 2084 ἀδημονεῖν
3147 2015 3214 2084 τῇ
3251 2011 3561 2082 βραδύτητι,
3589 2011 3686 2063 καὶ
3717 2008 3969 2061 σπεύδειν

2407 2111 2542 2180 πρὸς
2572 2110 2696 2170 τοὺς
2722 2109 2778 2160 ἐν
2800 2108 2925 2178 ᾅδου
2943 2122 2958 2137 ⁶
3001 2109 3086 2158 ἵνα
3109 2105 3268 2158 κάκεῖ
3287 2104 3468 2175 φθάσῃ
3486 2104 3607 2165 τοὺς
3633 2102 3848 2163 ἄλλους,
3882 2099 3970 2150 τὸν

2408 2198 2854 2268 προσδοκώμενον
2884 2196 3219 2266 ἁνακηρύξαι
3257 2196 3350 2248 καὶ
3383 2190 3966 2264 προευαγγελίσασθαι.

2401 2289 2545 2361 ’Λρα
2557 2292 2654 2344 ούκ
2668 2289 2954 2358 ἐγκωμίων
2970 2288 3140 2341 ταῦτα
3154 2287 3481 2354 Δεσποτικῆς
3501 2285 3666 2349 ἀξίων
3686 2283 3936 2349 γλώσσης
3949 2297 3968 2344 ς

2408 2386 2571 2438 Ἐϐλε
2581 2402 2642 2437 πε
2667 2385 2726 2435 τὸ
2749 2382 3120 2452 ξίφος,ἕ6λεπε
3133 2381 3256 2443 τοὺς
3271 2379 3516 2449 δημίους,
3534 2378 3631 2430 καὶ
3645 2377 3744 2444 τὴν
3759 2375 3968 2441 σφαγὴν

2404 2482 2625 2550 κέντρον
2657 2481 2892 2532 ἐποιεῖτο
2918 2477 3012 2530 τοῦ
3041 2473 3373 2530 Δεσποτικοῦ
3405 2472 3652 2541 φίλτρου,
3684 2468 3808 2529 ὅλος
3834 2465 3969 2534 πρές

2405 2573 2563 2625 αὑτὸν
2593 2570 3064 2640 ἐπιστρεφόμενος.
3116 2569 3343 2627 Ὄντως,
3388 2581 3406 2614 t
3441 2563 3539 2614 οὐκ
3565 2561 3863 2628 ἐγήγερται
3915 2557 3970 2607 ἐν

2405 2666 2680 2733 γεννητοῖς
2714 2661 2985 2728 γυναικῶν
3045 2659 3245 2727 μείζων
3304 2655 3548 2708 Ἰωάννου
3611 2650 3707 2703 τοῦ
3773 2649 3973 2700 Bauti-

2406 2753 2555 2806 στοῢ.
2596 2771 2614 2803 i
2658 2752 2872 2819 ’Ἥψατο
2898 2751 3142 2819 κορυφῆς
3192 2745 3497 2799 Δεσπὸτουο
3555 2737 3821 2810 ἐκήρυξεν
3864 2735 3973 2789 ἀπὸ

2404 2843 2677 2914 γαστρός·
2732 2843 3004 2912 ἐκήρυσσε
3066 2839 3228 2909 μέχρι
3279 2835 3544 2889 θανάτου·
3590 2831 3843 2883 εἵλκυσεν
3897 2827 3974 2888 εἰς

2410 2935 2698 3005 μετάνοιαν
2723 2928 3036 3000 κόσμον-ἐῶ
3054 2927 3155 2997 τὴν
3171 2926 3374 2997 ἔρημον
3393 2936 3418 2963 ι
3440 2919 3735 2980 πολιτείαν,
3764 2917 3860 2969 καὶ
3879 2917 3976 2984 τὴν

2407 3023 2694 3076 καταιδέσα
2704 3039 2800 3073 σαν
2825 3022 2922 3074 καλ⁸
2943 3020 3068 3081 τοὺς
3088 3016 3472 3086 ἀναισχύντους
3488 3011 3796 3072 Ἰουδαίους,
3814 3009 3979 3072 ὑπερ-

2407 3115 2515 3183 φυῆ
2555 3114 2765 3165 δίαιταν
2791 3113 2885 3164 καὶ
2914 3109 3212 3180 διαγωγὴν,
3241 3107 3338 3160 καὶ
3366 3104 3462 3174 τὴν
3490 3101 3858 3173 ἐμφράξασαν
3878 3099 3977 3151 αύο

736 3218 830 3257 ora
864 3203 1291 3257 obturabaiitur.
1339 3202 1533 3256 Annon
1565 3203 1762 3257 merito
1808 3204 1982 3272 major
2021 3206 2162 3258 inter
2198 3220 2298 3258 na-

2407 3207 2515 3257 τῶν
2547 3205 2613 3256 τὰ
2636 3204 2895 3257 ἀπύλωτα
2943 3201 3206 3270 στόματα,
3255 3198 3394 3268 ὑπὲρ
3439 3195 3748 3264 ἄνθρωπον,
3808 3191 3975 3294 (misit.

737 3305 823 3351 tos
858 3296 1191 3350 mulierum?
1226 3311 1409 3349 annon
1459 3295 1654 3349 merito
1707 3295 1982 3349 Domiiiica
2021 3295 2301 3350 fruebatur

735 3403 872 3442 voce
895 3388 918 3442 ζ’
941 3391 1022 3442 An
1051 3387 1310 3441 minimus
1347 3387 1402 3440 iii
1439 3389 1704 3442 cmlorum
1751 3402 1937 3455 regno,
1980 3387 2098 3456 ipso
2127 3385 2302 3456 major

735 3475 851 3530 est?
901 3476 1164 3542 Quocirca
1227 3491 1259 3528 e
1288 3475 1402 3543 jam
1432 3473 1596 3529 dictis
1654 3485 1890 3536 constat,
1927 3492 2031 3529 non
2073 3491 2194 3531 esse
2221 3477 2300 3530 le-

737 3567 971 3638 gendum
1004 3566 1344 3630 aﬂirmative,
1407 3584 1424 3616 ι
1455 3566 1715 3622 Minimus
1747 3568 1798 3620 in
1833 3583 1998 3637 regno
2038 3568 2301 3623 caelorum

737 3657 914 3724 major
940 3667 1024 3711 est
1058 3671 1145 3720 eo,
1184 3676 1202 3709 i
1234 3657 1324 3711 sed
1365 3656 1452 3710 illa
1482 3657 1677 3724 forma,
1734 3673 1838 3726 qua
1889 3657 2142 3728 leguntur
2173 3658 2300 3722 ista,

743 3749 935 3814 «Quid
971 3749 1162 3805 existis
1238 3749 1292 3804 in
1349 3750 1622 3803 desertum
1687 3749 1913 3804 videre?
1976 3748 2302 3803 arundinem

736 3850 904 3895 vento
942 3842 1200 3911 agitatam
1225 3840 1249 3893 2
1272 3860 1290 3892 ι
1343 3839 1644 3894 Prudenter
1678 3856 1843 3910 porro
1875 3841 2112 3903 adverte,
2156 3840 2304 3910 quod

737 3931 870 3986 illud
931 3933 1035 3986 iiii
1072 3948 1237 4002 regno
1296 3934 1589 3996 caelorum,
1623 3951 1641 3984 ι
1697 3949 1798 3987 nec
1853 3935 2184 4003 cogebamur
2219 3932 2304 3985 in-

736 4024 980 4090 telligere
1020 4033 1208 4078 contra
1241 4040 1461 4079 sensum
1493 4027 1696 4094 cuique
1721 4025 1941 4079 obvium
1969 4034 2023 4079 et
2054 4025 2304 4094 agnitum

738 4111 973 4178 cunctis,
1002 4123 1095 4166 aut
1153 4113 1206 4165 in
1259 4113 1426 4167 alium
1469 4123 1669 4182 praeter
1732 4129 1956 4183 scopum
1995 4114 2046 4166 vi
2080 4122 2298 4182 pertra-

740 4203 910 4266 here;
971 4220 1071 4259 nec
1122 4205 1266 4258 illaiii
1309 4219 1520 4270 vocem,
1568 4206 1812 4258 minimus
1852 4245 1865 4264 ,
1917 4204 2304 4258 aililitamentis

737 4295 1063 4365 quibusdam
1091 4296 1587 4365 scrupulosioribus
1613 4296 1679 4350 ad
1709 4295 2104 4351 coiil‘cssioueiii
2131 4296 2301 4360 illius,

745 4403 764 4436 i
798 4386 970 4454 major
1004 4388 1055 4440 iii
1092 4388 1233 4440 uatis
1265 4387 1584 4448 mulierum,
1615 4407 1632 4436 i
1690 4395 1999 4440 aiinectere.
2037 4385 2305 4438 Tantum-

742 4477 903 4530 modo
937 4477 1160 4547 ligiiram
1187 4479 1254 4531 ab
1282 4478 1438 4531 initio
1465 4477 1786 4541 adhibitam,
1810 4485 2058 4544 aptantes
2091 4475 2156 4528 ad
2194 4473 2308 4527 Ior-

2403 3293 2526 3367 Ἆρ’
2556 3297 2615 3350 οὐ
2645 3296 2868 3357 δικαίως
2900 3294 3102 3364 μείζων
3142 3293 3202 3343 ἐν
3228 3289 3504 3358 γεννητοῖς
3530 3283 3850 3349 γυναικῶν;
3891 3277 3980 3350 ἆρ’

2401 3390 2463 3442 ού
2505 3391 2623 3441 κατ’
2679 3386 2833 3450 ἀξίαν
2889 3384 2989 3454 τῆς
3035 3384 3369 3450 Δεσποτικῆς
3423 3379 3705 3450 ἀπήλαυσε
3756 3376 3981 3444 φωνῆςς

2402 3477 2529 3549 Ἀρ*
2582 3480 2611 3531 ὁ
2671 3478 2994 3547 μικρότερος
3052 3477 3110 3527 ἐν
3140 3477 3208 3544 τῇ
3271 3473 3517 3541 βασιλεία
3567 3470 3678 3522 τῶν
3733 3468 3983 3538 οὐρανῶν

2407 3570 2606 3640 μείζων
2630 3567 2723 3620 τοῦ
2763 3567 3004 3619 τοιούτου
3051 3565 3230 3628 ἐστίνς
3275 3565 3368 3616 Δεῖ
3420 3579 3731 3630 τοιγαροαν,
3776 3562 3842 3611 ἐκ
3875 3558 3986 3610 τῶν

2405 3662 2735 3732 εἰρημένων,
2794 3660 2894 3711 οὐκ
2947 3657 3383 3725 ἀποφαινόμενον
3439 3654 3843 3721 ἀναγινώσκειν
3901 3652 3982 3703 τό·

2411 3771 2430 3805 i
2482 3753 2539 3805 Ὀ
2569 3752 2625 3804 δέ
2689 3751 3011 3821 μικρότερος
3053 3749 3112 3802 ἐν
3157 3750 3224 3818 τῇ
3264 3745 3508 3817 βασιλεία
3567 3745 3678 3797 τῶν
3733 3743 3986 3812 οὐρανῶν

2408 3845 2607 3914 μείζων
2640 3841 2804 3894 αὑτοῦ
2832 3843 2978 3894 ἐστιν
2999 3855 3013 3869 °
3052 3858 3070 3892 ι
3106 3838 3242 3892 ἀλλά
3268 3839 3387 3891 κατ’
3428 3838 3634 3890 ἐκεῖνον
3676 3835 3774 3886 τὸν
3816 3835 3988 3886 τύπτον

2407 3936 2526 3988 καθ’
2562 3935 2621 3986 ὃν
2671 3933 3099 4001 ἀναγινώσκεται
3155 3931 3248 3983 καὶ
3304 3929 3385 3990 τὸ,
3456 3946 3474 3978 t
3513 3927 3577 3978 Τί
3600 3925 3859 3995 ἐξήλθετε
3910 3928 3986 3984 εἰς

2407 4025 2503 4096 τὴν
2536 4025 2742 4095 ἔρημον
2776 4026 2903 4076 ἰδεῖν
2937 4041 2952 4088 ;
2995 4023 3238 4092 κάλαμον
3264 4020 3370 4073 ὑπὸ
3422 4019 3623 4089 ἀνέμου
3681 4017 3987 4086 σαλευόμεο

2407 4137 2496 4172 νον
2527 4136 2541 4183 ;
2581 4137 2597 4168 i
2630 4119 2736 4170 Καὶ
2788 4117 2982 4169 σκόπει
3021 4133 3108 4184 μοι
3166 4111 3420 4176 συνετῶς,
3451 4111 3534 4163 ὅτι
3568 4109 3695 4162 οὔτε
3755 4108 3838 4170 τὸ,
3879 4127 3898 4157 ι
3935 4108 3989 4158 ἐν

2407 4212 2472 4278 τῇ
2525 4207 2769 4276 βασιλείᾳ
2811 4207 2918 4260 τῶν
2969 4203 3229 4274 οὐρανῶν,
3271 4221 3289 4252 i
3330 4201 3480 4272 παρὰ
3538 4199 3638 4268 τὴν
3691 4200 3988 4268 πρόχειρον

2408 4302 2500 4353 καὶ
2537 4299 2703 4352 πᾶσιν
2737 4296 3091 4366 ἐγνωσμένην
3119 4294 3382 4356 διάνοιαν,
3420 4290 3858 4360 ἠναγκάσθημεν
3911 4291 3988 4348 εἰς

2407 4393 2533 4448 ἄλλο
2565 4409 2616 4442 τι
2646 4388 3096 4460 περινενοημένον
3132 4383 3490 4439 ἐκϐιάσασθαι
3513 4399 3527 4412 ·
3592 4380 3716 4434 οὔτε
3754 4382 3842 4443 τὸ,
3896 4398 3991 4445 μμ

2408 4484 2709 4549 κρότερος,
2773 4477 3112 4548 προσθήκαις
3170 4477 3282 4528 τισὶ
3338 4472 3803 4544 περιεργοτέραις
3853 4470 3989 4539 πρὸς

742 4586 884 4624 niam
899 4572 1362 4640 quaestionariam,
1382 4572 1456 4626 rei
1473 4581 1806 4632 monstrata},
1827 4571 1950 4625 licet
1964 4571 2180 4623 modum
2200 4568 2298 4636 epi-

2407 4572 2697 4642 ὁμολογίαν
2725 4570 2839 4633 τοῦ,
2893 4589 2910 4620 ι
2950 4569 3152 4639 μείζων
3206 4569 3264 4619 ἐν
3305 4566 3586 4632 γεννητοῖς
3611 4560 3919 4629 γυναικῶν,
3964 4578 3981 4606 i

742 4664 892 4718 stolae
908 4664 1248 4727 excedenles,
1267 4664 1607 4733 perspicuam
1625 4662 1849 4717 fecimus
1868 4661 2300 4729 intelligentiam.

2387 4661 2870 4729 .ouvoteatléﬁzpsv
2896 4675 2913 4692 ⁶
2965 4661 3123 4728 μόνον
3167 4657 3224 4708 δὲ
3252 4655 3315 4708 τὸ
3351 4655 3412 4719 ἐξ
3446 4652 3620 4724 ἀρχῆς
3655 4654 3850 4721 σχῆμα
3891 4648 3988 4699 τοῦ

739 4757 1026 4823 λόγου,είς
1059 4758 1148 4811 τὸν
1206 4757 1327 4810 κατ’
1381 4757 1649 4827 ἐρώτησιν
1699 4755 1868 4809 τύπον
1920 4755 2300 4825 ρυθμίσαντες,
2361 4755 2458 4827 τὴν
2504 4755 2597 4809 τοῦ
2655 4753 2982 4824 δηλουμένου
3052 4749 3237 4819 σαφῶς
3262 4790 3276 4815 ,
3311 4750 3361 4802 εἰ
3406 4748 3498 4801 καὶ
3543 4746 3707 4799 πλέον
3777 4744 3816 4811 ἢ
3866 4757 3986 4796 κατ’

741 4850 1046 4920 ἐπιστολὴν,
1083 4868 1159 4903 πα
1169 4868 1223 4921 ρε
1232 4852 1511 4921 στήσαμεν
1536 4849 1764 4905 ἔννοιαν.

851 4965 1180 5033 ΟυΑΞδΤΙΟ
1224 4964 1480 5021 CCXXIII
1511 4963 1704 5036 [Coit].
1740 4963 2017 5031 CLXVIII,
2052 4963 2215 5019 Taur.

1393 5055 1673 5127 CLXVHL

2920 4953 3258 5008 ΕΡΩΤΗΣΙΣ
3290 4951 3460 5006 ΣΚΓ.

2412 5143 2480 5196 El
2507 5139 2817 5206 παγτάχου
2871 5135 2937 5190 τὸ
2977 5136 3167 5206 Ocior,
3211 5133 3340 5199 πῶς
3399 5129 3823 5206 διαϐολὴ-*γρῦ
3876 5146 3988 5206 pi:—

2479 5197 2740 5276 στηρίσῦ
2761 5206 3050 5276 γυναικὸς
3074 5205 3272 5274 μήτρᾳ
3301 5197 3605 5276 παρεῖναι,
3645 5199 3782 5276 Arat,
3808 5197 3986 5266 φασι,

2482 5271 2894 5348 παρεἴναίμὲν
2929 5271 3138 5348 γαστρί
3158 5273 3475 5348 γυναικὸς,
3492 5273 3574 5348 ᾡς
3602 5271 3707 5348 καί
3752 5282 3986 5348 farto:

2485 5335 2620 5416 χοῧ,
2653 5335 2900 5416 οὐδεξμία
2919 5335 3209 5416 δωσόλήλ
3240 5335 3623 5410 σαρκώθῆναι
3646 5339 3715 5392 δὲ
3747 5339 3904 5390 Θεὸν
3918 5335 3986 5396 ἐξ

2484 5413 2692 5484 ἆύτῆς,
2725 5415 2851 5482 πῶς
2881 5413 3008 5469 οἷόν
3036 5415 3099 5468 τέ
3137 5415 3347 5478 sam-,-

738 5149 805 5204 Si'
850 5151 984 5205 Deut
1011 5160 1086 5204 est
1113 5151 1322 5218 ubique,
1359 5152 1616 5217 quomodo
1647 5148 1954 5218 mysterium
1980 5163 2082 5218 quo
2114 5146 2312 5218 inmu-

812 5222 959 5294 [ξενίᾳ
991 5231 1138 5294 utero
1161 5215 1386 5294 promens
1410 5228 1485 5271 est
1504 5215 1780 5294 accusetur
1797 5220 1822 5272 ?
1839 5215 2012 5294 Certe,
2038 5215 2309 5294 inquiunt,

812 5292 950 5362 quod
991 5293 1058 5344 ait
1097 5283 1418 5362 pru'seiisin
1447 5287 1685 5362 mulieris
1725 5297 1908 5362 utero,
1943 5287 2079 5362 sicut
2110 5283 2165 5338 et
2199 5283 2316 5362 αθὶο

814 5355 934 5430 qiie,
961 5355 1108 5414 nulla
1139 5371 1213 5412 est
1245 5359 1593 5430 reclamatt'o;
1623 5371 1689 5408 ea:
1721 5356 2015 5430 meantem
2041 5355 2208 5407 Deum
2241 5355 2317 5405 in-

815 5425 1097 5484 cantatam
1131 5430 1314 5494 fuisse,
1345 5427 1602 5496 quomodo
1628 5435 1677 5479 et
1703 5425 1857 5493 quale
1890 5427 2000 5480 sit?

961 5545 1101 5596 Edita
1125 5558 1152 5594 a
1185 5543 1306 5594 Maio
1336 5543 1486 5604 (Nov.
1514 5540 1636 5594 Coll.
1676 5548 1712 5593 t.
1746 5540 1954 5601 IX,'lli,
1991 5540 2120 5601 112).
2156 5564 2217 5574 -
2241 5539 2317 5589 De
2344 5537 2449 5587 Deo
2472 5535 2656 5597 ubique
2682 5538 2928 5596 prasente
2949 5539 3000 5582 et
3030 5532 3093 5582 de
3125 5533 3362 5590 mysterio
3397 5526 3766 5615 lncarnationis.
3826 5611 3838 5615 _
3958 5604 3980 5615 -

837 5629 904 5684 l‘u
933 5647 1062 5701 ergo
1084 5669 1101 5697 ,
1136 5645 1169 5684 ο
1198 5631 1374 5685 amice
1395 5671 1409 5696 ,
1452 5629 1855 5686 accusationem
1903 5637 2091 5684 contra
2124 5634 2294 5697 mystc

2499 5623 2728 5685 Οὐκοῦν,
2759 5619 2803 5675 ὦ
2831 5621 3090 5694 βέλτιστε,
3124 5619 3218 5674 καὶ
3247 5619 3406 5680 αὐτὸς
3454 5617 3552 5688 τῆς
3583 5614 3682 5684 μὲν
3714 5611 3854 5664 κατᾶ
3891 5611 3985 5658 τού

2022 5740 2106 5795 VA
2117 5738 2256 5792 ΝΛΞ
2300 5733 2702 5792 ιιερτιυΝΙςδ.

833 5873 859 5901 υ
891 5861 1114 5933 ταύτην.
1193 5870 1217 5898 '
1249 5861 1481 5924 πὰντως.
1599 5875 1617 5901 π
1653 5860 1877 5930 ἐρήμου.
