4162 6442
211 408 345 476 1013

899 406 999 467 AD
1048 400 1638 464 AMPHILOC’HIUM
1686 394 2033 471 QUBSTIO
2075 395 2367 459 CCXXIII
2387 445 2404 474 ,
2465 399 2761 467 CCXXIV.

3291 406 3433 476 10M

212 524 510 597 μυστηρίου
558 519 810 590 διαϐολῆς
838 521 935 573 καὶ
987 520 1137 574 ἄκων
1184 516 1409 587 εξίστης
1434 530 1452 546 ο
1485 513 1752 575 λανθάνεις

1871 510 2011 566 rium
2045 509 2246 567 invitus
2274 510 2577 582 reliquisti,
2614 522 2673 570 et
2698 514 2816 584 ipse
2837 529 2905 570 ex
2930 516 3162 573 inimico
3205 518 3261 574 in
3295 525 3434 576 ami-

205 619 252 672 δ’
284 618 448 670 αὑτὸν
498 614 618 669 ἀντὶ
668 611 928 682 πολεμίου
970 613 1051 673 είς
1100 610 1202 679 τὴν
1250 607 1361 660 τῶν
1392 606 1562 676 φίλων
1612 605 1766 671 τάξιν

211 707 569 779 μεταϐαίνων.
609 706 671 757 ’0
702 704 808 773 γάρ
845 702 1007 771 ἀφεὶς
1042 701 1143 771 μὲν
1172 700 1273 770 τὴν
1299 699 1574 766 διαϐολὴν,
1628 698 1762 753 ἀπό-

204 802 367 866 δειξιν
392 802 451 854 δὲ
476 800 568 854 τοῦ
596 800 956 870 προκειμένου
982 797 1181 866 ζητῶν,
1228 796 1291 849 ού
1320 795 1387 848 δι’
1413 788 1490 847 ὦν
1540 792 1617 864 μὴ
1657 795 1765 847 ἀπο

206 892 393 963 ἀχθείη
429 890 527 960 τῆς
577 889 736 960 δόξης
760 888 1073 958 φιλονεικεῖ,
1103 886 1219 939 ἀλλ’
1266 879 1349 949 οἷς
1378 884 1447 957 ἀν
1477 884 1570 939 καὶ
1602 884 1764 948 αὐτὸς

203 983 407 1049 ταύτην
432 980 813 1051 προσδέξηται.
849 964 1041 1032 Καίτοι
1080 976 1159 1048 τῷ
1186 976 1325 1046 πρὸς
1360 974 1534 1030 ταῦτα
1587 991 1768 1046 παρα-

208 1070 613 1141 σκευαζομινῳ,
646 1071 807 1141 ἢρκει
838 1068 1076 1124 συνιέναι
1102 1068 1202 1139 τὴν
1250 1067 1505 1137 ἀλήθειαν
1554 1066 1764 1137 καθάρ-

206 1178 319 1215 σιον
349 1162 448 1231 τῆς
477 1160 736 1231 διαϐολῆς
768 1160 866 1215 τοῦ
900 1159 1308 1230 προϐλήματος.
1331 1160 1410 1213 Δι’
1436 1153 1514 1214 ῶν
1537 1159 1648 1231 γάρ
1678 1175 1765 1223 τις

205 1253 282 1316 ὡς
305 1253 505 1307 άτοπον
536 1251 753 1322 φεύγει,
785 1253 835 1307 εί
857 1251 1016 1306 τοῦτο
1072 1251 1282 1305 κατίδοι
1333 1251 1409 1323 μὴ
1466 1250 1626 1321 μόνον
1660 1266 1768 1322 μη-

204 1344 396 1413 δεμίαν
452 1343 574 1414 ιχον
628 1344 859 1398 ἀτοπίαν
882 1382 899 1410 ,
941 1342 1083 1399 ἀλλά
1118 1342 1216 1397 καὶ
1253 1342 1412 1411 λόγου
1470 1343 1765 1412 συμϐαῖνον

204 1436 469 1505 ἀνάγκην,
500 1434 617 1498 πῶς
640 1435 761 1506 ούχὶ
790 1435 930 1506 μετά
959 1435 1061 1506 τὴν
1083 1434 1358 1501 ἀποϐολὴν
1385 1434 1484 1504 τῆς
1509 1434 1764 1504 διαϐολῆς

201 1526 303 1580 οὐκ
326 1526 530 1595 ὀφείλει
547 1525 1017 1597 περιπτύσσεσθαι
1031 1524 1190 1580 τοῦτο
1207 1542 1223 1591 ;
1242 1525 1527 1580 Ἀδύνατον
1552 1526 1721 1597 ἀρετή
1743 1542 1759 1592 ;

199 1617 317 1670 ἀλλ’
338 1618 515 1683 ῐδειξα
555 1618 785 1681 πολλοὺς
831 1617 1133 1688 μετιόντας.
1173 1617 1385 1671 Οὐκοῦν
1433 1618 1495 1671 τὸ
1539 1618 1763 1673 δυνατὸν

199 1708 525 1780 ἀντεισήχθη
550 1724 567 1741 ⁶
589 1708 684 1764 καὶ
713 1709 805 1762 τὸν
832 1710 962 1779 πρὶν
990 1708 1225 1777 φυγάδα,
1246 1710 1362 1762 νυνὶ
1391 1709 1595 1776 ταύτης
1620 1706 1761 1762 εἶναι

197 1801 279 1854 δεῖ
298 1802 541 1871 πολίτην.
578 1800 845 1871 Βλαϐερδν
876 1803 911 1871 ἡ
938 1801 1167 1873 ἀνδρία;
1194 1801 1330 1857 ἀλλά
1356 1801 1663 1855 λυσιτελοῦν
1678 1802 1757 1855 ετ-

1866 618 2056 657 corum
2100 612 2283 658 castra
2334 603 2539 660 inscius
2610 609 2895 664 transiisti.
2970 609 3073 676 Qui
3118 613 3265 667 enim
3335 630 3431 667 ne-

1867 695 2037 761 glecta
2060 697 2409 751 accusatione
2434 699 2695 767 propositi
2722 699 3248 760 demonstrationem
3275 724 3427 776 qum-

1866 790 1956 852 rit,
1981 802 2088 842 non
2118 786 2188 843 de
2214 788 2298 843 his
2332 805 2455 859 qua:
2480 790 2632 845 illum
2652 808 2684 847 a
2708 793 2979 850 credendo
3008 812 3117 851 non
3148 811 3430 852 removent

1865 879 2147 948 disputat.
2187 881 2281 935 sed
2317 882 2382 935 de
2432 883 2516 937 his
2564 894 2786 954 propter
2833 902 2955 956 quae
2992 888 3125 943 illud
3181 891 3429 959 accipere

1864 970 2060 1042 possit.
2087 969 2259 1026 Porro
2284 972 2359 1025 illi
2392 974 2485 1042 qui
2519 974 2622 1028 isto
2667 975 2831 1030 modo
2876 992 2999 1035 sese
3045 978 3246 1045 habet,
3285 981 3423 1034 satis

1863 1068 1948 1114 est
1979 1066 2040 1113 ut
2077 1060 2342 1129 propositi
2382 1059 2668 1115 veritatem
2714 1062 2785 1116 ab
2823 1066 3170 1119 accusatione
3197 1067 3427 1120 liberam

1864 1148 2163 1219 intelligat;
2191 1151 2285 1219 qui
2317 1150 2463 1205 enim
2488 1151 2691 1221 aliquid
2722 1154 2897 1220 reiicit
2931 1164 2989 1209 ut
3019 1156 3345 1220 absurdum,
3376 1160 3423 1213 si

1786 1251 1789 1255 '
1864 1238 1998 1295 illud
2020 1239 2221 1294 viderit
2252 1253 2361 1293 non
2393 1239 2572 1294 solum
2597 1240 2802 1295 nullam
2832 1241 3225 1297 absurditatem
3251 1244 3423 1297 involo

1864 1345 2027 1396 veus,
2061 1330 2157 1386 sed
2184 1341 2240 1385 et
2266 1332 2493 1385 rationis
2520 1329 2809 1386 fundatum
2854 1333 3173 1402 principiis.
3220 1348 3424 1395 nonne.

1862 1421 2106 1492 deposita
2144 1422 2515 1487 accusatione,
2548 1423 2679 1477 illud
2710 1424 2961 1493 amplecti
2998 1424 3184 1479 debet.
3211 1423 3423 1492 Impos-

1862 1511 2039 1567 sibilis
2072 1522 2159 1567 est
2186 1511 2413 1567 virtus?
2452 1512 2549 1566 sed
2589 1512 2790 1566 multos
2835 1512 2980 1566 illam
3011 1524 3302 1582 sequentes
3332 1529 3432 1567 ex-

1854 1602 2037 1665 hibui,
2070 1617 2201 1671 ergo
2241 1602 2319 1657 illi
2364 1604 2695 1669 possibilitas
2727 1603 3021 1658 substituta
3068 1603 3210 1667 fuit;
3248 1612 3302 1658 et
3328 1604 3426 1671 qui

1860 1693 2094 1762 primum
2122 1692 2267 1746 illam
2298 1692 2597 1762 rejiciebat,
2621 1709 2767 1747 nunc
2794 1695 2969 1762 ipsum
2998 1694 3141 1747 illius
3170 1710 3292 1749 esse
3314 1710 3425 1749 ser-

1864 1798 1990 1837 vum
2023 1792 2253 1852 Oportet.
2286 1781 2522 1838 Funesta
2552 1792 2638 1839 est
2665 1783 2973 1839 fortitudo?
3002 1786 3095 1839 sed
3123 1785 3267 1839 illam
3301 1787 3423 1841 vitm

196 1907 303 1962 περ
359 1908 411 1943 τι
439 1845 567 1944 ἀλλο
625 1845 943 1961 nupti-atqu“:
989 1845 1069 1961 τὲ»
1270 1890 1480 1945 Οὐκοῦν
1532 1890 1752 1960 γέγονεν

1864 1845 2075 1939 utilem,
2106 1875 2151 1931 si
2181 1874 2307 1944 quid
2338 1884 2421 1930 est
2452 1874 2619 1939 aliud,
2646 1876 2889 1931 exhibui.
2922 1874 3064 1943 Ergo
3097 1876 3293 1929 factum
3339 1887 3425 1931 est

196 1981 425 2050 ἑραστδν
452 1980 552 2049 τὴν
595 1980 799 2051 βλάϐην
827 1981 927 2034 οὐκ
952 1980 1095 2051 ἔχον,
1133 1980 1162 2034 δ
1190 1982 1419 2052 μισητὸν
1449 1981 1624 2035 ἐδόκει
1666 1978 1756 2033 διά

193 2072 296 2141 τὴν
324 2071 545 2142 βλάϐην.
588 2071 872 2125 Ἀδύνατον
899 2072 1034 2125 Θεὸν
1072 2072 1269 2143 γαστρὶ
1294 2071 1566 2143 παρθένου
1614 2088 1757 2141 παρ-

192 2167 371 2230 εῖναις
407 2164 865 2235 Συνωμολόγησας
888 2165 969 2217 ὅτι
999 2164 1200 2234 μᾶλλον
1229 2165 1490 2219 ἀδύνατον
1516 2166 1591 2237 μὴ
1620 2182 1757 2234 παρ⁹

190 2260 351 2311 εἶναι.
382 2256 538 2318 Τίνος
570 2256 754 2309 λοιπὸν
785 2257 976 2326 ἑτέρας
1010 2258 1361 2326 κατασκευῆς
1388 2258 1453 2311 τὸ
1508 2257 1753 2328 προϐληο

192 2347 289 2399 Ολν
316 2348 484 2401 δεῖται
507 2346 697 2411 ;’Δλλά
726 2348 830 2419 χρή
863 2365 952 2417 με,
978 2349 1135 2419 φησὶ,
1168 2349 1359 2418 μαθεῖν
1390 2349 1622 2413 καὶπῶς
1639 2344 1752 2403 οἷόν

187 2439 250 2491 τέ
284 2439 397 2491 ἐστι
427 2438 793 2509 σαρωθῆναι,
828 2440 1029 2510 μᾶλλον
1057 2440 1117 2493 δὲ
1162 2441 1212 2493 εξ
1246 2441 1307 2493 τὸ
1335 2444 1591 2511 παρεῖναι
1621 2443 1753 2511 σάρ-

188 2544 359 2590 κωσις
388 2526 523 2581 Θεοῦ
578 2528 679 2582 οὐκ
728 2529 795 2583 ἀν
846 2530 1065 2599 φθάνοις
1090 2531 1292 2593 παντὸς
1340 2528 1481 2593 ζὼου
1537 2531 1752 2602 μορφὴν

185 2619 363 2689 τούτῳ
384 2619 711 2688 περιϐαλών.
743 2620 856 2674 Νῦν
882 2621 1068 2674 οὐκέτι
1107 2621 1218 2674 τῶν
1269 2620 1584 2692 φιλούντων,
1634 2623 1749 2676 ἀλλ’

185 2710 269 2771 εἰς
315 2707 411 2778 τὴν
464 2707 574 2761 τῶν
635 2708 908 2779 πολεμίων
956 2710 1118 2763 πάλιν
1164 2709 1363 2781 ἔχθραν
1415 2711 1747 2781 ἑπανῆλθεςο

186 2801 331 2869 πλὴν
350 2795 431 2863 οἷς
456 2801 553 2870 τὴν
580 2794 749 2872 ἧτταν
777 2801 935 2872 ἔσχες
962 2804 1022 2855 ὲν
1049 2805 1163 2867 τοῖς
1193 2803 1575 2875 προλαϐοῦσιν,
1626 2804 1749 2857 οὐδὲ

184 2891 245 2942 ὲν
276 2891 481 2954 τούτοις
525 2908 609 2944 σοι
638 2893 697 2944 τὸ
732 2892 808 2963 μὴ
851 2896 1038 2946 πεσεῖν
1079 2894 1232 2946 ἔσται
1284 2893 1749 2965 παραταττομένῳ

184 2981 330 3035 κατά
358 2982 457 3049 τῆς
479 2981 735 3050 ἀληθείας
765 2998 780 3015 ο
814 2984 907 3036 καί
948 3001 1012 3051 γε
1042 2985 1176 3053 πρὸς
1209 2985 1301 3037 τὸν
1351 2986 1747 3055 ἀκροϐολισμὸν

183 3070 522 3141 διανάστηθι.
583 3073 737 3125 Ἐστι
786 3089 870 3136 τις
930 3072 1231 3138 ἀνθρώπων
1272 3073 1499 3143 πρόνοια
1548 3075 1747 3144 μᾶλλον

180 3161 362 3234 Θεῷἢ
407 3161 826 3262 τῶνβγελαίων
875 3163 1062 3228 (dum;
1116 3166 1229 3218 Οὐκ
1272 3164 1338 3217 ἂν
1378 3166 1605 3234 φήσειςο
1655 3166 1817 3262 καὶο

179 3252 295 3322 γάρ
323 3251 415 3303 καὶ
456 3249 661 3303 τούτων
692 3252 726 3321 ἡ
762 3252 1091 3323 δημιουργία
1132 3255 1224 3306 καὶ
1279 3255 1313 3322 ἡ
1375 3256 1600 3326 πρόνοια
1658 3255 1747 3311 διὰ

178 3340 284 3410 τὴν
313 3340 421 3393 τῶν
453 3339 754 3411 ἀνθρώπων
782 3342 989 3412 χρείαν.
1024 3343 1234 3397 Οὐκοῦν
1272 3343 1394 3396 οὐδὲ
1439 3345 1643 3413 ὁμοίως
1688 3346 1748 3399 ὲν

178 3430 492 3502 ἀνθρώποις
514 3449 574 3484 τε
592 3432 684 3484 καὶ
710 3434 822 3495 τοῖς
848 3432 1029 3496 ἀλλοις
1064 3432 1223 3497 ζώοις
1258 3434 1405 3505 ήτοῦ
1436 3435 1580 3490 θείου
1606 3454 1750 3508 παρ-

176 3523 359 3577 ούσία.
404 3525 500 3577 Ἐν
530 3524 637 3594 γὰρ
668 3523 728 3577 δν
759 3526 852 3579 καὶ
876 3524 1235 3595 ἀπληθύντως
1260 3526 1626 3598 πληθύνεσθαι
1660 3528 1747 3582 λέ-

176 3632 340 3683 γεται
360 3631 373 3645 ·
401 3616 542 3670 ὥστε
574 3634 655 3670 σοι
689 3619 745 3671 al
786 3617 979 3672 πολλαὶ
1012 3618 1216 3690 μορφαὶ
1266 3621 1347 3683 είς
1403 3620 1531 3690 μίαν
1580 3619 1746 3690 μόνην

174 3716 283 3782 τὴν
327 3713 624 3785 ἀνθρώπων
669 3715 1058 3787 διηλάσθησαν,
1118 3716 1282 3787 Ὁρᾷς
1322 3717 1468 3780 ὅπως
1507 3715 1746 3786 εὐχερῶς

172 3808 205 3860 ὁ
235 3809 334 3877 τῆς
360 3807 614 3872 ἀπιστίας
648 3808 979 3863 καταπίπτει
1014 3809 1321 3881 πρόμαχος.
1349 3810 1460 3861 Καὶ
1479 3809 1530 3861 τί
1564 3807 1742 3873 τοῦτο;

172 3900 379 3971 φησιν’
409 3901 471 3954 Εἰ
501 3900 608 3971 γάρ
640 3901 735 3954 καὶ
758 3901 867 3955 τῶν
893 3902 1067 3957 ἀλλων
1109 3901 1264 3967 ζώων
1310 3902 1410 3965 τὰς
1450 3902 1662 3973 μορφὰς
1715 3902 1745 3954 ὁ

172 3990 354 4057 Λόγος
379 3990 736 4059 ὑπεξέφυγεν,
774 3991 889 4044 ἀλλ’
920 3991 1011 4045 οῦν
1037 3993 1101 4045 τὸ
1129 3993 1203 4063 μὴ
1233 3993 1341 4046 ἀπὸ
1379 3994 1507 4063 μιᾶς
1546 3992 1744 4064 παρθέ-

173 4101 295 4145 νου,
337 4081 452 4135 ἀλλ⁹
479 4083 542 4135 εκ
574 4084 763 4137 πασῶν
790 4083 1064 4151 γυναικῶν
1102 4086 1196 4137 καὶ
1220 4084 1506 4154 παρθένων
1534 4086 1744 4156 σάρκω-

171 4192 264 4226 σιν
289 4173 468 4241 λέγειν
508 4174 878 4230 ὑπολείπεται.
918 4177 1081 4241 ’Δλλ’,
1116 4170 1161 4229 ὧ
1186 4176 1376 4245 ἀγαθὲ.
1402 4177 1611 4246 φανερὰ
1642 4177 1743 4247 μὲν

170 4266 454 4320 κάνταῦθα
490 4267 524 4333 ἡ
556 4266 665 4319 τῶν
693 4268 1064 4337 ἀναισχύντων
1096 4270 1153 4321 ὲν
1179 4266 1259 4331 οἷς
1312 4269 1554 4337 ἔφθασαν
1584 4272 1742 4322 ἀναι-

173 4359 599 4426 σχυντήσαντες,
630 4355 834 4420 πτῶσις
854 4375 868 4389 ·
891 4359 1039 4427 ὅμως
1054 4358 1146 4411 οὖν
1174 4359 1250 4421 ὡς
1274 4359 1421 4412 δοκεῖ
1436 4359 1741 4413 ἀναστάντα

228 4485 245 4501 .
286 4486 301 4499 .
338 4448 639 4518 ἀποχρήσει
668 4465 756 4517 μοι
781 4449 942 4503 πάλιν
967 4465 1027 4501 σε
1062 4452 1174 4513 τοῖς
1218 4453 1402 4518 σοφοῖς
1460 4450 1738 4503 καταϐάλ-

1861 1967 2093 2022 amabile
2115 2007 2132 2033 ,
2183 1981 2250 2021 ex
2292 1981 2359 2022 eo
2390 1967 2537 2037 quod
2571 1968 2957 2022 detrimentum
2989 1984 3098 2022 non
3134 1970 3420 2037 producat,

1860 2059 2003 2128 quod
2041 2066 2100 2113 ut
2131 2058 2333 2113 odibile
2356 2058 2588 2113 dabatur
2624 2070 2845 2130 propter
2868 2063 3280 2116 detrimentum.
3313 2060 3421 2114 lm-

1860 2150 2119 2219 possibile
2154 2160 2239 2205 est
2268 2148 2435 2204 Deum
2463 2150 2517 2204 in
2551 2151 2775 2221 virginis
2808 2162 2964 2207 utero
2991 2153 3224 2208 adesse?
3252 2151 3422 2229 Magis

1859 2256 1981 2297 esse
2007 2241 2346 2311 impossibile
2372 2242 2521 2296 illum
2552 2258 2657 2298 non
2691 2245 2880 2299 adesse
2908 2244 3201 2299 confessus
3230 2244 3420 2309 fuisti;

1859 2337 2003 2403 quali
2043 2337 2270 2405 posthac
2296 2337 2405 2391 alio
2433 2348 2754 2407 argumento
2775 2339 3016 2410 indigeat
3038 2340 3376 2409 propositum
3396 2340 3421 2391 7

1860 2429 1967 2484 Sed
2000 2437 2216 2499 oportet
2244 2444 2331 2483 me
2353 2470 2368 2493 ,
2419 2429 2633 2499 inquit,
2685 2430 2897 2486 discere
2928 2432 3062 2501 quid
3084 2442 3139 2486 et
3162 2432 3323 2500 quale
3348 2431 3422 2486 sit

1858 2521 2129 2577 incarnari
2158 2562 2174 2586 ,
2206 2522 2290 2577 vel
2320 2522 2500 2592 potius
2542 2532 2722 2576 utrum
2752 2522 2886 2577 illud
2927 2524 3069 2593 quod
3104 2524 3307 2578 dicitur
3330 2523 3418 2576 in-

1856 2616 2101 2669 carnatio
2155 2612 2251 2668 Dei
2305 2628 2414 2668 non
2447 2614 2719 2669 inveneris
2760 2615 2939 2671 omnis
2967 2616 3196 2671 viventis
3241 2614 3417 2703 form'a

1855 2707 2108 2761 induens.
2191 2705 2347 2761 Nunc
2409 2722 2517 2761 non
2593 2706 2705 2774 jam
2777 2706 3076 2761 amicorum
3134 2722 3232 2769 es,
3322 2707 3416 2762 sed

1857 2799 2080 2854 hostiles
2117 2798 2503 2855 insectationes
2543 2800 2735 2855 iterum
2774 2800 3057 2869 repetiisti.
3089 2799 3206 2854 Non
3237 2801 3415 2855 solum

1857 2890 1911 2943 in
1946 2891 2108 2945 rebus
2140 2906 2306 2961 supra
2334 2892 2597 2961 expositis
2634 2890 2855 2946 inferior
2893 2892 3082 2958 fuisti,
3132 2891 3225 2947 sed
3274 2900 3327 2946 et
3361 2892 3414 2945 in

1855 2980 1977 3036 istis
2020 2997 2126 3036 non
2175 2983 2421 3051 superari
2470 2998 2578 3037 non
2628 2984 2831 3052 poteris
2882 2991 3073 3036 contra
3130 2982 3412 3037 veritatem

1853 3084 2210 3142 praeparatus.
2242 3070 2397 3129 Nunc
2438 3088 2569 3141 ergo
2608 3074 2675 3127 ad
2717 3087 2955 3143 pugnam
2998 3085 3181 3141 surge.
3245 3070 3413 3125 Estne

1855 3165 2035 3233 aliqua
2067 3163 2157 3219 Dei
2188 3180 2317 3235 erga
2351 3165 2599 3219 homines
2640 3163 2978 3233 providentia
3025 3163 3205 3232 potius
3246 3176 3411 3231 quam

1849 3271 1976 3327 erga
2003 3256 2361 3311 animantium
2395 3257 2683 3311 armenta?
2714 3255 2947 3326 Negabis
2976 3253 3150 3321 forte;
3175 3264 3413 3309 attamen

1851 3347 2079 3403 istorum
2119 3348 2323 3402 creatio
2354 3357 2408 3403 et
2445 3349 2782 3417 providentia
2814 3362 2924 3401 non
2954 3356 3039 3402 est
3069 3346 3173 3401 nisi
3208 3347 3275 3401 ad
3321 3346 3416 3401 bo-

1850 3440 2055 3493 minum
2091 3440 2373 3494 utilitatem
2402 3458 2415 3493 :
2445 3457 2551 3494 non
2592 3456 2723 3511 ergo
2751 3441 2941 3495 eadem
2972 3438 3135 3495 estin
3168 3438 3414 3493 homini-

1850 3530 1951 3585 bus
1987 3539 2040 3585 ει
2090 3530 2143 3585 ἰη
2198 3531 2320 3585 aliis
2371 3532 2638 3586 creaturis
2679 3531 2773 3587 Dei
2811 3530 3180 3601 providentia.
3229 3529 3412 3586 Unum

1847 3623 1993 3676 enim
2020 3638 2142 3676 cum
2185 3622 2275 3686 sit,
2314 3630 2367 3677 et
2399 3624 2452 3678 in
2485 3622 2799 3677 diversitate
2828 3638 2939 3676 non
2980 3620 3276 3690 multiples,
3314 3621 3415 3675 im-

1847 3729 2069 3769 mensus
2084 3714 2279 3769 dicitur
2309 3715 2425 3769 sine
2454 3714 2865 3782 multiplicitate,
2913 3713 2983 3767 ita
3017 3721 3074 3765 ut
3096 3710 3280 3765 multa:
3301 3709 3414 3765 for-

1846 3826 1948 3864 ma:
1992 3810 2060 3862 ad
2111 3824 2274 3863 unam
2320 3808 2662 3863 solummodo
2714 3808 3011 3862 humanam
3054 3804 3410 3860 reducantur.

1848 3900 2011 3957 Vides
2045 3912 2249 3971 quanta
2287 3900 2549 3955 facilitate
2582 3899 2690 3954 ruit
2728 3898 2966 3968 primum
3007 3895 3410 3952 incredulitatis

1844 3992 2142 4047 munimen.
2181 3992 2286 4046 Sed
2318 3991 2383 4045 ad
2409 3991 2540 4061 quid
2580 3990 2752 4044 illud?
2789 3990 2987 4058 inquit,
3020 3988 3067 4043 si
3095 3988 3240 4043 enim
3273 3986 3413 4041 alio-

1844 4099 1963 4137 rum
2009 4081 2368 4137 animantium
2413 4080 2611 4136 formas
2643 4080 2885 4135 Verbum
2919 4094 3029 4133 non
3057 4077 3254 4141 induit,
3281 4077 3411 4133 reli-

1842 4191 2010 4246 quum
2056 4184 2141 4229 est
2179 4184 2237 4228 ut
2271 4190 2376 4228 non
2419 4175 2486 4229 ab
2512 4190 2620 4228 una
2648 4174 2885 4243 virgine,
2921 4172 3015 4228 sed
3056 4186 3124 4227 ex
3153 4172 3412 4227 omnibus

1842 4264 2163 4319 mulieribus
2207 4274 2263 4318 et
2310 4265 2614 4333 virginibus
2654 4265 2788 4319 illud
2842 4266 3191 4321 incarnatum
3238 4266 3411 4323 fuisse

1840 4356 2070 4412 dicatur.
2100 4355 2227 4421 Sed,
2259 4372 2290 4411 ο
2315 4357 2509 4419 amice,
2546 4357 2773 4411 visibilis
2800 4367 2886 4412 est
2914 4366 2969 4412 et
2999 4359 3089 4414 hic
3117 4358 3411 4428 impuden-

1842 4448 1973 4501 tium
1999 4446 2157 4517 culpa
2183 4486 2198 4510 ,
2232 4446 2285 4501 in
2327 4448 2528 4517 quibus
2559 4464 2665 4502 non
2713 4449 3016 4503 timuerunt
3056 4466 3177 4506 sese
3207 4450 3411 4505 irreve-

165 4538 291 4591 λειν
319 4539 517 4606 λόγοις.
560 4539 848 4593 ’Δδύνατον
874 4541 982 4610 γάρ
1008 4540 1175 4611 φαίην
1204 4541 1271 4594 ἀν
1302 4542 1478 4610 ἔγωγε
1536 4542 1737 4612 μᾶλλον

1850 4548 2023 4593 renter
2068 4539 2285 4593 habere.
2330 4539 2503 4591 Simul
2551 4554 2707 4609 ergo,
2755 4549 2813 4594 ut
2842 4540 3090 4606 videtur,
3153 4558 3406 4596 resurre-

163 4633 266 4684 τὸν
296 4631 439 4698 ἀπαξ
471 4632 821 4702 σαρκωθέντα
847 4632 1105 4701 δευτέρας
1136 4632 1465 4704 σαρκώσεως
1502 4632 1734 4686 δεῖσθαι.

164 4722 387 4777 οὐκοῦν
418 4725 537 4777 οὐδὲ
572 4726 605 4792 ἡ
630 4724 717 4806 διά
745 4724 928 4777 ποσῶν
965 4722 1075 4777 τῶν
1119 4723 1405 4796 παρθένων
1461 4725 1736 4795 σάρκωσις

163 4813 357 4885 χώραν
382 4814 515 4885 ἔχει,
550 4815 686 4886 μόνη
716 4816 772 4868 δὲ
801 4817 835 4886 ἡ
864 4816 953 4869 διὰ
985 4817 1135 4885 μιᾶς.

678 5078 1009 5131 ΕΡΩἸἨΣΙΣ
1057 5078 1223 5133 ΣΚΔ’.

154 5168 432 5239 Πόεξσρον
464 5170 519 5221 of
543 5167 823 5235 δαίμονες
851 5169 1065 5222 ἴσασιν
1085 5169 1167 5235 ὡς
1183 5170 1624 5239 μετανοοῦντες
1640 5170 1735 5239 ἐφ’

230 5233 332 5309 ριέ
347 5233 695 5309 ἐτόλμησάν
715 5233 991 5307 ἀφίενται
1020 5239 1125 5293 τοῦ
1146 5233 1572 5309 τολμήματος,
1602 5233 1735 5308 ἤτοι

226 5307 395 5387 ἅπαξ
448 5308 768 5376 θεοσοςρίας
792 5378 805 5387 Ι
824 5309 1117 5387 πεσόντες
1188 5307 1289 5362 καί
1361 5307 1477 5377 τὴν
1523 5307 1735 5365 τούτου

226 5378 464 5447 τνῶσιν
492 5378 1029 5447 συναφῃρέθησαν;

1841 4640 1987 4685 ctum
2019 4668 2033 4682 .
2072 4670 2087 4683 .
2119 4668 2133 4683 .
2170 4631 2304 4684 satis
2320 4641 2436 4683 erat
2458 4632 2590 4685 mihi
2626 4642 2677 4685 te
2702 4634 2895 4687 iterum
2926 4636 3263 4704 sapientibus
3288 4650 3410 4688 ver-

1842 4720 1926 4774 bis
1980 4718 2238 4775 refutare.
2288 4720 2457 4791 Magis
2491 4722 2636 4775 enim
2694 4722 3035 4791 impossibile
3081 4724 3262 4778 dicam
3307 4739 3408 4792 ego

1843 4809 1993 4864 illum
2016 4811 2107 4879 qui
2128 4811 2295 4865 semel
2326 4812 2637 4866 incarnatus
2658 4824 2743 4868 est
2768 4814 3006 4868 secunda
3032 4815 3410 4871 incarnatione

1843 4902 2104 4972 indigere.
2152 4900 2262 4957 Nec
2308 4918 2439 4974 ergo
2482 4920 2544 4957 es
2593 4905 2847 4960 omnibus
2888 4908 3194 4976 virginibus
3226 4908 3408 4962 incar-

1841 4992 1987 5048 natio
2015 4992 2192 5048 locum
2223 4994 2382 5048 habet
2407 4995 2747 5048 solummodo
2777 5006 2957 5051 autem
2993 5014 3058 5052 ex
3101 5015 3230 5053 una.

2245 5084 2573 5151 QUIESTIO
2598 5086 2853 5141 ccxxnv
2886 5090 2987 5159 (l).

1842 5172 2031 5252 Utrum
2061 5176 2260 5229 diaboli
2290 5178 2460 5252 sciant
2502 5179 2640 5244 quod
2683 5180 3043 5252 paenitentiam
3101 5185 3300 5252 agendo
3342 5187 3406 5237 de

1906 5246 1985 5296 his
2009 5260 2126 5314 qua:
2151 5247 2540 5309 commiserunt,
2589 5265 2621 5300 a
2673 5251 2899 5315 peccatis
2923 5246 3293 5314 liberarentur.
3330 5255 3406 5307 vel

1905 5314 2606 5395 utrumsemcfasapiemia
2637 5314 2815 5373 diuina
2858 5320 3032 5389 lapsi,
3074 5322 3234 5392 hujus
3266 5328 3406 5377 nuti—

1907 5394 1984 5435 tia
2010 5394 2203 5452 prima
2228 5394 2357 5438 smt.

534 5467 675 5517 Edita
696 5481 725 5516 a
747 5467 869 5517 Maio
904 5468 960 5528 (ι.
998 5482 1043 5517 c.
1070 5482 1115 5531 p.
1141 5468 1268 5530 112).
1294 5496 1353 5506 -
1372 5471 1447 5521 De
1472 5474 1713 5535 lapsorum
1732 5475 2020 5537 angelorum
2054 5488 2144 5524 seu
2174 5476 2446 5525 demonum
2479 5477 2761 5540 cognitione
2793 5486 2849 5531 et
2876 5487 3029 5533 statu.

245 5548 391 5604 Ἀλλ’
423 5551 473 5602 εί
503 5548 603 5619 μὲν
634 5550 693 5602 τὸ
719 5550 1004 5621 πρότερον,
1054 5548 1169 5615 πῶς
1207 5551 1494 5623 ἀσώματος
1558 5554 1717 5623 φύσις

1896 5552 2052 5621 Quod
2091 5557 2135 5610 si
2179 5558 2412 5627 primum
2458 5562 2704 5627 dicatur,
2746 5566 3026 5633 quomodo
3077 5566 3402 5639 incorporea

1691 5689 1898 5746 NOTE

195 5802 284 5876 (l)
324 5801 440 5862 Hac
463 5806 763 5877 quastione
786 5816 974 5863 carent
1009 5816 1121 5863 tum
1148 5806 1513 5864 Coislinianus
1548 5814 1661 5863 tum
1686 5805 2041 5865 Taurincnsis
2064 5809 2253 5865 codex.
