4162 6442
752 390 894 458 1015

1887 405 2147 468 ΡΗΟΤΙΙ
2183 407 2689 472 PATRIARCH/E
2726 413 2838 475 (ΣΡ.

3863 426 4005 495 1016

745 511 962 568 natura,
992 517 1091 558 nec
1121 512 1272 562 tanto
1296 509 1484 564 carnis
1505 523 1673 568 onere
1691 525 1915 582 gravato
1947 517 2038 573 illa
2063 534 2187 588 qua:
2207 520 2311 576 sibi

2421 524 2514 576 καὶ
2539 522 2676 593 μηδὲ
2705 527 2999 590 τοσαύταις
3033 525 3301 600 βαρύτησι
3359 531 3565 600 σαρκὸς
3616 534 4007 608 καθελκομένη

743 594 988 662 simjecta
1028 603 1112 648 est
1157 597 1398 653 deterior
1446 602 1649 656 lieret?
1685 601 1837 658 Multi
1879 607 2024 662 enim
2068 609 2316 665 homines

736 687 809 740 ad
844 687 1173 754 profundum
1198 691 1324 744 mali
1349 694 1620 762 perventi,
1648 711 1743 765 per
1759 699 2132 766 paenitentiam
2157 717 2314 756 suam

740 779 973 846 primam
1021 779 1232 834 vivendi
1293 784 1560 838 rationein
1620 801 1970 856 superarunt.
2032 790 2088 846 Si
2131 804 2314 849 autem

739 881 866 940 post
906 873 1121 927 illorum
1170 875 1381 942 lapsum
1433 878 1661 932 omnino
1705 881 1949 938 audacia:
1995 895 2049 939 et
2084 902 2316 941 conver-

741 963 920 1017 sionis
955 965 1108 1018 inscii
1141 964 1269 1020 facti
1299 979 1447 1034 sunt,
1491 979 1543 1024 et
1577 972 1659 1025 sic
1685 971 1736 1025 in
1758 973 2048 1042 profundis
2079 978 2315 1035 tenebris

742 1056 1021 1121 rugientes
1050 1059 1387 1126 scpelinnlur
1409 1103 1424 1126 ,
1467 1064 1745 1132 quomodo
1787 1067 1852 1120 ad
1896 1069 2162 1124 malitiam
2190 1085 2314 1126 om-

746 1160 870 1198 nem
920 1163 1141 1201 sensum
1186 1163 1534 1218 superantem
1577 1170 1686 1209 non
1733 1156 2013 1227 impellant
2041 1162 2312 1231 homines,

741 1236 800 1290 in
831 1238 1033 1305 quibus
1063 1256 1238 1309 neque
1285 1257 1416 1298 cura
1443 1260 1588 1314 saepe
1629 1248 1854 1304 deduxit
1905 1251 1971 1305 ad
2016 1267 2124 1306 non
2165 1253 2316 1308 dete-

738 1332 909 1400 genda
963 1345 1182 1403 peccata
1242 1338 1398 1390 simul
1443 1340 1686 1394 excitant
1727 1349 1782 1395 et
1828 1344 2152 1398 attrahunt?
2194 1344 2312 1401 Tua

731 1439 888 1493 ergo,
922 1437 979 1479 ut
1027 1436 1158 1495 puto
1179 1469 1194 1494 ,
1232 1430 1276 1484 si
1315 1431 1496 1500 plures
1528 1449 1813 1489 sermones
1844 1436 1897 1489 in
1933 1453 2101 1492 unum
2133 1440 2310 1510 magis

729 1518 1182 1574 coadunarentur
1207 1562 1222 1584 ,
1273 1523 1399 1577 talis
1444 1535 1590 1578 esset
1640 1528 1942 1596 propositio
1972 1548 1986 1583 :
2015 1531 2200 1600 lapsus
2227 1541 2313 1587 est

727 1608 986 1664 diabolus
1018 1624 1033 1663 :
1074 1614 1350 1682 quomodo
1383 1616 1767 1683 pmnitentiam
1797 1620 1967 1689 agat?
1999 1623 2095 1676 sed
2134 1621 2331 1678 obex--

727 1713 889 1758 catus
913 1712 1032 1757 est:
1064 1707 1208 1758 unde
1236 1705 1335 1758 ista
1370 1706 1710 1761 obczeiratio?
1755 1709 1869 1779 ipse
1898 1713 2041 1765 enim
2074 1714 2310 1768 aliorum

726 1796 1120 1851 obczccationis
1162 1812 1329 1851 causa
1371 1809 1475 1854 est.
1510 1798 1798 1867 Quomodo
1827 1817 1958 1875 ergo
1997 1806 2307 1860 obeaneatus

2417 616 2512 682 τῆς
2560 616 2665 668 ὑπὸ
2720 617 2914 671 τούτου
2971 620 3340 690 συνεχομένης
3391 621 3593 691 χείρων
3652 627 4006 696 γεγένηταις

2419 705 2611 758 Πολλοὶ
2640 706 2746 778 γάρ
2781 706 3086 778 ἀνθρώπων
3116 712 3196 773 εἰς
3227 709 3455 782 ἔσχατον
3485 714 3784 779 ἐλάσαντες
3825 719 4009 771 κακοῦ

2416 796 2506 850 διὰ
2533 798 2823 866 μετανοίας
2854 802 2952 853 καὶ
2975 801 3074 870 τῆς
3105 803 3381 874 προτέρας
3407 805 3591 868 αὐτοῖς
3618 807 3853 876 ἐνούσης
3909 825 4008 860 πο-

2417 888 2621 953 λιτείας
2651 891 3065 963 ύπερῄρθησαν.
3093 895 3154 948 El
3183 896 3241 950 δὲ
3272 896 3410 966 μετά
3431 901 3532 967 τὴν
3561 898 3774 952 πτῶσιν
3822 901 4007 954 διόλου

2417 980 2641 1046 τούτους
2675 985 2770 1035 καὶ
2801 984 2904 1054 τῆς
2928 985 3135 1057 τόλμης
3163 991 3259 1042 καὶ
3291 990 3388 1058 τῆς
3418 991 3852 1062 ἐπαναστροφῆς
3880 994 4009 1047 ελα-

2418 1071 2512 1123 ϐεν
2542 1072 2752 1140 ἄγνοια,
2787 1076 2883 1129 καὶ
2909 1076 3055 1131 οὕτω
3101 1077 3259 1147 βαθεῖ
3293 1082 3471 1151 σκότῳ
3525 1087 3837 1153 μεμυκότες
3876 1087 4011 1139 καθ-

2417 1165 2651 1229 εύδουσι,
2709 1168 2828 1231 πῶς
2852 1171 2933 1232 εις
2963 1173 3302 1241 κακουργίαν
3319 1175 3504 1228 πᾶσαν
3533 1176 3786 1230 ἐπίνοιαν
3821 1179 4004 1248 ὑπερ-

2417 1255 2719 1311 ϐάλλουσαν
2759 1260 2860 1313 οὐκ
2893 1263 3078 1315 ἀνιᾶσι
3111 1264 3242 1326 τοὺς
3273 1265 3595 1334 ἀνθρώπους
3625 1267 3712 1335 ἐφ’
3739 1262 3827 1332 οἷς
3884 1269 4010 1323 οὐδὲ

2419 1349 2708 1418 μελέτησις
2731 1352 2992 1416 πολλάκις
3021 1357 3379 1426 προηγήσατο
3400 1361 3481 1421 εἰς
3503 1360 3857 1430 ἀπορρήτους
3882 1361 4008 1412 τόλ-

2418 1457 2524 1507 μας
2557 1440 2672 1510 ἆμα
2704 1442 3012 1511 ἐρεθίζουσί
3059 1463 3118 1498 τε
3141 1448 3235 1500 καὶ
3264 1449 3699 1516 συγκαθέλκουσι
3729 1467 3746 1515 ;
3784 1450 3861 1506 Τὸ
3908 1453 4008 1520 μὲν

2416 1533 2529 1596 σὺν,
2553 1533 2628 1597 ὼς
2658 1534 2924 1604 ἠγοῦμαι,
2956 1537 3010 1590 εἴ
3027 1554 3112 1601 τις
3134 1539 3262 1602 τοὺς
3283 1541 3509 1604 πολλοὺς
3530 1543 4008 1614 συνοπτικιῖπερον

2414 1623 2559 1675 εῐποι
2591 1623 2802 1690 λόγους,
2838 1626 3092 1680 τοσοῦτον
3121 1627 3190 1682 ἂν
3219 1630 3306 1699 εἴη
3338 1633 3660 1702 πρόϐλημα·
3680 1633 3920 1687 ἔπταισε
3949 1635 4009 1686 τὸ

2414 1713 2691 1782 δαιμόνιον
2717 1734 2732 1748 ο
2765 1717 2820 1770 τί
2857 1723 3148 1787 μτανοεῖς
3214 1722 3358 1775 Ἀλλ’
3411 1723 3686 1796 ἐπωρώθη
3710 1740 3727 1754 ·
3765 1726 3941 1779 πόθεν
3974 1729 4007 1795 ἡ

2416 1804 2710 1874 πώρωσις;
2749 1809 2892 1862 Αὐτὸ
2929 1811 3039 1883 γὰρ
3067 1812 3177 1866 τῶν
3211 1813 3386 1867 ἄλλων
3423 1815 3576 1868 αἰτία
3630 1817 3960 1886 πωρώσεως
3990 1834 4004 1845 ·

736 1889 847 1943 sit?
879 1889 972 1944 sed
1022 1905 1122 1945 nec
1172 1894 1480 1949 obemcatos
1533 1894 1715 1950 facere
1767 1906 1824 1952 ct
1873 1900 2303 1955 obcaecationem

2415 1896 2550 1949 ἀλλά
2580 1899 2918 1971 πεπώρωται
2949 1918 2963 1931 '
2999 1903 3117 1969 πῶς
3141 1905 3243 1958 οὐκ
3283 1907 3556 1978 ἐπωρώθη
3585 1925 3600 1972 ;
3676 1884 3819 1961 ’ἀλλ’
3878 1909 4010 1962 οὕτε

727 1995 934 2048 augere
968 1991 1167 2052 potest.
1214 1984 1502 2048 Quomodo
1532 1999 1714 2042 autem
1749 1989 1835 2044 ille
1883 1995 1976 2060 qui
2009 1993 2063 2045 in
2105 1994 2311 2047 bonum

2414 1991 2856 2059 πεπωρωμὲνους
2895 1996 3071 2048 ποιεῖν
3113 1997 3208 2050 καὶ
3265 1999 3519 2062 αὐξάνειν
3579 1999 3682 2069 τὴν
3711 2000 4006 2070 πώρωσιν.

726 2072 960 2126 omnino
993 2073 1262 2129 formatus
1306 2088 1428 2141 est,
1481 2080 1547 2132 ad
1588 2079 1718 2132 illud
1768 2082 1919 2135 nullo
1952 2086 2136 2147 tnodo,
2189 2100 2311 2140 sese

2414 2081 2537 2145 Πῶς
2575 2082 2621 2135 δ’
2648 2086 2740 2138 ἐπ’
2773 2087 2966 2157 ἀγαθῷ
3015 2089 3258 2144 πλασθὲν
3299 2091 3436 2154 ὅλως
3490 2092 3714 2145 νένευκε
3754 2093 3858 2162 μὶν
3914 2094 4010 2147 οὐ·

737 2165 977 2224 iucliuet.
1006 2168 1072 2220 ad
1117 2168 1262 2237 quod
1295 2181 1478 2224 autem
1509 2187 1618 2225 non
1666 2173 1909 2229 directus
1941 2187 2046 2240 est,
2081 2177 2134 2229 in
2177 2177 2311 2230 illud

2415 2172 2626 2241 δαμῶς,
2666 2177 2804 2245 πρὸς
2843 2177 2870 2230 ὃ
2902 2179 2961 2231 δὲ
2993 2179 3068 2250 μὴ
3095 2182 3348 2252 προήχθη
3407 2182 3484 2245 ὼς
3534 2184 3714 2236 ἐκεῖνο
3749 2189 4007 2237 καταπέ-

735 2272 794 2311 se
825 2258 1154 2329 immergat?
1198 2268 1252 2314 et
1280 2263 1410 2330 quid
1457 2261 1599 2319 forte
1648 2267 1753 2318 hoc
1805 2276 1954 2320 esset
2005 2269 2152 2338 quod
2201 2285 2309 2323 non

2414 2281 2634 2329 πτωκες
2665 2269 2760 2320 καὶ
2792 2269 2845 2322 τι
2874 2271 3156 2325 ἀν-ὲκείνο
3199 2275 3308 2343 εἴη,
3356 2273 3386 2326 ὃ
3438 2274 3515 2344 μὴ
3546 2275 3856 2342 τραπέντος
3913 2274 4014 2328 τοῦ

723 2348 954 2419 dignata
990 2350 1258 2407 diabolica
1293 2363 1456 2421 gente
1499 2355 1618 2410 illos
1644 2359 1931 2427 suscepit?

1149 2467 1474 2536 ρυιεδτιο
1517 2469 1753 2525 ccxxv
1784 2472 1885 2542 (l).

733 2557 974 2614 Hominis
1033 2560 1364 2615 ethnicorum
1423 2566 1654 2630 partium
1710 2567 1939 2620 studiosi
1996 2584 2116 2620 cum
2157 2568 2314 2625 Chri-

801 2631 976 2685 stiano
1008 2632 1274 2710 dialogus,
1308 2651 1399 2688 seu
1439 2636 1617 2701 cupita
1644 2637 1886 2705 quwdom
1919 2639 2107 2707 quibus
2139 2640 2316 2695 Triui-

803 2711 886 2754 tas
917 2715 1195 2757 assemur.

2405 2353 2686 2424 δαιμονίου
2714 2359 2884 2426 φύλου
2911 2361 3134 2426 τούτους
3159 2363 3457 2428 ὑπεδέξατο
3479 2380 3495 2427 ;

2926 2476 3262 2530 ΕΡΩΊῊΣΙΣ
3298 2477 3469 2532 ΣΚΕἏ

2423 2558 2524 2627 Ὠς
2561 2561 2631 2615 ἐν
2656 2565 2949 2640 Δδιαλέξει
2991 2569 3434 2640 ρλληνίζοντος
3490 2572 3593 2625 καὶ
3640 2573 4014 2640 Χριστιαγοῦ

2516 2634 2833 2703 κεφάλαια,
2864 2637 2952 2692 δι’
2977 2633 3065 2693 ῶν
3094 2633 3600 2703 κιὶτασιιευᾶζεται
3633 2633 3916 2712 ήὙριὰς.

1351 2817 1496 2869 Edita
1518 2832 1545 2868 a
1565 2819 1692 2870 Maio
1717 2819 1866 2881 (Nov.
1891 2821 2014 2873 Coll.
2036 2829 2072 2874 t.
2098 2822 2136 2885 Ι,
2163 2839 2214 2888 p.
2237 2827 2568 2896 202-207).—
2588 2835 2662 2886 De
2683 2849 2851 2889 sancta
2870 2841 3116 2893 Trinitate
3135 2843 3376 2907 dialogus.

803 2927 1083 2982 Etlmicus.
1121 2927 1258 2982 Cum
1297 2935 1352 2982 te
1379 2926 1678 2982 Christiani
1728 2928 2003 3000 dogmatis
2030 2942 2305 3001 protecto-

734 3036 849 3075 rem
880 3021 1125 3074 noverim
1157 3036 1219 3074 ac
1249 3033 1739 3090 propugnatorem,
1776 3038 1875 3076 nec
1913 3039 2018 3077 non
2056 3025 2308 3094 benigni-

735 3122 846 3166 tate
890 3111 1223 3180 fulgentem,
1290 3128 1398 3167 non
1461 3115 1694 3167 verebor
1734 3113 2074 3183 disquirendi
2132 3117 2305 3185 gratia

728 3218 1027 3274 exponere,
1065 3203 1108 3258 si
1148 3203 1369 3272 quidem
1409 3213 1462 3258 tu
1501 3205 1725 3270 annuis,
1775 3205 1984 3276 antiqui
2015 3207 2308 3277 praecipui-

733 3314 839 3366 que
866 3297 1006 3365 apud
1040 3311 1135 3350 vos
1173 3298 1446 3352 sermonis
1485 3298 1815 3352 sententiam
1852 3315 1865 3351 ι
1896 3313 2059 3366 quam
2090 3298 2312 3368 quidem

733 3405 834 3461 ego
863 3391 1016 3446 valde
1047 3390 1423 3444 incredibilem
1470 3405 1594 3444 esse
1621 3391 1814 3458 video;
1845 3401 1899 3445 et
1930 3391 1976 3445 si
2014 3390 2155 3446 forte
2188 3406 2312 3445 ere-

733 3483 917 3538 dibilis
959 3485 1072 3544 liat,
1106 3481 1276 3534 nihilo
1310 3493 1490 3534 tamen
1533 3484 1716 3536 minus
1748 3482 2159 3537 contradicendi
2204 3482 2314 3536 vim

735 3576 958 3637 habere,
983 3586 1145 3644 atque
1171 3574 1225 3628 id
1251 3575 1431 3652 ipsum
1463 3575 1745 3630 evrrtendi
1771 3578 1918 3646 quod
1944 3575 2155 3646 pridem
2192 3574 2314 3628 nisa

640 3696 650 3708 -
733 3677 852 3722 crat
880 3668 1152 3720 astruere.

801 3755 1162 3812 Christianus.
1201 3755 1458 3821 Quzenam
1489 3770 1619 3810 vero
1657 3753 1752 3809 tibi
1789 3757 1928 3809 ratio
1963 3756 2041 3810 sic
2070 3755 2315 3824 cogitare

735 3848 995 3919 loqui-que
1034 3845 1245 3902 suasit?
1274 3846 1417 3900 Sane
1446 3847 1593 3915 quod
1640 3856 1733 3899 tua
1781 3845 1970 3914 opinio
2005 3861 2179 3912 neque
2213 3861 2314 3901 nos

734 3955 912 4010 neque
963 3940 1244 3994 veritatem
1297 3945 1595 4008 oppugnet,
1642 3937 1718 3990 nil
1774 3953 1914 4006 opus
1949 3948 2035 3991 est
2080 3937 2310 3991 dicere:

733 4033 878 4102 quod
910 4041 1093 4086 autem
1145 4031 1180 4084 ii
1213 4030 1307 4099 qui
1365 4029 1683 4099 caliginosis
1726 4027 2074 4098 dOgtnatibus
2112 4027 2313 4081 obseu-

734 4136 948 4188 rantur,
1009 4123 1294 4191 religionis
1355 4132 1516 4175 recta:
1563 4121 1746 4173 lumen
1793 4133 1902 4172 non
1962 4120 2207 4181 videant,
2261 4118 2313 4172 id

733 4231 951 4288 quoque
995 4213 1153 4270 facile
1209 4212 1551 4282 intelligitur.
1603 4209 1743 4264 Fare
1798 4225 1897 4281 age
1951 4219 2131 4264 tamen
2186 4211 2312 4278 qui-

734 4312 967 4363 husnam
999 4321 1055 4362 tu
1107 4306 1412 4360 rationibus
1464 4302 1734 4370 impulsus
1766 4301 1941 4360 dicas.
1990 4310 2216 4356 nostros
2245 4302 2313 4356 de

732 4401 997 4468 religione
1048 4411 1353 4459 sermones,
1423 4395 1552 4448 dum
1613 4407 1727 4446 rem
1782 4392 2014 4446 suadere
2064 4392 2308 4461 student,

2333 3164 2378 3226 C

2502 2941 2880 3012 Ἔλληνίζων.
2915 2950 3022 3003 Τοῦ
3067 2951 3394 3020 Χριστιανοῦ
3439 2970 3497 3006 σε
3557 2953 3832 3021 δόγματος
3869 2972 4009 3026 προ-

2417 3037 2684 3106 ασπιστὴν
2702 3039 2857 3103 εἰδὼς
2874 3041 2969 3095 καὶ
2989 3042 3331 3112 ύτιέρμαχον,
3349 3044 3522 3109 ἄλλως
3555 3062 3608 3098 τε
3629 3047 3686 3099 δὲ
3710 3048 3811 3100 καὶ
3827 3049 4011 3101 ἐπιει-

2416 3129 2541 3199 κείᾳ
2567 3131 3045 3204 λαμπρυνόμενον,
3099 3139 3201 3191 οὐκ
3232 3139 3298 3193 ἀν
3329 3141 3692 3213 εὐλαϐηθείην
3721 3143 4013 3214 λογισμοῖς

2417 3222 2654 3286 ὶτάσεως
2677 3226 2987 3293 ὑποϐαλεῖν,
3006 3230 3120 3296 εἴγε
3145 3234 3239 3284 καὶ
3256 3233 3420 3293 αὐτὸς
3442 3234 3738 3298 ἐπινεύοις,
3761 3238 3858 3289 τοῦ
3878 3240 4011 3308 παρ’

2416 3311 2544 3381 ὑμῖν
2579 3316 3020 3386 πρεσϐευομένου
3054 3321 3213 3388 λόγου
3247 3325 3348 3392 τὴν
3367 3325 3629 3379 διάνοιαν·
3661 3328 3779 3396 όρῶ
3806 3330 3920 3398 γὰρ
3952 3334 4008 3383 ἐν

2416 3405 2553 3476 αὐτῇ
2593 3406 2728 3460 πολὺ
2756 3409 2855 3478 μὲν
2879 3410 2939 3462 τὸ
2970 3412 3264 3466 ἀπείθανον
3289 3430 3305 3445 ·
3329 3415 3550 3468 ἐπειδὰν
3579 3417 3634 3468 δὲ
3658 3417 3720 3469 τὸ
3743 3419 4009 3472 πειθανῦν

2416 3497 2721 3562 ὑποδύοιτο,
2771 3502 2870 3554 οὑκ
2907 3503 3114 3557 ἐλάττω
3162 3506 3432 3570 δηλοῦσαν
3479 3509 3569 3560 τὸν
3604 3510 3856 3578 ἔλεγχον,
3915 3516 4009 3566 καὶ

2417 3593 2899 3663 καταστρέφουσαν
2934 3595 2971 3649 ἃ
2998 3597 3431 3662 κατασκευάζειν
3458 3601 3765 3673 προῄρητο.

2486 3769 2857 3836 Χριστιανός.
2887 3771 3008 3836 Πῶς
3031 3772 3097 3844 δὴ
3124 3775 3219 3827 καὶ
3247 3776 3333 3839 τίς
3363 3793 3423 3829 σε
3456 3776 3613 3844 λόγος
3642 3771 3747 3834 ὦδε
3786 3789 4008 3852 φρονεῖν

2415 3859 2510 3911 καὶ
2550 3859 2730 3927 λέγειν
2774 3863 3094 3931 ἀνέπεισεν;
3136 3867 3262 3920 Ὀτι
3296 3869 3397 3938 μὲν
3449 3871 3558 3941 γὰρ
3587 3873 3619 3943 ἡ
3652 3873 3720 3944 σὴ
3758 3875 3891 3940 δόξα
3916 3881 4008 3931 καὶ

2415 3947 2547 4018 ἡμῖν
2571 3952 2663 4004 καὶ
2709 3955 2776 4022 τῇ
2815 3954 3045 4026 ἀληθεία
3075 3957 3135 4010 ού
3167 3960 3420 4028 μάχεται,
3463 3962 3616 4015 οὐδὲν
3650 3964 3732 4018 δεῖ
3769 3968 3966 4036 μαθεξν
3988 3987 4003 4000 ·

2414 4040 2496 4093 ὅτι
2525 4040 2581 4094 δὲ
2613 4045 2724 4105 τοῖς
2766 4046 2823 4098 ἐν
2867 4045 3029 4115 ἀχλύῖ
3068 4048 3356 4120 δογμάτων
3402 4057 3800 4124 κατεχομένοις
3840 4062 3872 4131 ή
3905 4062 4006 4130 τῆς

2414 4133 2694 4198 εὐσεϐείας
2719 4137 2818 4206 οὐχ
2844 4140 3037 4209 ὁρᾶται
3061 4142 3391 4213 καθαρότης.
3420 4146 3544 4198 οὐδὲ
3567 4149 3731 4202 τοῦτο
3757 4152 4002 4222 ἐργῶδες

2413 4226 2646 4280 ἑννοείνο
2697 4229 2837 4301 πλὴν
2891 4231 3028 4285 άλλά
3061 4235 3210 4301 λέγε,
3257 4237 3397 4290 οἶσε
3425 4241 3533 4292 τῶν
3573 4239 3750 4309 λόγων
3789 4247 4006 4317 ἑπῇραν

2413 4316 2611 4384 λέγειν,
2643 4320 2716 4384 ὡς
2762 4323 2807 4374 oi
2842 4325 2972 4392 περὶ
2999 4326 3100 4394 τῆς
3131 4327 3418 4393 εὐσεϐείας
3451 4332 3607 4402 ήμῶν
3635 4334 3794 4403 λόγοι
3819 4340 3879 4391 τὸ
3905 4316 4004 4392 πι-

2415 4407 2575 4462 θανὸν
2615 4411 3018 4482 μηχανώμενοι,
3078 4417 3278 4486 μᾶλλον
3323 4421 3462 4491 πρὸς
3505 4423 3567 4476 τὸ
3611 4424 3916 4480 ἀπίθανόν
3945 4446 4003 4481 τε

730 4508 852 4546 eam
893 4489 1076 4560 potius
1119 4487 1494 4542 incredibilem
1522 4499 1586 4538 ac
1616 4484 2083 4538 demonstratione
2115 4498 2304 4537 caren-

2414 4502 2834 4556 κάναπόδεικτον
2861 4506 3250 4579 ἀπορρέουσιν.

733 4592 840 4637 tem
873 4581 1180 4636 ostendere.

799 4675 927 4729 Elii.
983 4671 1161 4726 Fabor
1213 4670 1382 4741 igitur
1437 4684 1546 4723 non
1608 4684 1782 4724 novos
1830 4685 2009 4741 neque
2065 4684 2307 4740 nuperos

2487 4679 2774 4749 Ἐλ.⁹1·ὶρῶ
2812 4699 2873 4734 τε
2909 4684 3088 4736 τοίνυν
3115 4686 3175 4738 ού
3221 4688 3398 4755 νέους,
3434 4691 3497 4744 οὗ
3526 4696 3884 4764 προσφάτους
3914 4699 4002 4751 3.6-

731 4779 1036 4828 sermones,
1065 4764 1160 4819 sed
1206 4778 1236 4815 a
1268 4761 1461 4832 priseis
1495 4761 1791 4815 admodum
1821 4763 2014 4816 vestris
2061 4763 2308 4831 patribus

2414 4785 2560 4835 γους,
2595 4770 2732 4823 άλλά
2787 4772 3037 4838 παλαιοῖς
3087 4777 3240 4846 ὑμῶν
3291 4782 3384 4834 καὶ
3439 4785 3676 4854 χρονίοις
3721 4791 4001 4861 Πατράσιν

731 4861 926 4914 dictos.
968 4858 1060 4913 Isti
1096 4859 1240 4912 enim
1277 4857 1406 4910 dum
1437 4855 1636 4910 Filium
1686 4865 1853 4924 atque
1897 4855 2160 4925 Spiritum
2195 4854 2306 4910 Deo

733 4953 1040 5022 adjungunt
1083 4953 1188 5020 (est
1235 4949 1383 5004 enim
1433 4949 1538 5002 hoc
1585 4959 1851 5010 vestrum,
1905 4962 1938 5003 ο
1985 4947 2307 5012 Christiani,

732 5045 926 5114 dogma
965 5053 1018 5097 et
1045 5040 1473 5110 magisterium),
1514 5039 1614 5094 has
1642 5040 1755 5096 fere
1784 5040 2040 5110 loquendi
2067 5042 2310 5109 argutias

733 5139 1119 5206 iuterrogativa
1159 5134 1334 5189 forma
1378 5143 1699 5189 contexunt.
1733 5132 1899 5188 Deum
1947 5136 2173 5188 minime
2209 5150 2304 5188 ca-

733 5246 851 5289 rere
900 5229 1063 5282 verbo
1115 5228 1313 5281 mentis
1345 5226 1536 5298 (λόγῳ)
1581 5226 1753 5279 dices.
1795 5224 1949 5280 llauc
1998 5239 2052 5281 tu
2110 5228 2157 5282 si
2190 5227 2308 5282 bla-

733 5323 1036 5388 sphemiam
1089 5335 1273 5384 caves,
1324 5321 1571 5388 prol'ecto
1616 5319 1768 5373 dices
1826 5320 2051 5372 verbum
2104 5319 2306 5373 mentis

734 5415 933 5466 habere
970 5409 1160 5464 Deum.
1195 5411 1324 5466 ltem
1369 5411 1414 5465 si
1442 5409 1586 5465 Deus
1621 5426 1730 5463 non
1763 5419 1847 5464 est
1881 5412 2170 5476 exanimis,
2207 5427 2303 5465 ne-

731 5520 838 5574 que
868 5504 1266 5560 insensibilium
1293 5519 1475 5559 rerum
1508 5513 1704 5558 natura
1729 5504 2012 5572 prmditus,
2053 5504 2305 5574 spiritum

735 5596 932 5660 habeat
971 5612 1198 5654 necesse
1242 5606 1343 5653 est.
1378 5593 1521 5667 Ergo
1571 5611 1753 5652 sermo
1781 5595 1848 5651 de
1890 5606 2084 5651 natura
2117 5596 2304 5652 divina

2408 4863 2830 4933 ἀνειρημένους·
2882 4868 2976 4920 καὶ
3021 4869 3129 4940 γὰρ
3175 4864 3322 4925 οὗτοι
3378 4874 3504 4927 Υἱὸν
3538 4880 3632 4930 καὶ
3661 4881 3892 4952 Πνεῦμα
3923 4885 4001 4951 τῷ

2413 4953 2531 5024 Θεῷ
2581 4957 3010 5026 παρεισάγοντες
3067 4961 3248 5029 (τοῦτο
3285 4965 3394 5033 γάρ
3432 4969 3550 5021 ἐστι
3605 4972 3670 5024 τὸ
3731 4974 4001 5045 ὑμέτερον

2411 5044 2520 5098 τῶν
2550 5047 2902 5116 Χριστιανῶν
2931 5055 3022 5106 καὶ
3064 5054 3242 5125 δόγμα
3289 5060 3383 5111 καὶ
3427 5063 3717 5133 κήρυγμα)
3742 5044 4000 5139 τοιαύτην

2409 5139 2532 5192 τινὰ
2558 5141 2763 5211 πλοκὴν
2810 5144 2866 5195 ἐν
2907 5145 3175 5216 ἐρωτήσει
3227 5150 3633 5208 διαπλέκουσιν*
3683 5159 3714 5210 ό
3741 5159 3872 5224 Θεὸς
3901 5165 4002 5216 οὐκ

2411 5229 2480 5283 ἀν
2521 5232 2667 5298 ἐρεῖς
2699 5231 2775 5294 ὠς
2802 5234 3015 5303 ἄλογος·
3055 5239 3103 5290 εἰ
3148 5238 3204 5292 δὲ
3242 5243 3336 5294 καὶ
3381 5243 3445 5295 σὺ
3485 5244 3715 5313 φεύγεις
3738 5251 3803 5303 τὸ
3833 5252 3998 5321 βλάσσ

2412 5339 2624 5393 φημον,
2687 5325 2859 5392 Λόγον
2911 5328 2987 5391 ὡς
3032 5329 3146 5400 ἔχει
3173 5333 3394 5397 πάντως
3443 5337 3611 5406 ἐρεῖς·
3655 5341 3709 5394 sl
3747 5343 3806 5396 δὲ
3843 5345 3924 5413 μὴ
3958 5346 3998 5397 ἰδ’

2411 5416 2617 5480 ἀπίους
2656 5419 2750 5469 καὶ
2788 5419 2896 5472 τῶν
2937 5422 3292 5493 ἀναισθήτων
3328 5426 3427 5498 τὴν
3475 5429 3642 5498 φύσιν
3701 5433 4000 5488 ὑποϐαλλὲ-

2411 5525 2590 5577 μενος,
2636 5509 2747 5577 ἔχει
2783 5511 3000 5575 πάντως
3040 5514 3137 5567 καὶ
3190 5516 3433 5588 [Ινεῦμα’
3482 5520 3688 5575 οὐκοῦν
3723 5526 3783 5577 ἐν
3809 5526 3998 5596 Τριάδι

2405 5597 2504 5667 τὴν
2541 5598 2824 5667 θεολογίαν
2862 5602 3201 5673 ,ὑμνολογεῖν
3244 5607 3343 5661 δείο
3388 5610 3616 5666 τοιαῦτα
3664 5614 3726 5669 δέ
3751 5632 3878 5670 τινα
3909 5620 3998 5671 καὶ

2229 5763 2438 5819 ΝΟΤεΕ

807 5888 881 5956 (l)
917 5885 1036 5942 llaec
1065 5901 1282 5959 quoque
1308 5885 1536 5958 quwstio
1557 5885 1610 5940 in
1635 5883 1857 5941 Coislin.
1890 5891 1939 5940 et
1967 5881 2290 5941 'l'auriucnsi
2335 5881 2524 5936 codice
2557 5881 2719 5952 plane
2751 5884 2924 5941 deest.
