4162 6442
757 379 892 449 1019

1902 382 2164 447 ΡΗΟἸἸῙ
2201 379 2708 445 ΡᾹΤΒΙΑΒΒΗΒ
2729 380 2840 443 CP.

3863 381 3992 447 1020

821 495 922 552 Ch.
963 493 1109 552 Bene
1133 502 1220 553 est
1245 497 1392 566 quod
1431 495 1750 554 universum
1775 507 1970 554 contra
1997 497 2314 568 religionem

2498 495 2603 564 Xp.
2635 491 2712 550 Εὖ
2739 494 2802 564 γέ
2829 511 2912 549 σοι
2940 496 3050 559 πᾶς
3072 500 3101 549 ό
3127 493 3269 548 κατά
3293 494 3392 564 τῆς
3429 493 3710 557 εὐσεϐείας
3739 494 3818 558 th;
3867 496 3987 548 πολ·

754 588 904 642 virus
930 586 1195 643 diuturno
1230 596 1480 658 tenipore
1507 591 1879 658 putrefactum
1905 590 1994 647 vix
2029 604 2178 646 nunc
2200 597 2321 644 tan-

750 678 874 733 dem
932 679 1225 751 aliquando
1275 680 1561 738 vomuisti.
1608 680 1677 737 Et
1721 698 1858 739 sane
1900 695 2223 754 cognosces,
2273 680 2319 736 si

750 769 916 826 modo
939 784 1120 827 meme
1142 772 1474 843 resipiscens
1499 775 1850 830 considerare
1873 773 2134 839 volueris,
2154 786 2320 836 quam

751 860 803 914 id
835 863 1256 932 corrumpendis
1280 863 1379 918 tibi
1408 864 1712 922 visceribus
1735 865 1976 921 validum
2009 873 2178 920 esset.

822 951 950 1006 Eth.
996 953 1138 1020 Quid
1165 955 1281 1010 ita?

821 1040 918 1096 Ch.
959 1041 1114 1098 Haud
1148 1043 1392 1099 arbitror
1421 1054 1475 1101 te
1504 1045 1779 1117 ignorare,
1808 1055 1871 1102 ut
1893 1046 2007 1116 jam
2038 1046 2175 1113 dixi,
2207 1045 2322 1101 hac

749 1134 968 1203 quidem
996 1149 1025 1188 a
1055 1135 1158 1204 piis
1190 1136 1318 1200 dici,
1351 1151 1459 1192 non
1485 1151 1552 1192 eo
1591 1147 1774 1192 tamen
1797 1152 1908 1208 quo
1928 1145 1989 1193 tu
2024 1138 2107 1193 ais
2135 1135 2320 1191 modo.

823 1223 948 1277 Eth.
989 1223 1190 1293 Quaeso
1219 1227 1386 1296 igitur
1416 1243 1656 1298 quonam
1684 1229 1835 1284 alio?

820 1315 918 1371 Ch.
968 1314 1193 1373 Veteres
1245 1317 1323 1372 illi
1370 1334 1479 1374 non
1530 1319 1608 1375 ita
1658 1319 1905 1391 profecto
1957 1322 2318 1391 interrogant,

749 1405 844 1460 sed
879 1407 985 1461 alia
1021 1407 1252 1463 ratione.

827 1495 949 1553 Eth.
994 1496 1206 1553 Rursus
1235 1513 1336 1568 ego
1353 1499 1501 1569 justa
1536 1502 1888 1557 accusatione
1916 1503 2178 1572 gravique
2225 1519 2318 1559 re-

751 1589 1113 1658 prehensione
1163 1591 1394 1658 liberer,
1447 1593 1574 1648 dum
1615 1594 1706 1648 illa
1759 1597 2033 1665 vitupero,
2085 1613 2319 1666 quorum

753 1696 819 1732 ne
853 1689 907 1733 tu
941 1681 1162 1750 quidem
1199 1685 1564 1752 patrocinium
1595 1689 1789 1742 sumis.
1818 1685 1954 1741 Nam
1986 1689 2132 1757 quod
2173 1700 2227 1743 tu
2258 1704 2320 1744 ea

749 1773 1120 1840 praetermittis
1161 1789 1283 1844 qua:
1327 1790 1429 1844 ego
1468 1777 1753 1844 criminor,
1808 1779 1918 1834 alia
1961 1795 2089 1834 vero
2137 1779 2319 1842 alTers.

2421 585 2537 650 λοῖς
2581 586 2843 649 ἐνσαπεὶς
2887 587 3104 657 χρόνοις
3134 587 3234 654 6ψέ
3283 588 3377 640 καὶ
3409 587 3562 657 μόλις
3587 586 3878 656 ἀπημέθηο
3907 587 3990 638 καὶ

2419 676 2541 746 ὕψει
2570 693 2636 746 γε
2664 677 2873 742 τοῦτον,
2904 678 2955 730 εί
2975 677 3297 748 βουληθείης
3317 678 3595 747 ἀνανήψας
3618 678 3848 748 ἐφορᾷν,
3869 677 3989 746 ὅσην

2421 765 2570 841 εἶχεν
2601 771 2756 841 ἰσχὺν
2804 769 3307 840 καταλυμαίνεσθαι
3352 770 3420 824 τά
3446 771 3716 825 ἐντόσθια.

2499 945 2626 1002 Ἐλ.
2659 945 2785 1009 Πῶς
2805 946 2912 1015 μήν
2936 963 2954 1012 ;

2491 1041 2592 1109 Xp.
2621 1040 2737 1093 Οὐκ
2756 1035 2911 1109 οίμαί
2943 1055 3002 1092 σε
3023 1037 3227 1100 λαθεῖν,
3249 1036 3324 1097 ὡς
3347 1036 3586 1108 εἴρηται,
3612 1036 3992 1106 προτείνεσθαι

2424 1132 2524 1203 μὲν
2551 1131 2722 1185 ταῦτα
2747 1133 2858 1193 τοῖς
2892 1130 3195 1194 εὐσεϐέσιν,
3235 1131 3334 1199 οὐχ
3367 1129 3442 1192 ὡς
3474 1129 3540 1183 σὺ
3582 1130 3926 1200 προέτεινας.

2502 1225 2631 1278 Ἑλ.
2660 1225 2805 1294 Ἀρα
2825 1240 2910 1291 γε,
2936 1223 3031 1275 καὶ
3059 1222 3182 1276 τίνα
3211 1221 3416 1292 τρόπον
3444 1221 3639 1288 may;

2490 1318 2593 1385 Χρ.
2625 1315 2835 1369 Οὐκοῦν
2862 1316 2961 1386 οὐχ
2987 1315 3131 1386 άπερ
3156 1315 3457 1386 ἐρωτῶσιν,
3483 1312 3597 1367 ἀλλ’
3626 1313 3794 1384 lupa
3820 1330 3960 1366 τινα.

2503 1495 2620 1549 Ἑλ.
2651 1495 2765 1548 Καὶ
2792 1493 2954 1547 πάλιν
2979 1491 3212 1563 ἀφίεμαι
3254 1489 3468 1554 δικαίας
3500 1489 3677 1551 αίτίας
3703 1488 3800 1542 καὶ
3834 1487 3992 1554 μεγάο

2421 1587 2519 1658 λης
2550 1587 2814 1657 μέμψεως
2864 1587 3051 1638 ἐκεῖνα
3079 1582 3287 1652 ψέγων,
3336 1576 3412 1635 ὧν
3461 1581 3585 1634 οὐδὲ
3612 1583 3676 1633 σὺ
3723 1583 3825 1648 τῆς
3871 1595 3994 1644 πων

2425 1680 2652 1742 στασίας
2684 1679 3025 1748 ὑπέρμαχος·
3053 1677 3114 1727 τὸ
3142 1675 3253 1744 γὰρ
3279 1673 3523 1745 μεθεῖναί
3552 1689 3613 1725 σε
3653 1671 3779 1724 καθ’
3806 1665 3884 1724 ὧν
3907 1671 3994 1736 τὴν

2423 1772 2602 1826 αίτίαν
2639 1771 2814 1842 φέρω,
2859 1771 3055 1840 ἑτέραν
3079 1769 3135 1821 δέ
3162 1767 3544 1838 προκομίζειν,
3579 1767 3704 1819 ὅσον
3733 1767 3850 1833 ἔχει
3888 1765 3994 1825 τοῖς

751 1831 800 1915 id
831 1871 1096 1932 quantum
1139 1831 1238 1918 tibi
1265 1831 1510 1920 aﬂ’e‘renti
1536 1877 1698 1938 auget
1729 1831 1950 1934 virium,
1978 1873 2314 1931 tantumdem

2426 1831 2918 1936 προκομίζομένοις
2941 1831 3003 1914 τὸ
3026 1831 3266 1932 θαρρεῖν.
3294 1831 3550 1912 τοσοῦτον
3588 1859 3701 1920 τοῖς
3846 1855 3997 1925 ἡμῶν

751 1953 861 2007 illis
894 1955 1132 2009 detrahit
1160 1971 1300 2024 quos
1328 1971 1430 2011 nos
1461 1959 1940 2028 reprehendimus.

821 2045 920 2100 Ch.
960 2046 1096 2112 Quis
1154 2057 1208 2102 te
1251 2048 1366 2118 jam
1421 2049 1659 2120 benigno
1703 2053 1867 2108 oculo
1926 2054 2182 2124 aspiciat,
2224 2063 2321 2108 aut

749 2135 1025 2190 hominem
1074 2135 1219 2206 frugi
1267 2137 1541 2207 appellet?
1579 2139 1716 2194 Cum
1766 2141 1912 2195 enim
1951 2157 2020 2198 eo
2052 2141 2320 2198 decideris

750 2241 860 2293 quo
888 2241 996 2280 non
1028 2228 1346 2294 oportebat;
1377 2231 1424 2284 si
1453 2228 1579 2298 quis
1612 2237 1666 2284 te
1685 2231 1908 2297 allevat,
1933 2248 2046 2286 non
2071 2232 2274 2287 lataris
2305 2246 2320 2285 :

748 2316 861 2370 into
886 2317 1221 2384 expostulat,
1249 2317 1379 2388 quia
1423 2332 1531 2373 non
1580 2319 1671 2374 ubi
1695 2319 1940 2390 iacebas,
1967 2322 2192 2378 relictus
2221 2319 2318 2375 sis.

826 2406 948 2461 Eth.
991 2407 1092 2473 Qui
1136 2410 1250 2463 lieri
1286 2410 1466 2479 potest
1493 2419 1553 2464 ut
1585 2411 1700 2466 haec
1731 2413 1802 2466 ita
1833 2426 1894 2468 se
1923 2414 2202 2469 habeant?

821 2496 919 2552 Ch.
956 2498 1092 2565 Quia
1123 2500 1380 2554 nimirum
1405 2501 1600 2570 priscis
1621 2504 1871 2571 patribus
1896 2519 1960 2558 ea
1993 2507 2126 2560 vitio
2152 2511 2322 2564 verti-

749 2588 843 2652 sti,
873 2604 994 2657 qua:
1025 2604 1185 2643 nemo
1228 2606 1470 2660 unquam
1502 2589 1660 2647 dixit.
1694 2590 1850 2648 Nunc
1891 2602 2075 2649 autem
2110 2612 2237 2652 cum
2270 2607 2320 2655 te

749 2679 954 2732 sentias
984 2679 1338 2734 accusatione
1365 2681 1675 2746 exclusum,
1709 2683 1919 2751 peccati
1947 2684 2162 2740 veniam
2209 2703 2318 2743 non

750 2769 1028 2838 postulas;
1069 2785 1244 2838 neque
1295 2771 1509 2836 cogitas
1559 2771 1790 2841 gratiam
1841 2788 1965 2828 esse
2011 2776 2318 2832 habendam

747 2861 793 2916 si
821 2861 943 2932 quis
968 2871 1018 2917 te
1046 2862 1113 2916 ah
1150 2862 1253 2917 hac
1274 2862 1579 2918 temeritate
1604 2874 1841 2925 revocet.
1868 2867 1977 2919 imo
2000 2866 2160 2936 quia,
2188 2869 2317 2926 dum

747 2969 916 3008 unum
947 2955 1183 3025 impetis,
1220 2957 1368 3010 aliud
1417 2971 1516 3025 pro
1571 2971 1638 3012 eo
1673 2957 1923 3024 lacessis,
1973 2958 2177 3016 idcirco
2223 2964 2320 3018 tibi

747 3048 1178 3118 superbiendum
1224 3063 1348 3104 esse
1387 3058 1547 3120 putas
1577 3068 1592 3105 :
1624 3065 1732 3121 qua
1772 3051 2017 3116 insania,
2065 3069 2316 3125 quaenam

744 3138 965 3207 gravior
998 3154 1120 3194 esse
1151 3141 1367 3209 potest?

817 3229 942 3284 Eth.
981 3233 1121 3285 Ante
1154 3231 1533 3287 refutationem
1579 3248 1668 3297 ne,
1712 3249 1921 3304 quaeso,
1961 3238 2316 3307 supercilium

743 3324 962 3376 attollas
992 3339 1169 3391 neque
1204 3339 1430 3393 magnos
1455 3324 1682 3393 spiritus
1721 3341 1902 3394 geras.
1942 3326 2073 3382 Nam
2103 3343 2199 3383 eos
2225 3330 2317 3399 qui

746 3415 955 3466 ratione
981 3414 1252 3477 nituntur,
1279 3428 1512 3483 eamque
1541 3429 1654 3485 pra:
1693 3430 1752 3471 se
1789 3415 2043 3484 tendunt,
2077 3420 2204 3489 quis
2240 3419 2318 3474 ir-

745 3503 922 3556 ridere
948 3501 1135 3556 ausit?

815 3591 912 3646 Ch.
956 3591 1123 3646 Recte
1154 3593 1257 3647 ais.
1289 3592 1374 3648 Me
1417 3593 1586 3663 igitur
1616 3593 1910 3649 ratiocinio
1945 3603 2037 3650 tuo
2066 3611 2316 3665 sequere.

747 3687 848 3738 Aio
897 3693 1117 3739 nostros
1151 3699 1260 3739 non
1297 3685 1636 3757 interrogare
1676 3696 1859 3741 utrum
1896 3685 2042 3743 Deus
2087 3689 2316 3744 verbum

745 3775 940 3830 mentis
972 3775 1188 3830 habeat.

815 3865 941 3921 Eth.
983 3865 1126 3932 Quid
1161 3882 1290 3937 ergo
1314 3866 1462 3922 aliud
1499 3868 1880 3941 interrogant?

811 3956 908 4016 Ch.
951 3957 1117 4013 Estne
1148 3957 1290 4015 Deus
1345 3974 1511 4028 supra
1554 3972 1805 4016 naturam
1838 3977 2055 4018 omnem
2084 3961 2316 4030 locatus,

743 4059 959 4104 creator
987 4057 1042 4103 et
1073 4051 1372 4120 inspector,
1399 4066 1500 4106 nec
1530 4052 1635 4107 ne?

816 4139 940 4193 Eth.
983 4137 1126 4193 Nihil
1161 4141 1264 4195 hoc
1294 4139 1363 4195 ad
1393 4141 1660 4196 rationem
1695 4158 1870 4198 meam
1921 4144 2136 4199 attinet.
2175 4143 2312 4200 Nam

743 4244 917 4297 neque
953 4227 1079 4298 quia
1115 4245 1238 4283 cum
1284 4230 1472 4285 divina
1503 4241 1697 4287 natura
1741 4232 2030 4289 facultates
2054 4237 2174 4305 ejus
2206 4252 2313 4291 non

741 4320 958 4389 copulo.
990 4320 1197 4374 idcirco
1232 4322 1506 4391 sophistas
1544 4326 1867 4380 calumniari
1900 4325 2145 4381 videbor.

811 4409 910 4464 Ch.
947 4408 1065 4464 Non
1098 4411 1149 4465 id
1181 4411 1288 4465 aio.
1325 4410 1429 4466 Sed
1462 4412 1550 4468 fac
1591 4417 1831 4470 animum
1866 4416 1933 4469 ad
1979 4416 2308 4471 audiendum

2418 1955 2860 2026 διασαλλομένοις
2891 1954 3200 2022 ἀπένειμας
3235 1952 3296 2004 τὺ
3322 1952 3396 2021 μὴ
3426 1951 3672 2022 θαρρεῖν.

2488 2049 2592 2116 Χρ.
2633 2045 2796 2098 ’Λλλά
2827 2043 2944 2106 πῶς
2990 2042 3058 2096 ἂν
3097 2043 3183 2104 τίς
3207 2058 3267 2094 σε
3306 2038 3564 2110 ήδὺτερον
3597 2039 3718 2099 ἴδοι,
3765 2039 3800 2107 ἢ
3833 2036 3993 2090 καλὸν

2418 2138 2655 2206 κάγαθὸν
2705 2139 3028 2207 ὁνομάσειε;
3078 2132 3262 2188 πεσὼν
3319 2133 3430 2204 γὰρ
3460 2134 3540 2194 είς
3567 2131 3604 2185 ἀ
3635 2129 3710 2201 μὴ
3736 2129 3869 2192 εδει,
3899 2129 3993 2180 οὔκ

2421 2233 2475 2285 ετ
2499 2248 2585 2295 τις
2626 2231 2840 2302 χαίρεις
2871 2229 3251 2299 ἀναστήσειεν,
3281 2224 3420 2279 ἀλλά
3462 2222 3561 2278 καὶ
3596 2223 3762 2293 χάριν
3807 2221 3896 2274 ὅτι
3922 2218 3993 2291 μὴ

2418 2323 2674 2392 κείμενον
2705 2322 2920 2391 ἀφῆκεν
2953 2322 3228 2382 ἀπαιτεῖς.

2501 2413 2627 2468 Ἑλ.
2655 2414 2780 2476 Πῶς
2801 2413 2866 2484 δὴ
2895 2413 2990 2467 καὶ
3013 2412 3138 2466 τίνα
3156 2409 3390 2481 τρόπονς

2491 2501 2593 2568 Χρ.
2613 2501 2736 2554 Ὀτι
2755 2500 3140 2570 κατηγόρησας
3165 2497 3388 2552 ἐκείνων
3403 2496 3440 2551 ἀ
3460 2496 3650 2567 μηδεὶς
3666 2493 3990 2566 προτείνειε·

2420 2596 2515 2646 καὶ
2541 2592 2640 2661 τῆς
2675 2591 3011 2662 κατηγορίας
3028 2591 3171 2664 ὀρῶν
3203 2589 3428 2644 σεαυτὸν
3454 2589 3533 2652 ὡς
3561 2588 3739 2642 ἔοικεν
3767 2585 3993 2652 ἐξωθού-

2423 2700 2603 2753 μενον,
2644 2683 2705 2736 ob
2757 2682 3088 2753 συγγνώμην
3135 2676 3216 2744 οἷς
3248 2681 3496 2752 ἥμαρτε,
3540 2679 3740 2742 αίτεῖς,
3771 2676 3886 2731 οὐδ’
3916 2678 3993 2731 ὅτι

2419 2776 2579 2846 χάριν
2605 2774 2837 2844 ὀφείλεις
2884 2773 2938 2826 εί
2976 2775 3062 2836 τίς
3107 2790 3167 2826 σε
3207 2773 3566 2844 μεταστήσειε
3616 2769 3713 2824 τοῦ
3763 2769 3994 2840 θράσους

2423 2869 2647 2935 ἐννοεῖς,
2681 2865 2797 2921 ἀλλ’
2821 2867 2911 2920 ὅτι
2943 2864 3067 2920 καθ’
3117 2866 3324 2936 ἐτέρων
3376 2863 3707 2936 ὡρμημένος
3755 2859 3997 2924 διέϐαλες

2421 2962 2604 3033 ἕτερα,
2656 2961 2803 3032 μέγα
2857 2959 3098 3027 νομίζεις
3134 2958 3372 3027 φρονεῖν’
3407 2957 3501 3010 καί
3553 2971 3638 3009 τοι
3662 2957 3766 3026 τῆς
3816 2955 3998 3016 ἀνοίας

2420 3051 2622 3122 ταύτης
2646 3052 2700 3105 τί
2739 3052 2808 3106 ἂν
2836 3049 2924 3120 εῐη
2954 3047 3365 3120 χαλεταῦτιρονῖ

2501 3229 2626 3283 Ἑλ.
2657 3227 2772 3297 Πρὸ
2814 3227 2925 3282 τῶν
2971 3227 3209 3298 ἐλέγχων
3247 3225 3308 3280 οὐ
3347 3225 3428 3280 δεῖ
3463 3224 3565 3298 τὴν
3600 3224 3782 3296 ὀφρῦν
3823 3227 4001 3296 αἴρειν

2417 3320 2539 3374 οὐδὲ
2567 3322 2786 3391 φρονεῖν
2816 3319 2978 3388 μέγα·
3009 3317 3117 3386 ἐφ’,
3140 3313 3222 3382 οἷς
3248 3317 3316 3371 ἂν
3358 3319 3486 3380 τοὺς
3512 3318 3818 3386 ὑπέχοντας
3842 3317 4002 3385 λόγον

2418 3411 2451 3482 ἢ
2488 3411 2582 3463 καὶ
2613 3409 3085 3481 προϐαλλομένους
3115 3408 3200 3471 τίς
3233 3407 3650 3478 ἐπιχλευάσειε;

2487 3590 2592 3656 Xp.
2618 3585 2816 3648 Καλῶς
2844 3602 2908 3654 γε
2935 3586 3094 3659 ἐφηςς
3127 3583 3222 3638 καί
3252 3587 3342 3652 μοι
3363 3585 3478 3647 τοῖς
3515 3583 3803 3654 λογισμοξ
3859 3600 4000 3654 παρ-

2418 3675 2721 3732 ακολούθει⁶
2743 3675 2806 3728 οὐ
2833 3675 3178 3746 προτείνουσι
3208 3675 3311 3745 τὴν
3335 3673 3628 3745 ἐρώτησιν,
3663 3675 3692 3726 ό
3735 3673 3872 3738 Θεὸς
3891 3673 4000 3743 ἔχει

2417 3768 2595 3837 λόγον.

2503 3860 2630 3914 Ἑλ.
2673 3858 2786 3913 Καὶ
2821 3857 2940 3921 πῶς
2972 3858 3184 3926 ἀλλωςς

2487 3954 2589 4020 Χρ.
2621 3949 2767 4021 *Αρά
2809 3951 2926 4004 ἐστί
2954 3968 3008 4004 τι
3037 3951 3192 4006 Θεῖον
3225 3950 3659 4021 ὑπεριδρύμενον
3684 3951 3800 4006 τῶν
3827 3951 3998 4006 ὅντων

2416 4044 2810 4115 δημιουργικόν
2842 4059 2902 4095 τε
2935 4044 3030 4098 καὶ
3051 4045 3343 4097 ἐποπτικὸν
3370 4045 3403 4114 ἢ
3432 4042 3531 4110 οὓς

2498 4136 2624 4189 Ἑλ.
2652 4134 2819 4188 Οὐδὲν
2840 4133 3002 4187 τοῦτο
3033 4133 3168 4204 πρὸς
3207 4135 3302 4187 τὸν
3353 4134 3486 4204 ἐμὸν
3504 4135 3685 4202 λόγον.
3715 4135 3855 4190 οὐδέ
3888 4135 3996 4204 τάρ

2414 4230 2497 4283 ὃτι
2525 4227 2598 4298 μὴ
2639 4228 2870 4297 συνείρω
2915 4228 2982 4298 τῇ
3032 4226 3151 4296 θείᾳ
3190 4226 3351 4295 φύσει
3386 4226 3454 4280 τά
3503 4227 3785 4297 προσόντα
3826 4228 3992 4298 αὐτῇ,

2415 4317 2502 4371 διὰ
2530 4317 2687 4370 τοῦτο
2709 4317 2837 4379 τοὺς
2864 4315 3126 4384 σοφιστὰς
3154 4316 3513 4383 συκοφαντεῖν
3538 4315 3697 4381 δόξω.

2485 4409 2589 4475 Χρ.
2618 4407 2694 4461 Οὐ
2727 4404 2887 4459 τοῦτο
2910 4406 3073 4473 λόγωι
3124 4405 3261 4459 ἀλλά
3292 4407 3488 4478 μικρὸν
3531 4407 3767 4461 σεαυτὸν
3793 4409 3994 4463 ὑπόθου

740 4502 1054 4572 diligentius
1094 4502 1365 4559 attendas.
1412 4502 1526 4560 Hoc
1573 4522 1772 4561 numen
1805 4508 1986 4575 (mitto
2015 4524 2161 4563 nunc
2189 4509 2309 4562 lau-

2416 4500 2479 4569 τῇ
2518 4497 2803 4568 ἀκροάσει·
2855 4495 3017 4548 τοῦτο
3042 4494 3108 4567 δὴ
3144 4494 3206 4548 τὸ
3251 4493 3395 4548 θεῖον
3443 4495 3560 4566 (καὶ
3584 4495 3689 4548 οὐκ
3719 4495 3838 4566 ἐρῶ
3870 4495 3995 4558 τοὺς

737 4595 989 4649 dationes
1035 4595 1179 4663 ejus)
1218 4594 1498 4650 Rationale
1539 4613 1606 4651 ne
1645 4599 1786 4653 dicis
1833 4609 1886 4654 et
1927 4600 2200 4669 Spiritale,
2237 4615 2308 4654 an

739 4685 1058 4740 irrationale
1103 4697 1158 4741 et
1209 4687 1492 4742 inanime?
1542 4690 1819 4745 Audacter
1873 4706 2170 4761 presseque
2223 4706 2311 4747 re-

740 4777 967 4848 sponde.

808 4868 934 4922 Eth.
978 4868 1171 4925 L'trum
1195 4887 1261 4926 ex
1294 4872 1381 4927 his
1405 4873 1609 4937 dicam,
1652 4875 1855 4930 nescio.

807 4959 905 5012 Ch.
945 4960 1107 5030 Atqui
1149 4961 1473 5015 alterutrum
1521 4977 1588 5017 ex
1636 4963 1720 5018 his
1753 4978 1783 5016 a
1829 4963 2008 5032 priore
2059 4965 2307 5020 convicio

737 5054 978 5107 nondum
1022 5063 1072 5107 te
1098 5054 1358 5109 abducit?
1394 5053 1528 5108 Nam
1567 5057 1682 5109 sive
1724 5071 1925 5110 numen
1961 5058 2112 5112 dicas
2152 5059 2308 5111 ratio-

737 5144 858 5198 nale
902 5159 967 5198 ac
1015 5145 1282 5214 spiritale,
1339 5145 1448 5213 jam
1511 5161 1612 5201 nos
1663 5161 1770 5201 non
1821 5162 1986 5216 coges
2029 5149 2208 5202 dicere
2253 5150 2304 5202 in

735 5232 900 5286 verbo
935 5230 1167 5288 Verbum
1198 5249 1339 5298 esse,
1374 5250 1551 5303 neque
1586 5237 1639 5288 in
1666 5235 1859 5305 spiritu
1891 5236 2174 5305 Spiritum.
2211 5235 2304 5291 Sin

734 5323 886 5378 dicas
937 5339 1138 5380 numen
1193 5325 1324 5381 illud
1376 5327 1588 5382 ratione
1634 5342 1698 5382 ac
1753 5328 1903 5382 vitali
1937 5329 2131 5398 spiritu
2181 5344 2305 5384 esse

733 5424 1032 5482 expertem,
1095 5417 1330 5486 tcipsum
1375 5435 1484 5472 non
1525 5419 1661 5472 alios
1706 5421 1759 5473 in
1805 5421 2100 5490 impietatis
2139 5421 2302 5475 bara-

735 5505 916 5561 thrum
946 5507 1156 5578 dejicis.
1193 5509 1376 5582 Neque
1406 5512 1502 5567 tibi
1539 5523 1786 5583 superest
1818 5524 1874 5568 ut
1921 5512 2163 5568 Ethnicae
2202 5515 2306 5567 im-

2413 4590 2639 4660 ὖμνους)
2657 4591 2886 4658 πότερον
2921 4589 3169 4658 λογικὸν
3189 4589 3335 4659 ἐρεῖς
3357 4588 3452 4641 καὶ
3491 4587 3850 4659 histroer
3875 4588 3996 4643 ἀλο·

2410 4682 2508 4749 γόν
2537 4698 2596 4735 τε
2637 4682 2733 4734 καὶ
2770 4681 3006 4746 ἀπνουν;
3054 4679 3146 4733 καί
3195 4695 3288 4751 μοι
3327 4678 3572 4750 θρασέως
3605 4695 3669 4732 τε
3694 4680 3799 4732 καὶ
3830 4696 3994 4732 σπου-

2410 4773 2574 4836 δαίως
2596 4771 2918 4842 ἀποκρίνου.

2492 4865 2618 4918 Ἑλ.
2653 4864 2766 4932 Οὐχ
2798 4862 3057 4931 ὁπότερον
3080 4862 3147 4915 ἂν
3172 4861 3284 4931 ἐρῶ
3309 4860 3602 4932 βουλοίμην

2483 4957 2586 5023 Χρ.
2631 4953 2771 5008 Ἀλλ’
2801 4951 2829 5005 ὅ
2855 4952 3081 5024 θάτερόν
3104 4968 3166 5004 σε
3199 4951 3298 5021 τῆς
3327 4952 3601 5023 προτέρας
3649 4953 3868 5024 ὕϐρεως
3891 4955 3993 5009 οὐκ

2411 5049 2615 5116 ἀπάγει
2640 5064 2654 5112 ;
2689 5047 2755 5101 ἀν
2782 5062 2842 5097 τε
2876 5044 2985 5116 γὰρ
3021 5045 3166 5114 ἐρεῖς
3193 5043 3412 5111 λογικὸν
3441 5045 3537 5097 καὶ
3565 5043 3839 5114 ίμπνουν,
3867 5046 3992 5099 οὔτε

2409 5145 2500 5196 τὸν
2526 5142 2696 5208 Λόγον
2725 5139 2883 5205 λόγον
2929 5137 3073 5206 ἔχειν
3116 5136 3266 5207 ἡμᾶς
3318 5137 3820 5205 προσαναγκάσεις,
3865 5137 3991 5190 οὔτε

2411 5235 2580 5304 πνοὴν
2596 5233 2656 5285 τὸ
2673 5229 2922 5300 Πνεῦμα·
2941 5231 3007 5285 ἀν
3026 5247 3084 5283 τε
3106 5228 3212 5300 μὴν
3232 5237 3262 5276 .'
3287 5229 3432 5298 ἐρεῖς
3450 5230 3530 5282 ὅτι
3549 5228 3610 5282 τὸ
3627 5231 3788 5282 Θεῖον
3810 5232 3991 5282 ἐκεῖνο

2409 5328 2568 5395 λόγου
2599 5342 2659 5378 τε
2685 5323 2780 5376 καὶ
2815 5323 3130 5392 ζωαρχικῆς
3157 5320 3424 5391 ἀμέτοχόν
3446 5323 3562 5374 ἐστι
3597 5320 3794 5390 πνοῆς,
3826 5338 3990 5374 σεαυ-

2408 5425 2521 5485 τδν,
2550 5421 2652 5474 οὐκ
2681 5419 2875 5483 ἄλλους
2912 5419 2992 5481 είς
3039 5419 3138 5488 τὴν
3165 5403 3400 5487 ἐσχάτην
3431 5416 3686 5472 ἀσεϐείαν
3724 5417 3985 5488 βυθίζεις·

2412 5517 2506 5568 καὶ
2539 5514 2664 5568 οὔτε
2698 5530 2780 5568 σοι
2814 5512 2877 5565 τὸ
2916 5509 3175 5565 πολύθεον
3209 5510 3309 5581 τῆς
3347 5508 3668 5580 Ἑλληνικῆς
3688 5508 3986 5578 ἀθεότητος

1970 5679 2206 5735 VARUS
2275 5678 2678 5735 LECTIONES.

844 5792 872 5834 1
897 5782 1030 5840 Cod.
1066 5787 1166 5856 μή.
