4162 6442
163 413 295 480 1033

888 422 987 479 AD
1012 421 1605 483 AMPHILOCHIUM
1641 421 1988 494 QUBSTIO
2025 424 2669 489 CCXXXVIII-CCXL.

3265 430 3397 498 1034

153 526 233 581 ὧν
264 523 447 581 πολλοὶ
476 530 820 601 κονισάμενοι
849 532 944 585 καὶ
968 533 1093 596 τοὺς
1123 531 1319 596 ἄθλους
1355 534 1455 588 οὐκ
1490 534 1732 610 ἀγεννῶς

1844 535 1987 590 multi
2038 551 2161 590 sese
2196 538 2547 593 exercuerim
2574 547 2628 594 et
2653 555 2761 595 nou
2806 542 3121 611 ignobiliter
3154 547 3400 604 decerta-

156 620 469 687 ἐνεγκόντες
510 621 789 691 τὴν-νίκην
814 625 946 693 ἡμῖν
978 625 1078 695 (οὐ
1118 624 1226 694 γάρ
1257 624 1368 696 ἐρῶ
1395 642 1449 678 τι
1474 626 1736 694 φαυλότε-

159 712 287 778 ρον)
332 710 573 780 καθορᾶν
608 713 669 765 ού
708 714 985 785 παρέσχον
1029 717 1309 787 ἀνίκητονο
1343 717 1483 786 πλὴν
1518 718 1584 771 ἐκ
1625 718 1733 770 τῶν

157 803 551 873 προλαϐόντων
761 807 922 859 ὁσίων
962 810 1058 861 καὶ
1092 809 1381 880 μακαρίων
1402 809 1612 879 ἀνδρῶν
1636 810 1733 862 λα-

158 892 261 955 ϐάς
310 894 410 948 οὐκ
451 895 638 963 ὀλίγας
677 896 1086 967 συλλεξάμενοι,
1117 901 1214 953 καὶ⁵
1257 900 1325 961 ἀς
1367 901 1402 970 η
1447 901 1546 969 τῆς
1582 900 1733 963 θείας

162 988 337 1057 ῥοπῆς
409 987 668 1058 εὐμένεια
735 995 1040 1061 παρασχεῖν
1095 994 1227 1062 ἡμῖν
1267 995 1370 1046 οὐκ
1428 992 1732 1063 ἀπηξίωσε,

157 1078 362 1141 ταύτας
405 1081 641 1144 ἐκείναις
682 1083 1040 1152 συνάψαντες,
1082 1085 1354 1154 εὐχόμεθα
1395 1085 1493 1153 μὲν
1517 1086 1616 1154 τὴν
1637 1085 1736 1152 σὴν

162 1169 399 1237 σπουδὴν
446 1172 542 1223 καὶ
590 1170 781 1225 ἐλπίδα
808 1174 884 1242 μὴ
918 1175 1303 1243 κεκονιαμένην
1355 1174 1595 1244 χαρίτων
1644 1175 1736 1227 καὶ

158 1260 414 1326 γνώσεως
437 1262 500 1314 ού
531 1262 793 1333 δεομένης
821 1264 1118 1334 ἀλλαχόθεν
1144 1264 1422 1334 γνώμονος
1456 1264 1734 1327 ἀπελθεῖν,
1772 1290 1773 1293 η

163 1352 213 1402 εί
243 1350 299 1403 δέ
327 1352 401 1422 μὴ
427 1391 443 1416 ,
474 1352 817 1425 βραχυτάτης
859 1355 941 1408 ἔτι
976 1356 1235 1426 δεηθῆναι
1263 1357 1622 1427 διορθώσεως.
1664 1359 1738 1410 Τὸ

167 1442 271 1508 μὲν
314 1438 410 1495 οὖν
453 1444 675 1514 ἀνενδεῆ
728 1445 820 1497 τὸν
866 1444 1022 1513 λόγον
1067 1446 1369 1516 ἐπιζητεῖν,
1432 1448 1514 1510 εἰς
1563 1446 1739 1517 μῆκός

166 1530 318 1581 ἐστιν
344 1530 691 1593 ἐκϐιάζεσθαι
715 1533 812 1603 τὴν
836 1535 1076 1606 γραφὴν,
1110 1536 1174 1589 τὸ
1195 1536 1253 1589 δὲ
1279 1535 1545 1607 σύντομον
1572 1538 1739 1591 ἀπαιο

164 1622 301 1683 τείν,
330 1621 504 1674 πολλά
521 1623 629 1676 τῶν
647 1624 875 1679 δεόντων
897 1628 1217 1697 ἐπιτρέπειν
1240 1629 1544 1682 ἀπολιπεῖνο
1576 1631 1736 1701 πλὴν,

162 1710 245 1772 ὡς
279 1711 345 1763 ἂν
371 1706 483 1775 οἷός
512 1730 573 1766 τε
604 1708 679 1778 ὦ,
716 1716 1045 1787 πειράσομαι
1075 1718 1217 1773 κατά
1246 1720 1346 1791 τὴν
1385 1720 1483 1792 σὴν
1518 1722 1739 1789 ἀξίωσιν

163 1803 258 1855 τὸν
292 1807 419 1873 περὶ
447 1805 572 1875 ὅρου
599 1806 755 1875 λόγον
784 1810 1066 1880 προάγειν.

241 1978 307 2047 β’.
346 1982 410 2033 0i
453 1982 708 2053 χάσματα
754 1987 859 2055 γῆς
896 1992 1322 2060 προκομίζοντες
1366 1997 1461 2049 καὶ
1508 1999 1744 2065 ναυάγια

167 2073 265 2123 καὶ
296 2070 482 2141 λοιμὸν
507 2075 667 2146 ἀέρος
697 2077 790 2131 καί
816 2096 939 2135 τινα
961 2082 1184 2137 τοιαῦτα
1205 2086 1368 2157 ἕτερα
1395 2088 1592 2160 ἀθρόον
1623 2092 1745 2145 πολ-

166 2160 281 2212 λῶν
344 2163 439 2217 καὶ
498 2166 768 2237 διαφόρων
819 2172 1293 2242 περιλαμϐάνοντα
1352 2178 1601 2247 θάνατον,
1626 2177 1744 2236 εἶτα

168 2253 484 2323 ζητοῦντες,
519 2260 746 2326 πότερον
782 2260 982 2332 ὥριστο
1008 2264 1232 2331 τούτους
1264 2267 1398 2338 ὑφὲν
1423 2270 1500 2341 (6)
1526 2274 1621 2325 καὶ
1646 2273 1743 2345 τὴν

172 2349 348 2418 αὐτὴν
385 2349 557 2403 ἐλθεῖν
600 2352 881 2424 τελευτὴν,
926 2349 1069 2409 οὗτοί
1113 2375 1204 2428 μοι
1244 2360 1463 2415 δοκοῦσι
1507 2365 1569 2418 τὸ
1614 2366 1745 2419 καθο

167 2440 451 2508 ορώμενον
467 2442 797 2512 ζητούμενον
832 2450 1025 2501 ποιεῖν’
1051 2450 1111 2514 ἐξ
1131 2444 1206 2503 ὧν
1237 2453 1422 2517 αὐτοῖς
1456 2456 1744 2525 συμϐαίνει

171 2533 482 2603 αἰσθήσεως
520 2536 720 2603 μᾶλλον
744 2538 776 2608 ἢ
808 2540 1131 2606 ἀποδείξεως
1160 2544 1366 2599 δεῖσθαι
1386 2589 1401 2612 ,
1435 2549 1520 2601 ἵνα
1548 2551 1623 2618 μὴ
1651 2551 1745 2621 βα-

174 2624 406 2694 θύτερον
434 2626 700 2692 ἐξετάζων
730 2630 900 2695 εἴπω,
940 2634 1035 2687 καὶ
1065 2635 1234 2707 αὐτῆς
1283 2637 1457 2691 διόλου
1489 2640 1587 2711 τῆς
1639 2643 1746 2696 ἀπὺ

171 2721 291 2773 τῶν
324 2722 600 2793 λογισμῶν
634 2726 928 2797 προϊούσης
970 2728 1227 2798 κρίσεως
1255 2732 1318 2785 τό
1352 2733 1451 2804 μὲν
1482 2737 1591 2804 γάρ
1618 2737 1750 2804 ὀμο-

173 2813 358 2881 λογεῖν
393 2815 489 2884 μὲν
517 2816 585 2869 τά
607 2817 757 2881 ὄντα,
790 2818 971 2888 ζητεῖν
1000 2820 1059 2872 δὲ
1088 2820 1264 2875 ταῦτα
1291 2824 1342 2876 εἰ
1386 2824 1553 2887 ἔστιν⁹
1595 2826 1747 2880 οὐδὲν

176 2903 364 2972 ἔτερόν
389 2906 535 2957 ἐστιν
568 2906 601 2976 ἦ
648 2908 745 2977 τῆς
775 2911 971 2979 νοητῆς
1006 2913 1100 2965 καὶ
1141 2916 1546 2985 ἀνερμηνεύτου
1588 2919 1748 2973 δυνά-

180 3013 330 3063 μεως
360 2997 692 3066 στηλιτεύειν
720 3000 822 3069 τὴν
847 3002 1149 3056 ἀσθένειαν
1190 3009 1236 3058 εί
1268 3008 1376 3078 γάρ
1403 3010 1506 3061 ὑπὸ
1529 3010 1626 3081 τὴν
1652 3013 1749 3065 αύ-

171 3087 282 3156 τὴν
324 3091 664 3159 περιγραφὴν
691 3091 783 3144 τοῦ
827 3092 1056 3145 θανάτου
1088 3094 1318 3150 ἕκαστον
1345 3098 1550 3168 πλῆθος
1596 3117 1749 3170 περι-

172 3178 514 3246 λαμϐάνεται
534 3221 550 3244 ,
595 3182 689 3233 καὶ
729 3182 888 3237 τοῦτο
915 3185 1391 3259 καθωμολόγηται.
1441 3190 1499 3244 ’0
1534 3192 1593 3244 δὲ
1624 3194 1748 3261 ὄρος
1772 3202 1816 3259 C

171 3269 330 3322 οὐδὲν
355 3270 541 3341 ἕτερόν
567 3274 681 3325 ἐστι
704 3275 855 3345 παρά
874 3276 933 3328 τὸ
951 3277 1102 3340 τέλος
1130 3280 1360 3333 ἑκάστου
1386 3284 1484 3353 (7).
1509 3284 1626 3348 πῶς
1652 3286 1749 3355 οὐχ

172 3362 320 3431 ὅπερ
367 3362 721 3431 ὁμολογοῦσιν
769 3367 895 3437 δρον
941 3370 1267 3437 γεγενῆσθαι
1298 3373 1399 3425 οὐκ
1440 3376 1748 3446 ἐλέγχονται

172 3450 497 3519 ζητοῦντες,
548 3456 597 3506 εί
638 3454 747 3526 ἀρα
798 3458 940 3510 κατά
989 3459 1206 3512 πάντων
1254 3456 1335 3523 εἷς
1383 3458 1453 3533 ἦν
1480 3467 1509 3517 ό
1555 3468 1750 3534 παγεὶς

170 3543 346 3609 ὃροςς
389 3543 529 3596 Ἀλλ’
571 3544 630 3597 ἒν
662 3549 759 3616 μὲν
798 3546 989 3612 τοῦτο,
1017 3550 1282 3620 ξδεύτερον
1316 3554 1394 3607 δέ·
1442 3555 1516 3607 Τί·
1551 3556 1749 3627 δήποτε

172 3631 612 3700 καταφεύγουσιν
654 3637 734 3698 είς
784 3636 983 3706 πλῆθος
1024 3638 1218 3710 ἀθρόον
1256 3641 1398 3695 οὕτω
1433 3644 1563 3713 μίαν
1587 3646 1751 3699 ἀπαί-

170 3737 337 3791 τησιν
378 3724 834 3796 είσπραττόμενον
861 3728 1080 3796 τέλους;
1111 3731 1144 3802 ἢ
1177 3732 1335 3802 δῆλον
1354 3734 1436 3787 ὅτι
1458 3736 1618 3788 τινῶν
1649 3738 1750 3807 μὲν

170 3813 307 3882 ὅρον
350 3815 735 3882 ὁμολογοῦντες
784 3820 911 3889 περὶ
952 3821 1009 3873 δὲ
1047 3822 1156 3876 τῶν
1185 3824 1445 3878 πλειόνων
1474 3827 1753 3898 ἀμφισϐη-

169 3899 420 3964 τοῦντες.
464 3903 538 3955 Οὐ
583 3904 687 3975 γάρ
732 3904 797 3957 ἂν
838 3908 1020 3971 αὐτοῖς
1067 3911 1147 3971 είς
1188 3911 1391 3976 πλῆθος
1414 3914 1524 3966 οὐδ’
1570 3916 1647 3979 είς
1693 3918 1753 3969 τὸ

171 3992 377 4061 ἀθρόον
405 3994 749 4066 ήκαταφυγὴ
771 3997 868 4065 τῆς
898 4001 1177 4067 ἀριστείας
1205 4005 1491 4076 ἐπενοήθη·
1525 4008 1616 4059 καὶ
1647 4008 1752 4078 μὴν

172 4082 228 4133 εί
274 4083 435 4135 τινῶν
479 4085 577 4153 μὲν
621 4085 867 4152 λέγουσιν
905 4089 1050 4159 δρον,
1098 4092 1172 4163 μὴ
1218 4095 1435 4148 πάντων
1473 4098 1566 4162 δὲ,
1592 4098 1650 4163 ἐξ
1677 4093 1752 4153 ὧν

172 4174 339 4226 αὐτοὶ
380 4175 486 4227 τῶν
525 4177 683 4230 ἐνίων
706 4180 829 4249 ὅρον
861 4186 956 4236 καὶ
993 4186 1253 4251 σιγῶντες
1290 4190 1664 4259 ἀποδέχονται,
1688 4194 1751 4247 ἐκ

170 4263 292 4317 τῶν
324 4264 502 4317 αὐτῶν
540 4266 652 4319 ἔστι
685 4271 778 4322 καὶ
819 4273 931 4333 τοῖς
964 4273 1106 4325 κατά
1143 4277 1358 4330 πάντων
1400 4280 1489 4330 τὸν
1516 4281 1639 4349 ὅρον
1663 4280 1751 4333 λέ-

170 4373 367 4424 γουσιν
422 4358 771 4422 ἐκϐιάζεσθαι
829 4363 1049 4429 τούτους
1098 4370 1189 4419 κα)⁸
1226 4370 1457 4432 ἄκοντας
1497 4370 1752 4425 ἕλκεσθαι

174 4449 321 4518 πρὸς
370 4454 801 4517 συγκατάθεσιν·
855 4451 938 4519 οἷς
978 4461 1085 4529 γὰρ
1130 4461 1328 4514 ἐκεῖνοι
1374 4463 1472 4525 τὰς
1519 4464 1752 4535 ἀπορίας

1768 1866 1815 1924 Β

1834 627 1964 685 rint,
1994 628 2198 681 nullam
2243 628 2401 682 nobis
2454 630 2762 698 conspicua
2791 633 3034 688 victoriae
3080 635 3219 704 (non
3254 638 3399 691 enim

1835 717 2100 785 abiectius
2118 717 2248 787 quid
2269 718 2637 790 dicam)spem
2662 723 3041 791 reliquerunt;
3062 740 3187 780 cum
3219 736 3401 781 tamen

1832 823 1897 862 ex
1927 808 2331 878 antiquioribus
2358 811 2564 866 sanctis
2605 811 2889 881 beatisque
2918 815 3052 869 viris
3079 828 3401 884 argumenta

1834 913 1943 952 non
1972 913 2139 967 pauca
2170 899 2573 969 collegerimus,
2612 901 2699 957 his
2725 903 3080 959 adnectentes
3108 905 3199 959 illa
3221 945 3237 968 ,
3279 922 3402 973 qua

1835 990 1995 1044 nobis
2024 990 2226 1046 divinae
2245 991 2366 1061 opis
2398 991 2685 1047 clementia
2726 1008 3015 1064 suggerere
3048 1012 3152 1051 non
3187 1008 3274 1052 cst
3306 999 3405 1052 de-

1832 1082 2075 1153 dignata,
2101 1092 2355 1152 optamus
2381 1084 2625 1152 quidem,
2645 1093 2705 1138 ut
2735 1094 2889 1139 tuum
2915 1087 3156 1141 studium
3184 1104 3247 1143 ac
3278 1105 3403 1159 spes

1835 1187 1945 1225 non
1980 1172 2136 1227 abeat
2166 1187 2335 1227 vacua
2370 1174 2559 1242 gratiis
2611 1183 2663 1228 et
2716 1177 3029 1245 cognitione
3056 1218 3073 1243 ,
3135 1193 3257 1247 quae
3293 1195 3402 1233 non

1838 1263 2098 1331 indigeat,
2128 1274 2185 1317 ut
2208 1263 2428 1318 aliunde
2448 1264 2786 1333 explicetur;
2819 1267 2903 1321 sin
2931 1278 3135 1330 autem,
3160 1278 3219 1322 ut
3239 1285 3404 1339 quam

1838 1351 2159 1407 brevissima
2192 1351 2430 1421 indigeat
2466 1354 2823 1409 correctione.
2875 1356 3173 1425 Exquirere
3220 1359 3405 1429 igitur,

1840 1450 1899 1493 ut
1929 1440 2043 1495 haec
2067 1442 2242 1495 oratio
2275 1442 2434 1509 plena
2467 1443 2539 1495 sit
2572 1442 2755 1513 nilque
2782 1444 2830 1499 ei
2862 1445 3025 1507 desit,
3062 1446 3201 1501 idem
3232 1456 3319 1501 est
3342 1461 3409 1500 ac

1839 1530 2163 1601 scripturam
2195 1531 2356 1586 istam
2400 1531 2456 1585 in
2493 1532 2719 1587 nimiam
2758 1534 3130 1603 prolixitatem
3158 1538 3406 1606 compel—

1839 1623 1970 1685 lere,
2005 1620 2325 1676 brevitatem
2350 1630 2533 1675 autem
2583 1623 2637 1675 in
2678 1624 2869 1679 eadem
2899 1627 3117 1697 exigere
3150 1626 3294 1681 idem
3324 1637 3410 1682 est

1838 1731 1904 1770 ac
1927 1716 2258 1786 permittere,
2286 1723 2349 1769 ut
2382 1715 2552 1769 multa
2590 1718 2901 1773 necessaria
2928 1722 3275 1774 omittantur.
3311 1722 3407 1774 At-

1840 1816 2019 1863 tamen
2048 1821 2148 1877 pro
2175 1806 2317 1861 virili
2349 1807 2593 1861 conabor
2611 1806 2765 1875 juxta
2789 1810 3128 1880 rogationem
3160 1822 3309 1867 tuam
3342 1812 3411 1867 de

1842 1896 1965 1950 vita:
1989 1897 2226 1951 termino
2255 1909 2560 1950 sermonem
2596 1896 2915 1963 producere.

1911 1986 1967 2041 ‘2.
2002 1986 2105 2054 Qui
2130 1986 2445 2056 repentinos
2475 1987 2658 2042 hiatus
2684 1996 2846 2043 terra
2877 1989 3166 2059 proferunt
3196 1997 3252 2043 et
3276 2004 3411 2043 nau-

1843 2080 2011 2152 fragia
2033 2088 2089 2135 ct
2112 2080 2258 2133 aeris
2280 2079 2644 2149 pestilentiam
2666 2080 2913 2152 aliosque
2930 2096 3093 2137 casus
3113 2080 3407 2151 ejusmodi,

1841 2172 1935 2240 qui
1988 2169 2285 2224 multorum
2334 2168 2501 2223 simul
2534 2172 2921 2240 variorumque
2969 2174 3410 2241 complectuntur

1844 2267 2098 2320 mortem,
2128 2266 2183 2311 et
2196 2257 2392 2313 deinde
2442 2269 2693 2328 quaerunt
2722 2269 2905 2316 utrum
2937 2262 3218 2316 deﬁnitum
3243 2271 3410 2325 esset,

1845 2354 1897 2407 in
1917 2368 2084 2406 unum
2115 2352 2215 2407 hos
2242 2366 2433 2407 omnes
2449 2353 2813 2423 eumdemqne
2845 2356 3144 2409 convenire
3173 2356 3408 2415 obitum.

1845 2444 1898 2498 lii
1936 2444 2067 2498 mihi
2094 2443 2347 2499 videntur
2374 2442 2429 2497 in
2447 2444 2805 2513 quaestionem
2825 2460 3024 2501 vocare
3047 2487 3063 2511 ,
3096 2446 3240 2515 quod
3274 2447 3409 2516 ipsis

1843 2537 2017 2591 oculis
2044 2536 2413 2606 conspicitur;
2465 2535 2612 2590 unde
2661 2536 2782 2592 istis
2827 2552 2996 2592 sensu
3029 2539 3215 2607 potius
3245 2553 3411 2607 quam

1846 2627 2314 2683 demonstratione
2338 2642 2478 2696 opus
2506 2636 2608 2691 cst,
2640 2642 2709 2683 ne
2744 2629 2910 2683 altius
2939 2644 3053 2684 rem
3092 2630 3413 2685 examinans

1845 2720 2056 2784 dicam,
2115 2718 2265 2789 ipsos
2297 2718 2461 2773 etiam
2495 2718 2704 2788 judicio
2750 2734 2819 2774 ex
2876 2718 3161 2775 ratiocinio
3216 2722 3415 2776 mentis

1845 2819 2133 2864 emanante
2164 2809 2455 2864 destitutos
2481 2822 2641 2873 esse;
2670 2823 2794 2862 nam
2825 2810 3071 2863 conﬁteri
3094 2809 3310 2879 quidem
3348 2825 3413 2864 ea

1846 2917 1969 2972 qua:
1996 2911 2144 2965 sunt,
2174 2917 2419 2973 quaerere
2448 2918 2598 2968 vero,
2632 2917 2697 2956 an
2749 2902 2864 2957 haec
2910 2904 3042 2969 sint,
3092 2903 3229 2958 nihil
3263 2904 3414 2958 aliud

1846 3003 1952 3056 est,
1994 3009 2161 3063 quam
2211 2994 2411 3048 mentis
2442 3002 2606 3063 atque
2639 2994 3009 3065 intelligentia
3038 2994 3410 3049 inﬁrmitatem

1848 3088 2090 3141 indicare
2118 3100 2183 3140 ac
2214 3085 2465 3155 prodere.
2505 3084 2563 3138 Si
2609 3086 2754 3139 enim
2795 3088 2900 3140 sub
2940 3089 3186 3141 eamdem
3222 3090 3415 3142 mortis

1848 3176 2414 3245 circumscriptionem
2452 3174 2680 3245 singulae
2733 3176 3109 3230 multitudines
3163 3191 3414 3245 compre-

1851 3266 2199 3332 henduntur,
2238 3266 2503 3321 terminus
2536 3273 2718 3320 autem
2750 3267 2887 3320 nihil
2928 3267 3075 3322 aliud
3125 3277 3210 3323 est
3248 3284 3414 3337 quam

1850 3357 2283 3428 uniuscujusque
2316 3356 2484 3412 ﬁnis:
2521 3357 2797 3426 quomodo
2850 3373 2963 3413 non
3016 3358 3417 3415 convincuntur

1847 3464 2091 3520 quaerere
2114 3449 2259 3517 quod
2284 3447 2543 3514 fatentur,
2569 3449 2698 3504 dum
2737 3458 3019 3519 quterunt,
3069 3465 3139 3504 an
3167 3466 3310 3505 unus
3347 3451 3416 3506 de

1848 3541 2105 3596 omnibus
2138 3542 2211 3595 sit
2258 3549 2496 3596 statutus
2522 3540 2823 3595 terminus?
2855 3539 2962 3596 Sed
2994 3541 3100 3597 hoc
3125 3556 3294 3597 unum
3332 3551 3419 3597 est

1848 3647 1912 3686 ex
1946 3631 2321 3700 argumentis;
2348 3629 2649 3686 secundum
2682 3646 2811 3685 vero
2840 3629 3171 3693 istud:Cur,
3207 3645 3415 3700 quaso,

1848 3726 1917 3779 ad
1942 3723 2341 3779 multitudinem
2372 3722 2711 3790 confugiunt,
2767 3738 2799 3777 a
2834 3738 2942 3791 qua
2971 3722 3093 3777 ﬁnis
3124 3723 3197 3776 ita
3223 3738 3418 3792 repen-

1852 3817 1997 3870 tinus
2034 3816 2489 3885 promiscuusque
2536 3813 2813 3884 exigitur?
2866 3811 3135 3868 Nimirum
3186 3814 3316 3883 quia
3351 3815 3419 3868 du

1848 3908 2124 3978 aliquibus
2155 3906 2446 3960 terminum
2492 3908 2852 3969 conﬁtentur,
2892 3905 2961 3960 de
3004 3903 3254 3974 pluribus
3289 3918 3418 3959 ver.»

1851 4017 1956 4056 non
1982 4001 2289 4055 concedunt
2315 3998 2642 4068 (dubitant);
2676 4013 2786 4053 non
2816 3998 2965 4053 enim
3000 3997 3273 4067 ejusmodi
3296 4012 3421 4067 per-

1850 4090 2055 4160 fugium
2094 4091 2162 4144 ad
2210 4089 2613 4144 multitudinem
2663 4104 2773 4144 uno
2830 4089 3047 4159 agmine
3098 4089 3416 4143 morienten

1848 4182 2265 4252 excogitassent.
2305 4178 2372 4235 Et
2401 4191 2581 4235 tamen
2620 4180 2667 4235 si
2711 4181 2781 4235 de
2825 4180 3100 4251 aliquibus
3150 4179 3424 4235 aﬁirmant

1852 4273 2163 4337 terminum,
2188 4285 2297 4325 non
2325 4284 2451 4324 vero
2487 4270 2556 4325 de
2593 4271 2891 4326 omnibus:
2926 4281 3038 4326 tum
3075 4270 3276 4340 quibus
3316 4270 3417 4340 ipsi

1853 4362 2156 4417 rationibus
2184 4361 2477 4416 terminum
2507 4361 2574 4416 de
2607 4361 2884 4431 aliquibus
2923 4361 3009 4416 vel
3040 4360 3190 4415 taciti
3219 4360 3421 4415 admit-

1857 4462 2003 4517 tunt,
2028 4454 2225 4508 iisdem
2256 4454 2342 4508 vel
2372 4453 2527 4507 inviti
2557 4452 2807 4523 compelli
2830 4468 2894 4507 ac
2929 4452 3071 4507 trahi
3100 4460 3328 4522 possunt
3354 4454 3421 4504 ad

170 4539 575 4607 ἀποκρούσονται
609 4546 767 4599 ἐνίων
794 4550 922 4618 ὅρον
950 4550 1263 4615 δοξάζοντες
1305 4554 1415 4605 τῶν
1445 4554 1581 4623 πρὸς
1618 4555 1747 4607 ταύ-

1853 4549 2215 4615 przestaudum
2233 4561 2518 4602 assensum
2539 4548 2626 4611 iis,
2644 4547 2738 4617 qui
2761 4548 3056 4603 terminum
3079 4547 3148 4602 de
3165 4546 3425 4601 omnibus

172 4646 283 4699 την
310 4633 741 4705 ἀπομαχομένων
779 4640 879 4711 τὴν
909 4640 1089 4708 δόξαν,
1128 4646 1241 4707 τοῖς
1268 4645 1449 4708 αὐτοῖς
1477 4644 1543 4697 ἂν
1582 4647 1633 4697 οί
1660 4648 1751 4698 εὐ-

180 4720 471 4787 σεϐοῦντες
500 4727 785 4790 κάκείνους
804 4731 1210 4802 ἀποκρούεσθαι
1236 4735 1333 4797 τάς
1361 4737 1631 4807 ἐπηρείας
1656 4739 1752 4789 ὲκ-

177 4811 529 4878 ὁιδάσκουσι,
664 4822 805 4874 κατά
845 4823 953 4875 τῶν
994 4824 1259 4891 λεγόντων
1278 4826 1376 4879 ἕνα
1401 4826 1580 4879 κοινὸν
1629 4828 1754 4899 ὅρον

174 4902 439 4958 ἁπάντων
474 4908 566 4959 ἐπὶ
592 4908 685 4961 τοῦ
726 4915 1207 4987 προχειριζομένου
1250 4917 1487 4987 πλήθους
1534 4918 1755 4988 γεγενῆ-

177 4994 312 5045 σοαι
350 4994 787 5074 [προκομίζονσι]
817 5004 914 5074 (8).

260 5278 283 5326 γ
315 5298 327 5312 .
379 5260 489 5313 ’ἷῖτι
520 5262 575 5314 δὲ
617 5264 676 5314 οὐ
724 5264 885 5333 μόνον
916 5266 1137 5319 ἐπειδάν
1166 5268 1480 5340 περίστασίς
1507 5287 1589 5333 τις
1628 5290 1744 5325 και-

177 5356 462 5423 νοπρεπὴς
488 5356 687 5425 ἐπιστῇ
707 5396 720 5419 ,
762 5356 931 5426 ἀθρόα
962 5359 1093 5428 γένη
1136 5360 1226 5413 καὶ
1253 5360 1485 5433 διάφορα
1516 5364 1597 5417 ἐνὶ
1635 5366 1746 5435 ὅρῳ

1849 4636 2361 4704 alilrmantﬂuibus
2393 4638 2537 4693 enim
2556 4639 3005 4708 responsionibus
3019 4638 3109 4693 isti
3130 4638 3423 4693 terminum

1850 4727 1919 4782 de
1949 4728 2227 4796 aliquibus
2256 4726 2606 4785 admittentes
2674 4728 2930 4783 refellunt
2957 4727 3299 4797 objectiones
3324 4743 3420 4781 co-

1855 4835 1999 4883 rum,
2030 4822 2125 4889 qui
2154 4820 2283 4875 huic
2309 4820 2592 4875 sententiae
2621 4822 2981 4887 reluctantur,
3010 4821 3202 4876 iisdem
3234 4826 3290 4875 ct
3328 4835 3422 4872 ca-

1856 4912 2257 4967 tholiciidocent
2280 4910 2524 4966 refellere
2542 4927 2635 4967 eos
2665 4927 2826 4982 posse
2854 4910 3271 4981 objectionesin
3300 4910 3423 4965 illos

1844 5007 2104 5073 prolatas,
2133 5004 2226 5072 qui
2286 5018 2453 5057 unum
2489 5019 2839 5059 communem
2885 5005 2954 5058 de
2986 5003 3247 5058 omnibus
3295 5013 3413 5056 ter-

1864 5094 2068 5147 minum
2092 5092 2145 5145 in
2177 5093 2266 5148 illa
2290 5093 2636 5148 multitudine
2674 5094 2842 5150 fuisse
2881 5094 3237 5150 constitutum
3268 5107 3420 5148 asse-

1858 5194 2005 5239 τυηι.

1926 5275 1981 5328 3.
2014 5275 2239 5345 Insuper
2270 5293 2374 5329 nun
2410 5279 2583 5329 solum
2611 5276 2833 5345 quando
2880 5293 3056 5333 novus
3100 5273 3298 5345 aliquis
3334 5273 3423 5327 iu-

1854 5377 2039 5438 snrgat
2073 5384 2253 5431 casus,
2290 5370 2435 5421 varia
2473 5381 2521 5422 et
2550 5372 2860 5439 ργυιιιὶευιιο
2897 5372 3058 5425 simul
3089 5383 3289 5441 genera
3320 5368 3422 5421 lio—

1696 5542 1927 5599 ΝΟΤᾸΕ.

254 5687 335 5763 (εξ)
480 5690 573 5763 ὑφ’
592 5689 672 5742 εν.
692 5692 832 5763 mel.
862 5693 966 5746 ὑπὸ
1000 5696 1148 5763 μίαν.

257 5758 651 5838 (ἷλϐιψῐοι-ιιο
682 5761 795 5838 jam
829 5764 883 5817 in
915 5758 1016 5838 sui}
1041 5767 1355 5838 Apagrupho
1389 5768 1578 5822 vitium
1611 5770 1743 5824 huic

184 5829 359 5881 textui
390 5829 612 5885 subesse
654 5829 733 5886 vel
771 5849 942 5899 pauca
977 5829 1177 5891 dcchc'
1193 5829 1498 5906 sinsine-atus
1529 5848 1633 5894 est.

1926 5703 2000 5767 (8)
2025 5701 2223 5757 'l‘cxlus
2258 5704 2535 5757 videbatur
2569 5707 2813 5760 nonnihil
2846 5719 3144 5779 corruptus
3175 5718 3228 5764 ct
3261 5724 3411 5765 manu

1856 5789 1968 5827 eus.
