4162 6442
803 399 937 463 1035

1923 416 2183 477 ΡΗΟΤΠ
2237 419 2741 482 PATRIARCH/E
2777 426 2887 487 CP.

3907 438 4022 500 1036

799 513 1003 566 minum
1050 512 1145 566 uni
1197 515 1388 570 mortis
1429 525 1662 571 termino
1708 522 2038 588 traduntur,
2090 528 2184 582 sed
2242 528 2358 597 ipsa

2470 530 2556 583 τοῦ
2590 532 2821 587 Θανάτου
2871 537 3276 606 παραδίδονται,
3304 540 3440 593 ἀλλὰ
3468 545 3561 595 καὶ
3591 545 3734 616 αὐτὴ
3774 548 3808 615 ἠ
3839 547 4026 617 ἀνθρω-

796 620 1014 674 quoque
1046 605 1282 660 humana
1315 607 1441 662 vita:
1496 611 1814 667 constitutio
1843 616 2085 682 quotidie
2119 620 2365 674 cernitur

798 698 1137 752 narrationes
1166 700 1432 767 ejusmodi
1471 718 1793 774 proponere.
1850 709 2060 764 Etenim
2123 729 2230 767 non
2283 727 2366 771 est

800 789 1040 843 invenire
1068 791 1230 857 diem,
1266 808 1376 861 quo
1407 795 1570 850 simul
1619 807 1674 851 et
1704 813 1868 854 senex
1916 811 1969 856 et
2003 803 2223 872 juvenis
2248 847 2263 871 ,
2311 815 2367 862 et

798 897 930 950 puer
955 893 1009 935 et
1039 884 1231 938 mulier
1256 896 1311 939 et
1340 886 1515 956 virgo,
1538 898 1593 942 et
1621 905 1823 959 egenus
1850 901 1905 947 et
1956 893 2110 951 dives
2147 908 2199 950 et
2237 898 2367 953 sub-

795 974 942 1028 ditus
971 988 1024 1027 et
1059 976 1312 1046 princeps
1351 980 1540 1034 eadem
1598 984 1792 1036 mortis
1843 999 2042 1054 sagena
2085 1003 2191 1042 non
2225 989 2363 1044 irre-

799 1068 1023 1118 tiantur.
1061 1065 1172 1119 Cur
1216 1068 1381 1138 igitur
1423 1071 1606 1126 relicta
1640 1075 1954 1142 quotidiana
1991 1077 2112 1131 vitae
2154 1081 2365 1136 consti-

798 1158 1005 1210 tutione
1037 1157 1102 1209 ad
1137 1160 1417 1213 hominum
1451 1164 1699 1219 interitus
1733 1166 1943 1235 fugiunt
1973 1183 2039 1222 ex
2063 1169 2366 1226 infortunio

795 1247 979 1312 aliquo
1018 1252 1437 1321 contingentes?
1480 1255 1744 1310 Nimirum
1775 1259 1902 1328 quia
1933 1276 1998 1314 ex
2029 1263 2116 1316 illa
2145 1265 2362 1332 quidem

796 1355 903 1393 non
931 1343 1242 1398 existimant
1271 1345 1410 1400 ellici
1443 1349 1589 1417 quod
1630 1353 1985 1415 contendunt,
2019 1370 2083 1410 ex
2121 1356 2241 1413 istis
2271 1375 2364 1412 au-

792 1441 898 1484 tem
931 1434 1152 1487 casibus
1180 1435 1506 1493 dubitationi
1537 1455 1650 1494 sua?
1681 1441 1800 1496 dari
1830 1444 2040 1510 lorum;
2096 1456 2152 1502 et
2184 1460 2363 1504 tamen

793 1523 866 1578 ibi
904 1541 1121 1596 quoque
1150 1529 1295 1583 vsria
1325 1530 1488 1585 simul
1516 1548 1714 1600 genera
1753 1537 1843 1588 uni
1875 1539 2158 1609 eidemque
2201 1544 2365 1597 morti

793 1619 1150 1674 inveniuntur
1188 1622 1326 1676 tradi
1361 1622 1615 1678 similiter
1641 1636 1805 1695 atque
1842 1628 1958 1693 hic;
1996 1631 2146 1687 illinc
2180 1643 2361 1688 autem

798 1713 1157 1782 objectionem
1190 1717 1492 1781 producere
1513 1735 1621 1772 non
1655 1722 1876 1786 audent,
1903 1724 2134 1791 ideoque
2157 1742 2254 1796 per
2277 1743 2359 1788 ea.

798 1819 918 1871 qua:
943 1804 994 1857 in
1028 1806 1296 1861 mortibus
1329 1807 1436 1862 illis
1491 1812 1833 1867 naturalibus
1879 1816 2098 1878 docent,
2136 1818 2188 1871 id
2219 1821 2364 1890 quod

798 1894 850 1947 in
884 1894 1002 1948 istis
1031 1896 1318 1951 en-ntibns
1353 1901 1610 1955 audacter
1639 1905 2169 1973 comminiscuntur,
2236 1925 2364 1980 pro-

797 1985 1044 2040 cacitatis
1073 1988 1257 2056 potius
1285 2003 1351 2044 ac
1381 1992 1708 2049 temeritatis
1736 1995 2032 2052 ostendunt
2077 2013 2238 2069 Opus,
2277 2001 2365 2054 ui-

797 2075 980 2145 hilque
1017 2078 1304 2145 plausibile
1351 2082 1579 2136 omnino
1625 2094 1721 2141 aut
1767 2089 2137 2144 necessarium
2187 2106 2365 2162 argu-

800 2178 983 2222 mento
1013 2171 1119 2225 isto
1150 2172 1393 2227 indicant
1436 2177 1709 2233 exhiberi.

875 2263 927 2315 4.
963 2262 1102 2316 Deus
1131 2277 1363 2321 mortem
1397 2283 1506 2324 non
1559 2269 1688 2326 fecit
1731 2274 1797 2335 τ’.
1847 2275 2032 2344 posuit
2087 2278 2232 2332 enim
2297 2280 2368 2335 ob

799 2353 988 2407 oculos
1016 2356 1208 2418 vitam.
1251 2357 1449 2415 deinde
1484 2376 1742 2429 mortem,
1778 2381 1886 2419 non
1919 2371 2246 2433 naturalem,
2273 2387 2368 2426 ne-

800 2445 1040 2500 cessitati
1079 2449 1405 2518 subjectam,
1435 2454 1529 2509 sed
1555 2455 1726 2511 libero
1757 2459 2051 2517 voluntatis
2102 2463 2366 2531 arbitrio;

803 2549 1080 2606 peccatum
1107 2541 1250 2595 enim
1285 2553 1656 2613 perpetratum
1712 2561 1940 2604 mortem
1979 2555 2186 2622 genuit.
2238 2553 2371 2611 Vide

801 2629 1112 2686 Adamum:
1151 2632 1329 2688 fuerat
1395 2637 1444 2690 ei
1509 2638 1790 2695 deﬁnitum
1841 2644 2023 2699 vivere
2074 2659 2373 2717 nongento-

802 2738 921 2776 rum
953 2724 1172 2792 triginta
1215 2742 1484 2783 annorum
1539 2746 1861 2799 cursum,et
1915 2737 2017 2791 nisi
2067 2753 2368 2807 peccasset,

803 2817 1024 2870 omnino
1040 2821 1409 2874 consummari
1428 2823 1659 2893 (scilicet
1688 2826 1754 2880 ad
1776 2827 2158 2896 perfectionem
2177 2835 2370 2888 adduci

804 2909 886 2963 vel
919 2908 1149 2964 lectione
1184 2922 1433 2966 mutata:
1487 2925 1542 2969 et
1607 2932 1716 2970 non
1766 2922 2007 2987 peccanti
2065 2926 2374 2991 perenniter

805 3000 987 3053 vivere
1009 3003 1320 3072 statutum),
1376 3004 1485 3057 vita
1558 3007 1778 3062 definita
1843 3022 1961 3064 erat
1999 3015 2140 3080 apud
2177 3014 2368 3079 Delltlt,

807 3094 1130 3162 prtecognita
1149 3110 1280 3149 vero
1307 3104 1360 3150 et
1385 3111 1566 3163 mors;
1587 3099 1790 3154 idcirco
1807 3117 1916 3154 non
1935 3113 2017 3157 est
2041 3103 2184 3158 Deus
2206 3122 2372 3161 causa

2464 622 2593 692 πίνη
2623 625 2715 677 τοῦ
2747 626 2864 694 βίου
2912 628 3247 694 κατάστασις
3272 631 3396 686 καθ’
3420 621 3631 705 ἡμέραν
3662 638 4025 692 ἐπιδείκνυται

2463 716 2688 770 τοιαῦτα
2709 718 3121 792 προϐαλλομένη
3143 723 3476 794 διηγήματα’
3509 730 3602 780 καὶ
3625 731 3742 800 γὰρ
3770 730 3874 782 οὐκ
3901 731 4025 783 ἐστιν

2465 809 2645 880 εὑρεῖν
2663 811 2900 880 ἡμέραν,
2930 813 3054 866 καθ’
3078 815 3146 886 ἣν
3169 816 3284 886 ἅμα
3303 835 3362 870 τε
3383 820 3562 890 γέρων
3587 838 3647 874 τε
3671 824 3774 876 καί
3808 826 4022 887 νεανίας,

2465 899 2560 950 καὶ
2593 901 2724 964 παῖς
2769 900 2865 952 καὶ
2912 900 3050 974 γυνὴ
3099 905 3194 956 καὶ
3235 905 3542 976 παρθένος,
3591 909 3684 961 καὶ
3739 910 3915 979 πένης
3951 914 4024 961 καὶ

2465 991 2753 1056 πλούσιος,
2781 994 2877 1045 καὶ
2914 995 3218 1064 ἀρχόμενος
3254 999 3349 1050 καὶ
3385 999 3571 1068 ἄρχων
3604 1001 3713 1053 ὑπὸ
3743 1000 3846 1071 τὴν
3879 1000 4024 1069 αὐτὴν

2467 1086 2710 1154 σαγήνην
2738 1084 2833 1138 τοῦ
2863 1084 3099 1140 θανάτου
3140 1088 3564 1158 περιϐέϐληνται
3591 1091 3688 1160 (9).
3724 1091 3798 1143 Τί
3831 1088 3920 1146 οὖν
3942 1094 4025 1161 τὴν

2466 1176 2840 1247 καθημερινὴν
2875 1177 3209 1232 κατάστασιν
3235 1180 3329 1232 τοῦ
3371 1179 3486 1250 βίου
3524 1183 3795 1250 φυγόντες
3819 1183 3910 1234 tul
3942 1185 4023 1246 τὰς

2464 1270 2528 1320 ἐκ
2569 1269 2944 1338 περιστάσεως
2973 1271 3263 1340 γινομένας
3292 1271 3594 1342 διαφθορὰς
3633 1273 4026 1342 καταφείηνουσι

2464 1359 2572 1413 τῶν
2603 1360 2937 1431 ἁνθρὼπωνς
2972 1362 3005 1430 ἢ
3036 1360 3194 1426 δῆλον
3225 1361 3301 1424 ὡς
3328 1361 3387 1428 ἐξ
3419 1365 3634 1433 ἐκείνης
3668 1363 3774 1435 μὲν
3805 1366 3867 1418 οὐ
3898 1369 4027 1435 νομί-

2464 1451 2616 1516 ζουσι
2639 1453 2698 1505 τὸ
2725 1451 3158 1524 σπουδαζόμενον
3179 1455 3360 1516 αὐτοῖς
3383 1453 3725 1520 ἑξανύεσθαι,
3764 1457 3832 1508 ἐκ
3859 1456 3912 1509 δὲ
3935 1457 4027 1508 τῶν

2464 1544 2870 1614 περιστατικῶν
2908 1543 3093 1614 χώραν
3137 1546 3410 1617 εθρίσκειν
3453 1548 3515 1599 τὸ
3543 1547 3775 1615 ἄπορον·
3811 1549 3904 1602 καὶ
3938 1550 4025 1618 μὴν

2465 1637 2627 1689 κὰκεῖ
2668 1653 2726 1688 τε
2769 1636 2885 1702 ἅμα
2920 1637 3152 1707 διάφορα
3202 1637 3335 1709 γένη
3370 1637 3450 1707 τῷ
3484 1640 3566 1692 ἑνὶ
3602 1639 3829 1710 θανάτῳ
3869 1656 4027 1710 παρα-

2467 1727 2714 1795 πλησίως
2743 1729 3056 1798 εὑρίσκεται
3085 1729 3428 1800 ὲκδιδόμεναο
3456 1731 3672 1784 ἐκεῖθεν
3695 1732 3756 1784 δὲ
3789 1732 3890 1800 τὴν
3912 1732 4029 1783 ἁπο-

2467 1819 2591 1891 ρίαν
2629 1821 2693 1872 οὐ
2725 1821 2987 1892 προάγειν
3013 1821 3389 1892 τεθαρῤήκασι
3422 1823 3532 1892 (16)
3557 1823 3647 1876 διὰ
3675 1824 3778 1893 τῆς
3813 1827 3872 1877 ἐν
3906 1824 4030 1876 ὲκεί-

2467 1927 2578 1973 νοις
2610 1911 2957 1974 διδασκαλίας
2983 1912 3046 1965 τὸ
3072 1913 3131 1964 ὲν
3153 1912 3365 1976 τούτοις
3392 1915 3810 1983 νεανιευόμενον
3844 1932 4030 1984 προπε-

2466 2007 2616 2066 τείας
2651 2005 2851 2073 μᾶλ).ον
2882 2006 2978 2058 καὶ
3007 2004 3348 2074 θρασύτητος
3379 2006 3539 2078 ἔργον
3561 2007 3928 2069 δεικνύουσιν,
3956 2009 4030 2059 oi:-

2465 2094 2554 2148 δὲν
2575 2095 2632 2148 δὲ
2661 2095 2888 2148 πιθανὸν
2917 2096 3053 2162 ὅλως
3081 2098 3194 2151 οὐδ’
3226 2100 3525 2169 ἀναγκαῖον
3559 2101 3939 2171 παρεχόμενον
3965 2101 4031 2168 τῷ

2469 2190 2904 2259 ἐπιχειρήσαντι.

2537 2283 2600 2336 δ’.
2653 2283 2711 2335 '0
2742 2282 2874 2345 Θεὸς
2901 2281 3135 2337 θάνατον
3161 2283 3261 2337 οὐκ
3302 2286 3592 2357 ἐποίησεν⁶
3625 2285 3791 2356 ἔθηκε
3820 2287 3928 2359 γὰρ
3967 2290 4032 2349 εἰς

2469 2377 2744 2447 προῦπτον
2795 2375 2963 2446 ζωὴν,
3011 2372 3132 2430 εἶτα
3173 2377 3425 2441 θάνατον,
3461 2379 3524 2431 οὐ
3566 2379 3800 2446 φυσικὸν
3836 2380 4033 2448 ἀνάγκη

2469 2469 2852 2539 προκείμενον,
2893 2468 3007 2522 ἀλλ’
3054 2467 3389 2537 αὐτεξουσίῳ
3425 2471 3587 2540 ῥοπῇ.
3641 2470 3919 2541 Ἀμαρτία
3942 2471 4032 2536 γὰρ

2471 2561 2787 2615 τελεσθεῖσα
2807 2561 3041 2615 ἀπέτεκε
3062 2561 3312 2614 θάνατον·
3339 2560 3415 2615 ῐδε
3433 2561 3627 2631 Ἀδάμ’
3657 2561 3866 2634 ὥριστο
3890 2561 4035 2630 ζῆσαι

2471 2653 2769 2706 ἐνακοσίων
2810 2652 3104 2722 τριάκοντα
3152 2651 3290 2706 ἑτῶν
3331 2652 3547 2706 δίαυλον
3595 2654 3692 2706 καὶ
3734 2652 3814 2722 μὴ
3871 2653 4032 2720 ἁμαρ·

2471 2744 2579 2796 τῶν
2609 2743 2817 2815 (11-12)
2857 2745 3171 2799 τετελέσθαι
3203 2747 3420 2810 πάντως
3450 2749 3560 2817 (13)
3586 2790 3599 2802 .
3632 2749 3755 2817 Ζωιὴ
3813 2747 3914 2816 μὲν
3946 2748 4035 2812 γάρ

2471 2833 2674 2905 ὥριστο
2703 2835 2854 2904 παρὰ
2874 2835 3012 2906 Θεῷ,
3048 2838 3396 2908 προέγνωστο
3421 2839 3479 2890 δὲ
3505 2840 3600 2891 καὶ
3624 2842 3652 2892 ό
3686 2838 3940 2900 θάνατος’
3963 2838 4036 2891 6:1

2472 2925 2632 2980 τοῦτο
2657 2929 2900 2990 ἀναίτιος
2939 2929 2967 2980 ό
3008 2928 3137 2990 Θεὸς
3165 2928 3421 2982 θανάτοιν
3451 2931 3512 2982 οὗ
3541 2932 3649 3000 γὰρ
3677 2932 3710 3000 ἡ
3740 2929 4034 3000 πρόγνωσις

2475 3020 2768 3087 εἰργάσατο
2807 3020 3056 3084 θάνατον,
3107 3021 3221 3073 ἀλλ’
3252 3023 3284 3090 ἡ
3322 3023 3420 3091 τῆς
3455 3021 3676 3090 ἐντολῆς
3712 3021 4033 3091 παράϐασις.

2490 3109 2658 3179 Ἑνὼχ
2691 3111 2748 3163 δὲ
2789 3111 2898 3175 ζῶν
2922 3110 3023 3162 ἔτιο
3064 3111 3181 3173 πῶς
3220 3111 3413 3176 τοῦτος
3454 3107 3613 3164 ἆθλον
3638 3112 3930 3173 εὐσεϐείας
3956 3111 4040 3163 λα.

807 3186 1025 3250 tnortis;
1046 3201 1217 3255 neque
1244 3189 1388 3241 enim
1414 3192 1753 3258 praescientia
1777 3208 1995 3261 operata
2017 3209 2098 3251 εει
2120 3209 2369 3255 mortem.

2477 3198 2586 3270 χὼν
2633 3200 2733 3268 τὴν
2782 3199 3091 3268 μετάθεσιν.
3139 3200 3204 3252 Τί
3259 3200 3316 3253 δὲ
3366 3200 3521 3264 Νῶε;
3571 3201 3891 3263 δικαιωθεῖς
3939 3200 4038 3252 δεύ-

805 3277 898 3332 sed
933 3278 1170 3332 mandati
1211 3285 1594 3350 transgressio.
1629 3284 1812 3338 Enoch
1842 3295 2022 3340 autem
2057 3289 2238 3343 adhuc
2288 3292 2370 3343 vi-

805 3367 902 3423 vit.
928 3368 1210 3435 Quomodo
1251 3372 1391 3427 hoc?
1419 3371 1706 3430 Praemium
1735 3377 1984 3434 videlicet
2017 3383 2231 3449 pietatis
2276 3399 2374 3438 na-

804 3471 927 3516 a-tus
958 3463 1389 3521 translationem.
1422 3466 1564 3532 Quid
1603 3484 1730 3522 vero
1763 3467 1876 3524 Noe
1913 3472 2004 3525 "1'
2031 3471 2374 3529 Justilicatus

804 3555 900 3625 qui
929 3559 1203 3611 secundus
1235 3561 1424 3611 muudi
1464 3562 1674 3614 semina
1706 3565 1981 3631 reparavit
2030 3578 2084 3620 et
2136 3569 2375 3622 servavit

807 3649 860 3703 in
893 3650 1051 3704 undis
1075 3651 1147 3705 ob
1168 3667 1215 3705 Cl
1231 3652 1459 3706 iminum
1490 3655 1892 3709 multitudinem
1913 3659 2178 3714 submersi
2198 3660 2376 3727 ?Quid

807 3742 926 3808 μοι,
961 3742 1263 3809 Sodomita.
1294 3748 1387 3800 sed
1418 3762 1527 3801 non
1561 3746 1890 3804 Sodomitica
1909 3753 2374 3822 voluntate?Quid

808 3836 1019 3906 Moyses
1058 3838 1150 3905 qui
1183 3838 1441 3907 populum
1512 3840 1674 3894 Israel
1709 3844 1946 3896 servavit
1995 3842 2265 3915 Egyptiis
2321 3847 2373 3900 iu

806 3923 1094 3980 Tartarum
1143 3928 1409 3997 dejectis?
1440 3928 1580 3996 Quid
1617 3946 1745 3985 vero
1783 3932 1880 3996 illi,
1935 3949 2196 4003 quorum,
2252 3937 2378 3991 licet

808 4031 917 4070 non
951 4017 1299 4088 deliquerint,
1348 4024 1594 4076 membra
1652 4024 1706 4076 in
1748 4023 1963 4079 deserto
2023 4028 2380 4080 exciderunt?

807 4110 944 4174 Quid
978 4125 1108 4165 vero
1131 4112 1231 4175 illi,
1263 4128 1401 4181 quos
1419 4115 1578 4169 tellus
1626 4116 1777 4169 vivos
1814 4117 2154 4184 sepeliendos
2187 4120 2378 4172 absor-

807 4200 932 4268 psit,
951 4201 1168 4269 quando
1185 4202 1454 4272 principes
1473 4205 1710 4258 tribuum
1731 4206 2027 4259 tumultum
2045 4208 2379 4261 excitarunt?

807 4291 944 4355 Quid
982 4308 1113 4348 vero
1146 4295 1227 4364 (ut
1256 4311 1470 4350 onmem
1508 4297 1717 4351 cladem
1762 4298 1813 4350 iu
1885 4313 2099 4367 poenam
2168 4302 2376 4373 peccati

808 4385 1084 4441 inductam
1135 4401 1465 4457 omnemque
1518 4391 1882 4443 voluntariam
1944 4393 2376 4448 interfectionem

807 4479 1078 4548 omittam)
1107 4479 1326 4533 eﬂatum
1357 4481 1489 4536 illud
1529 4499 1543 4536 :
1578 4501 1596 4532 ‹
1635 4482 1692 4536 Si
1722 4484 2026 4546 volueritis,
2049 4486 2190 4538 bona
2223 4498 2381 4540 terrae

2478 3307 2633 3362 τερος
2691 3291 2894 3360 κόσμου
2963 3291 3257 3361 σπέρματα
3299 3292 3726 3362 ἀνασωσάμενος
3777 3293 3873 3345 τὸν
3930 3291 4037 3360 βρύ-

2479 3401 2596 3452 χιον
2623 3385 2732 3451 (N)
2779 3383 3008 3435 θάνατον
3039 3383 3348 3436 ὑποστάντα
3373 3384 3442 3437 δι’
3474 3384 3766 3453 ἁμαρτιῶν
3816 3385 4037 3452 «inedia;

2479 3474 2543 3525 Τί
2562 3475 2618 3525 δὲ
2644 3473 2784 3533 Λὼτ,
2803 3474 3120 3544 Σοδομίτης,
3143 3475 3202 3527 οὗ
3229 3473 3518 3541 Σοδομίτου
3545 3475 3906 3543 προαίρεσινς
3933 3473 3976 3524 τί

2480 3568 2718 3635 Μωυσῆς
2752 3567 2895 3634 ἀμφὶ
2935 3566 3049 3635 λαῷ
3101 3566 3410 3640 Ἰσραηλίτῃ
3432 3567 3747 3634 Αἰγυπτίων
3775 3582 4041 3635 ταρταρω-

2481 3658 2712 3722 θέντωνς
2748 3659 2813 3711 Τί
2839 3658 2895 3711 δὲ
2927 3651 3003 3711 ὧν
3030 3660 3101 3712 τὰ
3127 3660 3277 3713 κῶλα
3307 3659 3502 3713 ἔπεσον
3535 3663 3590 3711 ὲν
3623 3662 3692 3729 τῇ
3731 3661 3928 3727 ἐρήμῳ
3950 3657 4036 3709 τῶν

2485 3751 2558 3822 μὴ
2616 3751 2994 3815 πταισάντωνς
3045 3751 3100 3804 τί
3141 3753 3199 3806 δὲ
3245 3751 3339 3815 οὓς
3387 3750 3671 3819 ζωτάφους
3701 3751 3948 3804 δέδεκται
3985 3752 4039 3816 τῇ

2479 3843 2589 3895 τῶν
2627 3843 2740 3912 (15)
2785 3843 3294 3896 συνστασιασάντων
3354 3842 3682 3912 φυλάρχωνς
3733 3842 3788 3893 τί
3841 3841 3899 3893 δὲ
3943 3841 4040 3907 (ἵνα

2481 3937 2661 3987 πᾶσαν
2703 3934 2848 3988 ὲάσω
2889 3935 3205 4004 ἐφάμαρτον
3246 3934 3624 4006 πανωλεθρίαν
3672 3936 3768 3989 καὶ
3823 3935 4042 3988 tato-arx}-

2481 4027 2640 4094 τητα)
2674 4026 2753 4090 τὸ,
2784 4043 2803 4076 ι
2849 4025 2971 4078 Ἐὰν
3001 4025 3214 4094 θέλητε,
3237 4027 3306 4078 τὰ
3327 4027 3507 4095 ἀγαθὰ
3545 4030 3642 4096 τῆς
3666 4028 3771 4096 γῆς
3802 4024 4038 4095 ῳὰγεσθε·

2481 4121 2528 4171 εί
2550 4119 2605 4171 δὲ
2634 4119 2730 4190 μὴ,
2761 4119 3004 4190 μάχαιρα
3026 4120 3167 4188 ὑμᾶς
3191 4119 3474 4173 κατέδεται
3498 4137 3512 4184 ;
3539 4140 3557 4171 ι
3581 4121 3646 4172 Τί
3671 4121 3726 4174 δὲ
3749 4121 3846 4182 οὓς
3883 4121 4042 4177 Ἠλίας

2481 4211 2672 4274 ἀθέους
2714 4211 3068 4282 κατῃθάλωσε
3133 4213 3270 4281 πυρὶ
3318 4212 3447 4281 θείῳ
3491 4213 3688 4282 ἱερεῖς,
3719 4214 3818 4265 καὶ
3873 4212 4041 4275 δμκὶῆν

2482 4303 2916 4371 πεντηκοντάδα,
2943 4303 3078 4371 πρὸς
3109 4302 3218 4365 οὖς’
3250 4320 3269 4352 ι
3301 4303 3605 4355 Κατέλιπον
3638 4304 3868 4373 ἐμαυτῷ
3897 4301 4042 4354 ἑτιτέ-

2482 4408 2568 4453 κις
2600 4393 2802 4462 χιλίους
2820 4391 3014 4460 ἄνδρας
3039 4410 3056 4442 ι
3087 4395 3181 4444 καὶ
3205 4391 3262 4444 ὃν
3285 4393 3476 4462 νεκρὸν
3496 4392 3855 4460 ἐξανέστητε;
3881 4389 4040 4443 Ταῦτα

2485 4483 2580 4533 καὶ
2609 4481 2675 4534 τὰ
2708 4481 2933 4534 τοιαῦτα
2965 4482 3014 4532 εἰ
3051 4480 3283 4550 ὥρισται
3328 4481 3540 4534 Κλωθὼ
3580 4485 3718 4552 πρὸς
3762 4482 3931 4541 Θεοῦ,
3958 4478 4040 4530 ποῦ

808 4571 1105 4627 comedetis
1136 4574 1216 4639 ⁷⁷;
1247 4575 1331 4628 sin
1356 4583 1563 4636 autem,
1595 4575 1806 4645 gladius
1851 4577 2133 4631 devorabit
2169 4579 2308 4631 vos?
2353 4598 2370 4631 ι

2481 4573 2542 4626 τὸ
2572 4571 2935 4637 αὐτεξούσιον,
2976 4573 3062 4626 ἵνα
3098 4574 3172 4644 μὴ
3196 4573 3334 4624 εἴπω
3361 4573 3420 4625 τὸ
3442 4573 3681 4638 ἄτοπον;
3719 4572 3784 4625 Τί
3829 4573 3884 4625 δὲ
3919 4575 3950 4638 ἡ
3973 4587 4041 4620 τ;-

807 4659 948 4726 Quid
981 4678 1107 4718 vero
1138 4662 1236 4728 illi,
1270 4678 1411 4733 quos
1451 4663 1598 4718 Elias
1639 4665 1761 4734 igne
1804 4667 2007 4722 caelesti
2056 4669 2106 4720 iu
2137 4669 2370 4723 cinerem

2483 4666 2705 4718 λευταία
2736 4665 3080 4735 πανωλεθρία
3107 4664 3214 4717 τῶν
3250 4663 3594 4733 Ἰσραηλιτῶν
3615 4662 3910 4734 εἴσπραξις
3931 4659 4041 4714 οὖσα

808 4752 1062 4808 conﬂavit
1088 4754 1284 4825 impios
1312 4757 1624 4811 sacerdOtes
1654 4757 1728 4820 ",
1775 4757 1968 4826 bisque
2032 4758 2379 4838 quinquage-

812 4847 998 4902 narios
1028 4850 1073 4885 "
1104 4850 1252 4902 viros
1291 4864 1358 4903 ex
1392 4848 1524 4913 illis,
1563 4851 1631 4904 de
1675 4849 1876 4919 quibus
1940 4850 2101 4920 (dixit
2171 4850 2332 4922 Deus)
2366 4869 2379 4905 :

815 4958 834 4990 ι
875 4940 1084 5010 Reliqui
1131 4941 1262 4994 mihi
1294 4951 1500 5011 septem
1536 4942 1705 4995 millia
1730 4943 1973 4997 virorum
2005 4940 2052 4974 ⁸⁸
2089 4962 2109 4995 ι
2153 4956 2383 5012 etquem

879 5139 924 5169 ’⁸
955 5139 1084 5207 Sap.
1135 5155 1174 5201 I,
1224 5140 1311 5194 15.

1407 5141 1452 5172 ’⁸
1475 5141 1611 5196 Gen.
1648 5157 1700 5207 v,
1738 5141 1829 5195 24.

810 5211 856 5243 ⁸⁸⁵
889 5207 958 5264 Ill
984 5208 1116 5282 Heg.
1148 5227 1260 5274 six,
1297 5212 1383 5267 18.

1939 5141 1983 5172 ⁷⁷
2018 5140 2121 5197 Isa.
2183 5158 2221 5206 ι.
2279 5142 2366 5208 19,
2405 5143 2498 5199 20.

2486 4757 2770 4829 Κυριακοῦ
2797 4758 3032 4828 αἵματος
3049 4758 3142 4809 καὶ
3164 4754 3731 4826 προφητικοῦλύθρου
3761 4755 3834 4808 δι’
3876 4753 4038 4806 ἰταλι-

2488 4851 2590 4920 κῆς
2629 4850 2864 4920 λόγχης;
2903 4847 2962 4914 ἐξ
2997 4850 3123 4918 ὅρου
3167 4850 3390 4916 γέγονεν
3427 4849 3460 4915 ἦ
3499 4848 3560 4913 ἐξ
3603 4848 3979 4918 ἑκουσιότητος
4014 4846 4040 4914 ἦ

2487 4943 2696 5008 ἄλλωςς
2742 4942 2808 4994 Τί
2835 4941 2892 4993 δὲ
2929 4940 2990 4993 τδ
3023 4941 3102 5004 είς
3138 4941 3232 4995 τὸν
3264 4941 3430 4994 ’Δσελ
3461 4940 3799 5012 διαπραχθὲν
3844 4939 4041 5010 μιαιφό-

2611 5143 2654 5174 "
2687 5143 2752 5197 Ill
2812 5141 2944 5214 lleg.
2989 5158 3144 5207 xvul,
3175 5143 3264 5198 10.
3372 5143 3418 5176 τ’
3448 5141 3510 5195 ιν
3557 5140 3692 5214 Reg.
3726 5160 3770 5207 ι.
3820 5144 3855 5198 9
3908 5157 4039 5208 seqq'

2329 5393 2558 5452 ΝΟΤΑΞ.

883 5561 962 5632 (9)
986 5558 1150 5632 Deest
1184 5557 1446 5632 particula
1473 5570 1700 5632 negans.

887 5626 1272 5708 (t9)_y_id’etu‘u;
1291 5629 1484 5708 deesse
1505 5627 1778 5708 particula
1802 5626 2072 5708 quzedam.
2177 5695 2189 5708 ο

914 5697 1091 5768 11412)
1125 5697 1400 5753 Catiforus
1423 5706 1478 5750 et
1505 5698 1594 5750 hic
1618 5697 1749 5765 quid
1798 5697 2002 5768 deesse,
2042 5697 2372 5766 suspicatur.

916 5771 1001 5834 l3)
1027 5766 1162 5824 Cod.
1187 5768 1487 5821 τετελέσθω
1515 5768 1753 5830 πάντως.
1792 5766 1847 5820 Si
1875 5767 2010 5819 nihil
2047 5768 2218 5826 deest.
2262 5777 2378 5824 tum

816 5837 909 5897 aut
941 5841 1216 5895 τετέλεστο
1245 5837 1528 5910 legendum
1555 5838 1769 5894 videtur
1800 5848 1894 5895 aut
1922 5837 2257 5891 τετελέσθαι.

2567 5554 2678 5639 (σει)
2715 5553 2806 5610 Sic
2834 5552 3112 5610 Catilorus
3157 5553 3258 5624 legi
3301 5555 3438 5618 vult,
3467 5569 3595 5610 cum
3648 5555 3823 5609 codex
3869 5557 4037 5608 haheat

2491 5642 2836 5828 ῑρέἒιῖἴίοά.
2868 5667 2963 5768 μῆ.
2998 5695 3103 5752 Sed
3136 5710 3317 5752 sermo
3343 5705 3428 5750 est
3459 5694 3526 5750 de
3571 5695 3694 5750 loco
3720 5693 3886 5750 Num.
3921 5689 4031 5747 XVI.

2527 5807 2539 5821 .
2573 5803 2624 5828 η.
2656 5782 2774 5828 seq.

2527 5807 2539 5821 .
2569 5782 2624 5829 τι.
2656 5782 2774 5838 seq.
