4162 6442
156 405 292 468 1037

1118 407 1219 465 AD
1248 404 1837 465 AMPHILOCHIUM
1866 404 2211 475 QUESTIO
2246 404 2458 467 CCXL.

3256 407 3390 471 1038

146 534 335 586 νημα;
362 518 424 572 Ei
452 518 577 588 ὅρος
606 517 907 581 τετέλεστο,
931 517 986 571 τί
1020 516 1162 572 Καῒν
1184 518 1260 581 ὡς
1291 518 1571 590 ὑπηρέτης
1594 521 1721 590 ὅρου

1828 519 2110 573 suscitavit
2135 520 2453 574 mortuum?
2490 520 2616 574 Hec
2643 528 2701 575 et
2721 520 2920 576 similia
2966 522 3012 577 si
3075 521 3271 575 Clotho
3298 538 3393 592 per

147 608 539 677 ἀδελφοκτόνος
568 610 646 663 ὣν
690 610 875 663 στόνον
905 609 1069 672 αὐτὸς
1088 611 1185 662 καὶ
1207 609 1458 680 παγγενῆ
1481 610 1729 664 πανωλεοο

150 699 314 770 θρίαν
337 701 581 772 ἐσχάτως
608 702 1052 767 καταδικάζεται,
1070 704 1167 757 καὶ
1183 702 1302 766 πῶς
1328 702 1420 756 τὸν
1448 702 1616 771 φονέα
1636 703 1724 755 νό-

154 810 256 862 μος
282 794 426 857 θεῖος
448 796 515 847 ὲκ
534 794 658 848 Νῶε
682 794 811 867 ἄχρι
832 796 931 867 τῆς
953 795 1113 867 δεῦρο
1132 795 1348 865 Θανάτῳ
1371 794 1726 859 καταδικάζει

155 885 275 953 μετ’
295 884 668 952 έπιστάσεωςς
691 885 725 956 ἢ
755 885 875 951 πῶς
896 889 960 941 τὸ
984 888 1064 951 είς
1086 885 1178 941 τὸν
1211 888 1383 956 ’Δγὰγ
1412 887 1687 957 λογιστέον
1709 904 1725 955 ;

148 978 202 1028 εί
245 976 573 1047 πεπλήρωτο
609 978 641 1031 ὁ
674 979 755 1040 είς
795 978 959 1031 αὐτὸν
991 979 1136 1050 ὅρος,
1166 978 1266 1032 οὑκ
1291 978 1600 1051 ὶτεθνήκει,
1633 980 1728 1032 καὶ

153 1063 233 1133 μὴ
267 1064 592 1135 βουλομένου
639 1065 736 1121 τοῦ
772 1068 944 1122 Σαοὺλ
978 1068 1207 1133 πατάξει
1237 1070 1435 1135 αύτόνς
1468 1070 1533 1123 Τί
1578 1069 1636 1123 δὲ
1676 1069 1728 1122 οἱ

148 1153 249 1207 τοῦ
290 1156 410 1210 Ίὼσ
438 1159 662 1222 παῖδες.
692 1159 805 1230 ὅρῳ
833 1160 869 1229 ἢ
903 1159 1179 1231 έξαιτήσει
1225 1162 1403 1215 Σατάν
1425 1162 1569 1231 (16);
1596 1162 1647 1214 τί
1670 1160 1729 1214 δι

164 1246 442 1311 Ἐζεκίαςο
461 1250 515 1302 τί
538 1250 596 1303 δὲ
616 1249 933 1317 Νινευῐταις
965 1251 1018 1305 τί
1056 1252 1113 1306 δε
1136 1253 1186 1307 oi
1215 1252 1448 1322 καθεξῆς
1473 1253 1541 1307 δι’
1572 1254 1729 1307 εὐτυ·
1757 1274 1763 1279 ’

152 1338 281 1407 χίας
310 1341 682 1406 ἀνασωθέντες
706 1344 739 1414 ἢ
760 1343 852 1396 καὶ
882 1343 1179 1415 σωζόμενοι
1204 1362 1221 1412 ;
1253 1346 1307 1398 τί
1326 1345 1384 1399 δε
1413 1345 1518 1419 [τι]
1553 1366 1571 1399 ι
1610 1347 1729 1400 Ἵνα

150 1446 239 1493 τις
271 1431 336 1502 θῇ
362 1430 541 1501 ψυχὴν
568 1432 710 1503 ὑπερ
741 1434 1163 1505 στεργομένου.»
1200 1428 1263 1490 οῦ
1289 1438 1657 1508 πρόγραμμος
1678 1436 1731 1489 οἱ

154 1522 302 1589 ἆγιοι
348 1525 660 1594 μάρτυρες;
708 1526 830 1589 Πῶς
858 1527 919 1580 τὸ
960 1527 1147 1590 Φινεὲς
1177 1527 1338 1598 ἔργον
1370 1529 1594 1595 θετέονς
1631 1548 1729 1583 κα-

152 1617 435 1687 κοπραγίᾳ
465 1617 497 1686 ἢ
529 1618 681 1686 ὅρῳς
716 1617 826 1671 Ποῦ
859 1619 917 1672 δὲ
946 1619 1028 1682 τὸ,
1073 1638 1093 1672 ι
1151 1621 1279 1674 Ἐὰν
1312 1623 1726 1695 ἀγαθοεργήσῃ,

150 1705 255 1777 ἔσῃ
285 1709 719 1779 μακροχρόνιοςς
747 1709 850 1763 ποῦ
875 1709 933 1764 δι
957 1710 1040 1771 τὸ,
1078 1729 1098 1764 ι
1145 1711 1525 1766 Ἐλασσονοῦσι
1557 1714 1729 1782 φυλὰς

152 1800 454 1870 ἁμαρτίαις
508 1801 575 1855 Τί
630 1801 689 1856 δὲ
741 1803 791 1855 oi
840 1802 1013 1872 δειλίᾳ
1064 1804 1295 1858 θανάτου
1357 1806 1725 1876 ἀπαγχόμενοι

150 1893 417 1958 ἑκουσίως
462 1894 497 1966 ἢ
539 1896 693 1949 αὐτοὶ
744 1896 866 1950 καθ’
917 1896 1299 1967 οἱονδηποτοῦν
1352 1898 1552 1968 τρόπον
1596 1899 1725 1951 ἑαυ-

149 1987 282 2048 τοὺς
339 1987 689 2057 ἀναιροῦντες
747 1988 779 2059 ἢ
824 1988 1094 2052 ἀκουσίως
1136 1991 1267 2061 παρ’
1316 1989 1519 2060 ἑτέρων
1573 1989 1731 2043 τοῦτο

150 2078 471 2147 πεισόμενοι
649 2079 792 2151 λιμῷ
832 2080 865 2150 ἢ
947 2080 1097 2150 κόρῳ
1147 2080 1182 2151 ἢ
1230 2078 1389 2150 ψύξει
1452 2082 1729 2153 πληθούσῃ

154 2171 187 2221 ἢ
221 2170 397 2241 Θέρμῃ
425 2172 458 2242 ἢ
489 2171 743 2242 λοιμώδει
778 2174 919 2244 νόσῳ
939 2172 973 2244 ἢ
996 2174 1096 2227 ὅσα
1124 2172 1377 2244 βοηθείας
1408 2175 1730 2246 ίσχυρότερα

148 2262 187 2330 ἢ
230 2261 614 2333 ἀθεράπευτα,
660 2265 747 2317 ἴνα
787 2265 863 2334 μὴ
896 2265 1039 2332 λέγω
1078 2265 1257 2320 πάντα
1288 2266 1360 2319 τὰ
1386 2264 1455 2319 δι’
1497 2268 1728 2339 ἀφαιρέ-

154 2369 298 2417 σεως
326 2354 591 2425 αἴματοςς
636 2356 700 2409 Τί
728 2356 785 2409 δὲ
817 2356 915 2409 εὰν
943 2360 1054 2429 ἀφῇ
1096 2356 1195 2429 τὴν
1220 2358 1491 2430 ἀρτηρίαν
1517 2360 1726 2425 ἁδετον,

150 2446 421 2509 ἑκουσίως
460 2447 494 2517 ἢ
539 2447 633 2500 καὶ
677 2449 789 2519 μής
828 2448 950 2518 οὐχὶ
995 2451 1053 2502 ιν
1102 2450 1297 2520 αἵματι
1339 2450 1517 2522 ψυχῆς
1563 2451 1728 2505 αὑτοῦ

151 2538 409 2607 ὲκδράσει
448 2540 543 2592 καὶ
580 2540 642 2592 τὺ
674 2540 860 2610 νοερὸν
905 2540 1164 2611 Πνεῦμα,
1204 2541 1231 2594 ὃ
1274 2542 1333 2595 ὲν
1373 2541 1548 2612 τούτῳ
1582 2542 1731 2594 δέδε-

150 2646 249 2683 ται
274 2631 317 2700 (l
332 2629 382 2695 7)
414 2631 535 2684 ἐπεὶ
557 2626 696 2700 αἷμα
736 2631 1101 2701 ἀποτυροῦται
1123 2636 1205 2697 είς
1226 2633 1407 2706 σάρκα
1431 2650 1446 2699 ;
1472 2636 1590 2704 ἅμα
1622 2635 1731 2705 γὰρ

154 2720 331 2791 σὰρξ,
361 2721 476 2792 ἅμα
504 2722 728 2790 Πνεῦμα
751 2723 883 2792 (18)’
913 2723 1007 2776 καὶ
1030 2722 1149 2785 πῶς
1188 2724 1345 2777 τοῦτο
1365 2742 1380 2790 ;
1404 2724 1487 2778 ὅτι
1526 2727 1554 2778 ό
1589 2724 1730 2789 θεῖος

154 2814 334 2881 Λόγος
374 2816 469 2867 καὶ
505 2815 913 2879 αύθυπόστατος
956 2816 1093 2887 σὰρξ
1140 2817 1359 2885 ἐγένετο
1409 2818 1626 2888 σκηνῶν
1673 2820 1731 2871 ιν

151 2906 292 2972 ἡμῖν
331 2905 459 2973 περὶ
499 2903 592 2956 τὸν
628 2904 885 2972 ἀσφαλῶς
922 2904 1181 2973 δήσαντα.
1238 2904 1303 2957 Τί
1338 2904 1396 2957 δὲ
1421 2906 1471 2957 οί
1515 2905 1618 2974 γῆν
1651 2906 1731 2958 ol-

1826 604 2021 670 Deum.
2057 608 2151 663 ubi
2183 610 2291 664 erit
2315 609 2527 665 arbitrii
2580 609 2828 675 libertas,
2862 626 2929 666 ne
2976 610 3154 666 dicam
3199 612 3392 666 absur-

1824 700 2005 755 ditas?
2035 699 2175 767 Quid
2201 716 2330 756 vero
2360 713 2631 771 postrema
2684 702 2772 757 illa
2814 702 3179 758 lsraelitarum
3219 705 3394 758 inter-

1825 790 1986 845 fectio
2022 792 2075 844 in
2112 805 2328 860 pinnam
2369 793 2654 864 sanguinis
2686 793 2896 848 Domini
2922 803 2977 848 et
3002 795 3392 865 prophetarum

1824 881 1986 936 caedis
2030 897 2127 952 per
2164 898 2316 938 arma
2354 882 2725 941 Romanorum
2789 885 2977 939 illata?
3029 886 3106 941 Ex
3156 887 3395 941 termino

1826 986 1920 1027 seu
1949 974 2167 1028 decreto
2190 975 2419 1045 contigit
2454 990 2524 1030 an
2552 991 2617 1030 ex
2677 977 2907 1031 arbitrio
2937 977 3240 1032 voluntatis
3300 988 3397 1031 aut

1826 1064 1931 1118 alia
1956 1065 2209 1120 ratione?
2235 1067 2375 1134 Quid
2406 1082 2534 1122 vero
2552 1078 2773 1123 cruenta
2799 1070 2975 1125 caedes
3003 1069 3058 1123 in
3088 1069 3253 1124 Abele
3273 1084 3398 1139 per-

1826 1156 2075 1225 petrata?
2104 1155 2162 1210 Si
2204 1157 2473 1213 terminus
2535 1174 2567 1214 a
2603 1158 2711 1214 Deo
2763 1159 3103 1229 praestitutus
3144 1162 3397 1230 expletus

1829 1243 1932 1298 fuit
1958 1242 2027 1305 ⁸¹.
2059 1261 2160 1301 cur
2189 1246 2347 1313 Caio,
2370 1248 2465 1317 qui
2503 1258 2562 1303 ut
2584 1249 2757 1304 divini
2787 1250 2993 1305 decreti
3028 1250 3280 1306 minister
3302 1265 3399 1305 oc-

1827 1336 1960 1389 cidit
2008 1335 2258 1404 fratrem,
2295 1345 2360 1394 ad
2410 1341 2646 1410 gemitus
2703 1344 2819 1411 ipse
2870 1342 3145 1414 totiusque
3183 1344 3419 1415 generis.

1828 1428 2109 1484 interitum
2171 1432 2603 1487 condemnatur?
2659 1430 2726 1486 Et
2773 1434 3048 1503 quomodo
3082 1434 3168 1489 lex
3215 1435 3401 1490 divina

1830 1535 1859 1573 a
1888 1518 2002 1576 Noe
2043 1521 2091 1552 ⁸¹
2118 1521 2185 1577 ad
2217 1521 2321 1578 hoc
2370 1539 2545 1593 usque
2586 1531 2803 1594 tempus
2853 1525 3181 1581 homicidam
3239 1527 3399 1581 morti

1828 1613 2075 1668 addicit?
2103 1612 2212 1670 Aut
2239 1616 2515 1684 quomodo
2545 1615 2678 1671 illud
2706 1617 2773 1672 de
2802 1617 2951 1687 Agag
2971 1618 3018 1650 ⁸³
3037 1618 3401 1689 reputandum

1828 1703 2035 1759 est?Si
2065 1706 2331 1761 terminus
2392 1706 2493 1775 ipsi
2551 1705 2751 1763 fuisset
2808 1709 3166 1778 praestitutus,
3214 1724 3402 1763 nonne

1830 1797 2081 1863 obiisset,
2120 1798 2223 1855 etsi
2259 1799 2428 1853 nollet
2447 1797 2576 1854 Saul
2619 1799 2797 1868 ipsum
2860 1800 3205 1857 interficere?
3260 1801 3402 1869 Quid

1832 1906 1962 1946 vero
2007 1890 2104 1946 lilii
2132 1890 2235 1947 Job
2264 1891 2352 1945 “l
2374 1891 2476 1947 Per
2516 1892 2884 1947 terminumne
2909 1909 2980 1948 an
3038 1909 3136 1964 per
3185 1893 3405 1948 Satanas

1831 1984 2145 2055 petitionem
2178 1982 2595 2039 occubuerunt?
2616 1982 2757 2051 Quid
2795 1984 3083 2041 Ninivita?
3111 1984 3254 2052 Quid
3271 1986 3406 2040 Eze-

1831 2077 2023 2133 cbias?
2052 2075 2191 2144 Quid
2217 2092 2346 2132 vero
2369 2078 2574 2146 caeteri,
2604 2079 2695 2148 qui
2716 2094 2981 2149 prospero
3000 2080 3185 2151 aliquo
3207 2090 3404 2135 eventu

1831 2170 2029 2227 servati
2059 2178 2189 2226 sunt
2216 2170 2301 2225 vel
2333 2169 2516 2225 adhuc
2552 2170 2872 2226 servantur?
2904 2170 3048 2238 Quid
3103 2187 3233 2227 vero
3271 2170 3406 2226 οιτο-

1831 2275 1944 2318 tum
1978 2262 2112 2318 illud
2142 2281 2157 2319 :
2185 2281 2204 2314 ι
2238 2260 2310 2318 Ut
2335 2271 2501 2333 ponat
2528 2263 2652 2334 quis
2693 2263 2931 2319 animam
2979 2280 3134 2319 suam
3162 2263 3408 2334 pradile-

1829 2363 1917 2410 cto
1942 2355 2009 2420 ⁸³,
2047 2373 2067 2407 s
2124 2353 2285 2424 cujus
2339 2354 2419 2409 rei
2459 2369 2649 2409 norma
2705 2364 2835 2411 sunt
2882 2357 3056 2411 sancti
3112 2366 3403 2426 martyres.

1830 2444 1969 2512 Quid
2004 2459 2133 2499 vero
2156 2444 2224 2500 de
2244 2444 2338 2498 illo
2375 2444 2522 2515 quod
2549 2444 2679 2501 fecit
2710 2443 2945 2501 Phinees
2982 2445 3029 2477 ⁸⁸
3053 2442 3405 2500 statuendum

1829 2536 1958 2591 est?
1989 2534 2069 2590 Ex
2096 2534 2403 2590 infortunio
2458 2536 2586 2591 illud
2621 2535 2872 2592 evenisse
2917 2552 2985 2589 au
3034 2550 3100 2588 ex
3151 2533 3408 2588 decreto?

1836 2627 1934 2684 Ubi
1965 2643 2094 2684 vero
2126 2628 2293 2684 illud:
2330 2646 2348 2681 t
2383 2628 2441 2683 Si
2483 2628 2621 2685 bene
2647 2630 2844 2699 egeris,
2886 2629 2996 2683 eris
3039 2628 3337 2696 longrcvus.
3382 2644 3401 2675 s

1833 2718 1938 2775 Ubi
1983 2719 2163 2775 illud:
2224 2739 2243 2772 t
2280 2718 2529 2775 Minunnt
2593 2721 2767 2776 tribus
2820 2728 3041 2790 peccata
3077 2718 3167 2771 οτι
3199 2737 3218 2769 ι
3265 2716 3405 2783 Quid

1832 2824 1963 2863 vero
1985 2810 2079 2878 qui
2128 2818 2275 2864 metu
2322 2810 2516 2865 mortis
2571 2818 2766 2880 sponte
2819 2826 2877 2865 se
2925 2810 3273 2879 strangulant
3322 2810 3407 2862 vel

1832 2915 2055 2971 quoquo
2088 2901 2248 2955 modo
2307 2902 2521 2969 seipsos
2566 2901 2888 2956 interimunt
2937 2902 3023 2956 vel
3073 2902 3142 2955 ab
3191 2900 3311 2955 aliis
3352 2899 3406 2951 id

153 2994 377 3059 κοῦντες
415 2996 623 3065 σεισμῷ
668 2996 701 3066 ἢ
746 3000 987 3067 πυρκαῖᾷ
1016 2997 1423 3068 ἀναιρούμενοι,
1461 2999 1555 3051 καὶ
1578 3000 1626 3051 oi
1672 3000 1729 3051 ἐν

1835 2991 2013 3059 ipsum
2066 2990 2221 3044 inviti
2253 2991 2539 3061 patiuntur
2570 2992 2653 3046 vel
2688 2992 2857 3045 nimia
2886 2992 3065 3046 inedia
3112 3001 3207 3045 aut
3236 2991 3405 3045 satie~

154 3086 401 3159 θαλάσσῃ
422 3087 833 3157 διασωζόμενοι,
860 3088 1050 3160 ῶσπερ
1069 3091 1128 3143 ἐν
1170 3089 1403 3143 κλύδωνι
1426 3090 1729 3161 ἀπολλύμε-

1834 3093 1943 3139 tate
1972 3084 2055 3139 vel
2109 3086 2335 3153 cepioso
2368 3083 2573 3155 frigore
2612 3092 2706 3138 aut
2755 3084 2938 3138 calore
2980 3084 3065 3137 vel
3122 3084 3256 3138 febri
3311 3094 3408 3137 aut

151 3192 240 3229 vot
286 3177 381 3229 καὶ
418 3179 467 3230 οἱ
512 3180 569 3231 ὲν
618 3182 689 3250 γῇ
740 3180 818 3251 μὴ
846 3180 1243 3252 βλαπτόμενοις
1286 3182 1350 3236 Τί
1390 3184 1518 3247 τοὺς
1576 3184 1729 3255 παρὰ

1837 3176 2142 3245 pestilentia
2175 3175 2257 3229 vel
2312 3174 2436 3229 aliis
2479 3174 2685 3229 morbis
2738 3173 3137 3229 incurabilibus
3189 3188 3259 3229 ne.
3317 3189 3407 3227 re-

167 3266 443 3321 Ἐλισαίου
466 3269 803 3332 ἀναστάντας
837 3276 1063 3342 νεκρούς
1088 3288 1103 3336 ;
1141 3274 1195 3325 τί
1219 3273 1277 3327 δὲ
1309 3274 1438 3337 τοὺς
1463 3276 1615 3346 παρά
1638 3276 1729 3327 τοῦ

1831 3283 2085 3323 censeam
2113 3269 2299 3322 omnia
2331 3266 2421 3320 illa
2466 3282 2587 3336 quae
2615 3282 2679 3320 ex
2737 3265 3073 3320 detractione
3118 3266 3407 3335 sanguinis

153 3362 261 3423 τῆς
309 3361 451 3428 ζωῆς
482 3361 727 3430 ἀρχηγοῦ
770 3363 1038 3432 Χριστοῦς
1087 3365 1152 3417 Τί
1185 3365 1243 3418 δὲ
1278 3366 1340 3418 τὸ
1373 3366 1650 3431 Ταϐιθᾶςς
1682 3368 1729 3419 τί

1830 3356 2202 3426 contingunt?
2231 3356 2372 3423 Quid
2405 3371 2536 3411 vero
2587 3357 2631 3411 si
2669 3356 2954 3426 reliquerit
3005 3357 3264 3410 arteriam
3296 3372 3405 3410 non

150 3449 213 3499 ὁὶ
246 3450 306 3500 τὸ
356 3450 598 3502 Ἀνανίου
640 3453 734 3503 καὶ⁵
772 3452 1085 3523 Σαπφείρας
1110 3470 1125 3517 ;
1153 3453 1207 3505 τί
1239 3453 1298 3508 δὲ
1327 3456 1397 3507 τὰ
1422 3455 1529 3507 τῶν
1563 3455 1729 3508 ἄλλων

1833 3447 2053 3516 ligatam
2114 3448 2229 3502 sive
2268 3448 2525 3502 consulto
2580 3449 2695 3502 sive
2727 3447 3079 3502 inconsulto?
3108 3446 3300 3502 Nonne
3352 3448 3407 3501 in

152 3534 330 3598 ἁγίων
352 3534 478 3603 ἄχρι
514 3537 613 3605 τῆς
634 3534 791 3604 δεῦρο
832 3538 1345 3607 τερατουργούμενα
1364 3538 1573 3607 νεκρῶν
1601 3540 1729 3591 tiva-

1834 3539 2099 3607 sangniue
2124 3539 2321 3593 anime
2348 3554 2461 3593 sua:
2508 3539 2736 3608 spiritus
2767 3554 2986 3609 quoque
3044 3538 3410 3593 intellectivus

155 3625 447 3691 6ιώματα;
492 3626 540 3676 εί
571 3627 695 3694 ὅρος
724 3628 1083 3697 ἐπεπλήρωτο
1107 3670 1123 3695 ,
1156 3628 1273 3692 πῶς
1306 3628 1365 3681 τὸ
1414 3629 1629 3700 ὁρισθὲν
1674 3630 1729 3682 ού

1832 3628 2072 3700 effugiet,
2100 3630 2196 3699 qui
2221 3640 2307 3684 est
2338 3630 2391 3685 in
2423 3646 2489 3684 eo
2542 3631 2816 3699 alligatus,
2852 3632 3032 3684 statim
3066 3645 3131 3684 ac
3182 3630 3410 3695 sanguis

159 3716 507 3787 -πεπὲρασται
529 3735 543 3780 ;

1834 3721 1887 3774 itt
1927 3736 2146 3775 carnem
2186 3721 2594 3777 condensatur?
2629 3724 2803 3777 Simul
2832 3724 2978 3777 enim
3031 3722 3249 3778 exsistit
3280 3737 3411 3776 cato

149 3807 320 3860 simul
341 3818 394 3862 et
416 3810 659 3878 spiritus.
696 3810 761 3867 Et
784 3813 1060 3883 quomodo
1114 3813 1253 3868 hoc?
1292 3811 1431 3880 Quia
1480 3812 1727 3867 divinum
1767 3810 2004 3867 Verbum
2069 3821 2124 3867 et
2190 3828 2286 3881 per
2316 3828 2376 3868 se
2418 3814 2724 3869 subsistens
2762 3828 2891 3867 caro
2934 3812 3138 3868 factum
3187 3821 3272 3867 est
3309 3812 3410 3866 ha-

152 3900 338 3955 bitans
378 3904 430 3957 in
466 3906 621 3959 nobis
663 3907 727 3961 ⁸³.
802 3907 942 3973 Quid
978 3924 1105 3963 vero
1160 3907 1474 3974 dicendum,
1537 3908 1758 3979 quando
1795 3907 1889 3977 qui
1958 3916 2159 3963 terram
2198 3908 2466 3973 habitant,
2500 3918 2659 3964 terra:
2691 3918 2841 3964 motu
2876 3918 2972 3964 aut
3029 3909 3286 3964 incendio
3321 3908 3408 3962 itt-

153 3996 508 4057 teritnuntur,
565 4002 621 4050 et
651 3996 744 4065 qui
774 3998 990 4052 iutnari
1031 4000 1256 4069 degunt,
1284 4001 1587 4055 incolumes
1654 4009 1965 4064 servantur,
2031 3999 2174 4056 sicut
2244 4002 2336 4055 alii
2386 4002 2439 4055 in
2482 4010 2800 4069 tetnpcstate
2850 4012 3080 4072 pereunt
3108 4012 3162 4057 et
3218 4002 3312 4073 qui
3354 4004 3409 4057 in

149 4102 297 4145 terra
329 4100 455 4145 sunt
487 4104 593 4143 non
625 4090 928 4145 laeduntur?
955 4090 1095 4158 Quid
1124 4094 1190 4147 de
1233 4095 1465 4149 mortuis
1521 4096 1588 4148 ab
1637 4093 1827 4147 Elisteo
1893 4092 1947 4147 in
2014 4093 2180 4149 vitam
2247 4095 2561 4150 revm-atis?
2594 4094 2735 4161 Quid
2760 4095 2828 4149 de
2860 4096 2929 4151 iis
2972 4111 3111 4166 quos
3143 4098 3404 4152 excitavit

150 4181 283 4235 vitae
312 4189 504 4233 auctor
533 4179 828 4235 Christus?
859 4180 1000 4247 Quid
1022 4184 1089 4237 de
1132 4182 1405 4238 Tabitha?
1476 4184 1617 4249 Quid
1660 4186 1727 4238 de
1764 4200 1831 4239 eo
1874 4186 2019 4255 quod
2087 4186 2316 4257 contigit
2381 4177 2609 4241 Ananiae
2663 4194 2719 4242 et
2778 4183 3105 4256 Sappbiraa?
3160 4185 3302 4253 Quid
3342 4189 3411 4244 de

149 4276 280 4330 aliis
314 4283 650 4330 mortuorum
682 4279 1123 4344 excitationibus,
1146 4295 1267 4349 quae
1296 4280 1361 4333 ad
1386 4282 1533 4335 hunc
1554 4296 1726 4350 usque
1788 4282 1935 4335 diem
1971 4296 2004 4335 a
2036 4281 2242 4336 sanctis
2301 4284 2673 4352 peraguntur?
2720 4279 2779 4335 Si
2824 4283 3095 4337 terminus
3152 4283 3408 4351 impletus

149 4380 298 4434 erat,
327 4372 603 4438 quomodo
632 4373 780 4441 quod
828 4372 1009 4428 fuerat
1026 4374 1309 4429 delluitum
1339 4390 1447 4431 non
1493 4375 1597 4430 fuit
1650 4376 1718 4431 ad
1752 4375 2001 4430 ell‘eetum
2030 4376 2398 4445 perductum?

221 4466 286 4520 ε’.
330 4469 483 4522 Πᾶσα
512 4469 717 4523 παλαιὰ
742 4470 853 4541 (l9)
890 4472 1037 4541 ὅρον.
1080 4470 1218 4542 πλὴν
1258 4472 1423 4541 μόνου
1446 4473 1540 4527 τοῦ
1569 4476 1628 4527 ἐν
1655 4475 1721 4543 τῇ

1903 4473 1956 4528 5.
1992 4471 2321 4528 Universum
2357 4472 2522 4529 Vetus
2553 4472 2966 4531 Testamentum
3004 4475 3172 4529 alium
3219 4477 3411 4531 termi-

144 4558 460 4626 παραϐάσει
486 4559 780 4629 ἁμαρτίας,
806 4579 825 4613 ι
878 4563 925 4631 ῌ
952 4560 997 4613 δ’
1019 4560 1085 4614 ἂν
1101 4559 1222 4632 ῶρᾳ
1244 4562 1484 4630 φάγεσθε
1512 4562 1723 4618 ἀποθα-

1828 4577 1951 4617 num
1984 4563 2283 4618 secundum
2319 4565 2658 4633 propositum
2684 4580 2792 4619 non
2825 4567 3091 4635 agnoscit,
3112 4565 3403 4621 nisiunutn

142 4650 352 4710 νεῖσθε,
397 4669 416 4702 s
476 4650 621 4703 κατά
658 4652 917 4720 πρόθεσιν
953 4651 1112 4706 ἀλλον
1148 4652 1249 4705 οὐκ
1274 4648 1449 4719 οἶδενς
1490 4655 1540 4707 εί
1575 4655 1634 4708 δὲ
1665 4654 1727 4708 τὸ

1828 4654 1998 4718 illum,
2053 4654 2145 4722 qui
2200 4663 2424 4723 peccato
2475 4670 2540 4709 ac
2600 4656 3037 4725 praeraricationi
3087 4658 3401 4713 statuitur:

145 4738 488 4806 Εὑαγγέλιον
521 4740 782 4810 κηρύττει
811 4743 958 4811 ὅρον,
992 4743 1167 4794 εἰπεῖν
1185 4742 1285 4796 οὐκ
1317 4743 1443 4814 ἔχω·
1478 4744 1577 4799 ἕνα
1607 4741 1724 4798 οἶδα

1828 4760 1845 4793 ι
1884 4740 1941 4796 In
1967 4758 2074 4812 qua
2109 4742 2241 4797 hora
2260 4743 2631 4810 contederitis,
2662 4745 2974 4800 moriemini
2999 4744 3045 4779 "
3065 4746 3087 4799 ?
3110 4765 3128 4797 ι
3156 4745 3238 4800 An
3266 4763 3400 4802 vero

143 4830 450 4898 ἀκρότατον
481 4830 605 4901 ὅρον
638 4830 874 4901 Χριστοῦ
908 4830 1190 4897 λέγοντος·
1228 4831 1579 4904 ἐρωτώμενος
1615 4836 1722 4904 γὰρ

1828 4834 2172 4907 Evangeliutu
2204 4839 2460 4907 praedicet
2498 4841 2815 4905 terminum,
2843 4841 3118 4897 aﬂlrmare
3150 4859 3391 4913 nequeo.

146 4922 309 4990 παρὰ
343 4922 653 4992 Φαρισαίων
687 4924 816 4992 περὶ
864 4922 1166 4992 ἀνθρώπων
1216 4923 1536 4988 Γαλιλαίων,
1588 4918 1663 4978 ὧν
1695 4928 1722 4978 ὁ

1828 4924 2000 4981 Unum
2024 4929 2143 4984 scio
2181 4944 2498 4998 supremum
2528 4947 2556 4984 a
2583 4930 2801 4987 Christo
2858 4933 3158 4989 indicatum
3210 4938 3401 4989 termi-

144 5012 385 5075 Πιλᾶτος
428 5014 488 5067 τὺ
533 5008 673 5084 αἷμα
719 5015 857 5084 μετά
904 5015 1014 5068 τῶν
1048 5015 1248 5067 θυσιῶν
1292 5014 1446 5087 ἔμιξε
1494 5019 1588 5070 καὶ
1629 5016 1722 5079 οὓς

1828 5034 1965 5073 nunt.
2000 5018 2365 5091 Interrogatus
2395 5029 2541 5077 enim
2568 5040 2599 5077 a
2618 5021 2908 5079 Pharisaeis
2930 5025 2997 5079 de
3028 5026 3136 5079 illis
3153 5024 3399 5082 Gallicis

222 5211 270 5242 "
302 5208 436 5287 Gen.
471 5226 544 5273 tv.
571 5210 843 5287 lQ_sgqq._
892 5213 937 5245 “
965 5213 1099 5268 Gen.
1120 5219 1276 5287 “,6,
1313 5215 1374 5287 _“
1398 5215 1418 5270 l
1441 5214 1571 5287 Reg.
1602 5220 1729 5277 xtuli

1829 5234 1921 5286 tn.
1996 5219 2043 5249 ‘“
2066 5218 2169 5273 Job
2191 5236 2229 5285 t,
2262 5221 2346 5285 l8,
2373 5222 2459 5277 l9.

222 5225 270 5242 ··
302 5225 436 5263 non.
471 5226 544 5273 tv.
571 5225 637 5266 ‘IU
664 5227 815 5281 seqq.
892 5225 937 5245 "
965 5225 1099 5268 Uen.
1120 5225 1253 5279 “,0.
1330 5225 1374 5248 "
1398 5225 1418 5270 Ι
1442 5225 1571 5287 tteg.
1602 5225 1729 5277 siut

146 5280 339 5343 xsv,7
392 5295 548 5351 seqq.
621 5283 662 5313 ⁸⁷
695 5281 868 5338 Exod.
922 5300 1013 5348 ιι,
1072 5287 1160 5342 η.
1236 5286 1282 5317 ⁸⁸
1305 5283 1463 5340 Joan.
1506 5303 1544 5350 ι,
1577 5288 1664 5342 14.

1829 5234 1921 5342 (Et.
1996 5225 2043 5249 "
2066 5225 2229 5342 3:31”,
2262 5225 2459 5285 18,19.
2572 5225 2615 5255 "
2640 5225 2797 5278 Joan.
2822 5241 2911 5283 xv.
2936 5225 3024 5281 l5.
3133 5226 3179 5258 "
3213 5225 3375 5282 Nunt.

1884 5308 1970 5342 en.
2003 5306 2059 5351 ιι,
2166 5330 2181 5344 .

2572 5223 2615 5255 ⁸³
2640 5220 2797 5278 Joan.
2822 5241 2911 5283 sv.
2936 5225 3024 5281 l5.

1664 5466 1892 5524 NOTAE.

224 5649 343 5770 (Ilii)
395 5650 766 5720 Supplendum
818 5654 1029 5709 videtur
1071 5656 1361 5727 τεθνήκασι
1420 5656 1500 5711 vel
1544 5655 1725 5711 simile

224 5738 246 5770 r
274 5736 401 5770 nunt.

145 5736 401 5775 \‘CTINIIII.

224 5791 341 5858 (l7)
378 5786 433 5843 In
460 5793 581 5848 cod.
639 5794 854 5851 lacuna.
898 5796 972 5849 ΑεΙ
1011 5812 1182 5867 marg.
1214 5797 1362 5851 Catzl'
1417 5798 1466 5848 οἱ
1505 5797 1715 5861 διᾶγαν.

1828 5658 1993 5781 f(l8)
2044 5656 2110 5712 Et
2154 5658 2244 5713 bic
2305 5658 2555 5713 vitiatum
2624 5668 2829 5714 textum
2892 5659 3204 5728 suspicatur
3248 5656 3416 5722 Cati,

1848 5745 1999 5781 OI'IIS.

1848 5745 1999 5783 UI'IIS.

1900 5799 2010 5867 (l9)
2042 5798 2128 5854 Sc.
2164 5798 2416 5870 διαθήκη.
