4162 6442
153 410 253 472 lilii

1055 409 1154 466 AD
1186 399 1776 483 ΑΜΡΒιιιορΗιυμ
1810 395 2157 468 ΟΙΜΞΒΤΙΟ
2182 396 2419 457 CCXLI.

3181 397 3317 463 1042

142 524 217 576 νῦν
240 525 311 585 δὲ,
332 526 473 592 ἡμεῖς
502 522 719 593 Πατέρα
745 524 844 575 ενα
867 522 1065 591 ἔχομεν
1091 520 1187 572 τὸν
1209 518 1365 570 θεόν.
1396 515 1532 583 Οὐχὶ
1562 513 1641 579 δὲ,

1759 525 1889 565 nunc
1922 510 2157 574 aiebant,
2180 527 2349 565 unum
2381 514 2642 572 habemus
2678 516 2888 573 Patrem
2924 513 3093 570 Deum
3113 514 3136 545 ⁸
3165 532 3179 578 ;
3204 530 3313 568 non

139 615 320 683 Πατέρα
354 613 538 682 ἔχομεν
564 614 655 665 τὸν
680 613 898 681 Πατέρα
926 611 1018 664 τοῦ
1059 608 1217 663 Θεοῦ.
1256 608 1364 660 Καὶ
1390 607 1420 658 6
1449 604 1645 671 Σωτὴρ

136 706 323 770 ἀπάγων
344 704 427 771 τῆς
450 702 720 770 πατρικῆς
742 703 799 754 ὲν
822 703 889 771 τῇ
914 701 1103 765 κλήσει
1130 697 1391 766 σχέσεως,
1416 694 1647 761 ἐπείπερ

136 796 264 847 αὐτοὶ
289 794 487 853 ἑαυτοὺς
512 792 850 861 διεσχίααντο
896 792 990 843 καὶ
1020 789 1334 857 διετὲμοντο
1372 784 1473 850 τῆς
1512 782 1647 853 πρὸς

136 885 270 937 αὐτὸν
308 883 637 952 ὁμοιότητος,
690 882 926 951 τολμᾶτε
950 922 967 945 ,
1000 882 1170 951 φησὶ,
1200 878 1381 946 λέγειν
1426 878 1652 937 ἑαυτοὺς

134 974 262 1035 υἱοὺς
285 969 401 1025 εἶναι
447 973 543 1025 τοῦ
589 973 826 1044 πατρὶς,
875 973 1037 1042 ὑμεῖς
1075 970 1170 1023 τοῦ
1213 968 1462 1023 διαϐόλου
1504 966 1647 1019 ἐστέ.

136 1063 267 1127 Εἶτα,
299 1083 315 1115 ι
349 1065 448 1118 Καὶ
472 1065 571 1127 τάς
595 1065 815 1128 ἐντολὰς
844 1064 1010 1118 αὐτοῦ
1030 1062 1212 1115 θέλετε
1236 1062 1429 1114 ποιεῖν.
1463 1078 1483 1110 ι
1519 1059 1655 1129 Οὐχὶ

139 1175 156 1207 ι
186 1154 268 1207 τοῦ
290 1155 472 1225 πατρὸς
504 1154 746 1223 δηλονότι
774 1154 870 1207 τοῦ
900 1154 1172 1207 διαϐόλου.
1205 1171 1224 1204 ο
1264 1151 1374 1205 Ποῦ
1405 1151 1513 1221 γὰρ
1549 1168 1655 1202 πα-

133 1246 390 1315 ραδέδωκεν
417 1246 623 1308 ἐκεῖνος
642 1246 890 1311 ἐντολὰς,
922 1246 981 1308 δς
1017 1243 1154 1307 ὅλως
1179 1242 1301 1295 οὐδὲ
1331 1240 1656 1310 γνωρίζεται

130 1340 190 1406 τῇ
218 1336 250 1388 Γ
253 1338 376 1407 ραφῇ
395 1375 410 1397 .
440 1336 577 1389 ἀλλά
602 1338 699 1396 τὰς
730 1336 949 1399 ἐντολὰς
973 1334 1067 1388 τοῦ
1094 1334 1342 1388 διαϐόλου
1365 1372 1383 1395 ,
1410 1334 1470 1396 ὃς
1509 1334 1657 1386 ἐστιν

132 1429 361 1497 ὑμέτερος
401 1428 605 1498 πατὴρ.
666 1429 876 1490 Αἶτινές
934 1430 1042 1480 sict
1088 1427 1352 1496 πορνεία,
1408 1424 1656 1494 μοιχεία,

128 1519 313 1589 κλοπὴ.
343 1518 491 1587 φόνος
510 1561 526 1584 ,
552 1519 746 1589 ψεῦδος
764 1558 781 1584 ,
825 1520 920 1573 καὶ
954 1520 1094 1573 ὅσων
1124 1519 1300 1572 ἄλλων
1330 1520 1535 1579 ἐκεῖνος
1565 1533 1663 1570 κα-

127 1609 229 1661 κῶν
254 1612 466 1677 σπορεὺς
493 1613 559 1679 τῇ
587 1610 780 1682 γνώμῃ
807 1611 1049 1678 γέγονεν,
1078 1611 1174 1663 καὶ
1192 1609 1435 1681 ἀρχηγὸς
1461 1608 1663 1679 τολμᾶ-

127 1701 240 1754 σϐαι
272 1703 333 1753 τὰ
361 1702 634 1771 ἀτόλμητα
660 1742 675 1761 .
726 1703 822 1757 καὶ
864 1704 1365 1770 καταπράττεσθαι.
1408 1704 1519 1757 Καὶ
1565 1703 1660 1768 τὸ,

1750 617 1900 665 vero,
1927 601 2139 656 Patrem
2167 603 2428 659 habemus
2479 607 2567 662 Dei
2598 609 2832 663 Patrem.
2893 606 3011 660 Jam
3066 606 3317 659 Salvator

1752 703 1937 747 noster
1983 695 2201 748 eosdem
2232 710 2262 749 a
2286 707 2529 765 respectu
2556 711 2804 766 paterno,
2826 700 2918 768 qui
2970 699 3189 752 nomine
3212 699 3317 750 hoc

1753 785 2108 850 inferebatur,
2134 787 2492 853 abducturus,
2524 793 2783 860 quoniam
2818 791 2918 856 ipsi
2949 805 3006 844 se
3034 804 3062 841 a
3119 789 3317 843 simili-

1754 878 1939 932 tudine
1974 876 2093 947 ejus
2122 877 2519 943 abstraxerant,
2555 884 2633 938 ait
2678 900 2814 939 :vos
2847 881 3023 938 Patris
3052 882 3192 937 lilios
3221 896 3321 933 vos

1753 971 1902 1038 ipsos
1950 970 2164 1024 audetis
2195 973 2488 1039 appellare,
2519 990 2642 1028 cum
2673 986 2852 1029 tamen
2900 976 3099 1031 diaboli
3138 973 3322 1039 potius

1755 1061 1852 1115 ﬁlii
1883 1062 2038 1117 sitis:
2071 1071 2127 1115 et
2163 1078 2311 1126 mox,
2352 1084 2370 1115 ι
2402 1074 2458 1120 et
2508 1068 2758 1121 mandata
2803 1069 2924 1136 eius
2976 1066 3158 1121 facere
3202 1065 3324 1118 vul—

1754 1152 1847 1207 tis.
1881 1171 1901 1203 ι
1938 1151 2056 1206 Non
2088 1168 2222 1207 sane
2250 1195 2265 1218 ,
2304 1173 2323 1204 ι
2356 1157 2527 1224 patris
2558 1157 2788 1221 diaboli:
2829 1177 2848 1208 ι
2885 1156 2987 1212 Ubi
3034 1157 3180 1211 enim
3231 1156 3323 1208 ille

1755 1253 2019 1312 prierepta
2051 1245 2219 1310 dedit,
2275 1242 2344 1299 de
2376 1261 2487 1314 quo
2518 1263 2581 1300 ex
2634 1247 2919 1316 Scriptura
2960 1248 3097 1301 nihil
3160 1245 3322 1314 quid-

1756 1349 1919 1404 quam
1948 1343 2162 1388 constat
2188 1336 2210 1389 l
2242 1336 2335 1389 sed
2375 1337 2577 1391 diaboli
2610 1338 2803 1406 ipsius.
2835 1338 2927 1407 qui
2953 1349 3107 1407 pater
3146 1346 3325 1390 vester

1756 1434 1860 1489 est,
1895 1435 2179 1495 pracepta.
2208 1424 2483 1495 Ejusmodi
2515 1443 2645 1482 vero
2676 1438 2822 1492 sunt,
2860 1428 3139 1489 scortatiu,
3163 1428 3327 1480 adul-

1761 1517 1977 1582 terium,
2014 1517 2242 1582 furtum,
2293 1519 2490 1584 cedes,
2548 1520 2916 1585 mendacium,
2973 1530 3030 1575 et
3061 1535 3184 1588 quae
3221 1519 3327 1573 alia

1760 1611 1902 1664 mala
1932 1611 2072 1665 idem
2100 1626 2198 1680 pro
2225 1612 2493 1667 sententia
2534 1628 2631 1667 sua
2672 1616 2832 1677 sevit,
2863 1613 2931 1668 ad
2978 1629 3141 1682 prava
3174 1628 3328 1681 qua:-

1760 1701 1843 1756 vis
1867 1701 2112 1755 audenda
2140 1714 2193 1755 et
2225 1702 2580 1771 perpetranda
2615 1702 2723 1756 dux
2746 1713 2799 1758 et
2821 1714 3016 1758 auctor
3035 1703 3327 1757 essisteus.

129 1811 146 1839 ι
190 1793 399 1855 Ἐκεῖνος
418 1793 515 1845 ἀπ’
543 1792 718 1863 ἀρχῆς
740 1792 1183 1864 ἀνθρωποκτόνος
1197 1796 1365 1860 ἐστὶν,
1394 1814 1414 1845 ι
1440 1795 1520 1857 είς
1541 1795 1663 1848 τίνα

1766 1791 1819 1847 Id
1865 1808 1996 1849 vero
2032 1792 2175 1863 quod
2206 1794 2445 1848 dicitur:
2502 1814 2521 1847 ι
2560 1794 2655 1849 Ille
2716 1796 2784 1849 ab
2836 1796 2992 1850 initio
3052 1794 3329 1849 homicida

122 1885 186 1935 ἂν
210 1883 515 1954 οἰκειότερον
552 1861 885 1953 ἀνενεχθείή,
908 1885 941 1955 ἢ
968 1888 1048 1948 είς
1072 1884 1235 1938 αὐτόν
1264 1902 1327 1953 γε
1354 1885 1444 1937 τὸν
1474 1885 1658 1938 διάϐο-

1764 1885 1896 1952 fuit;
1926 1902 1947 1937 ι
1999 1861 2067 1939 ad
2100 1900 2262 1955 quem
2303 1885 2520 1941 tandem
2553 1888 2747 1957 potiori
2776 1889 2921 1955 jure,
2953 1902 3119 1955 quam
3149 1885 3215 1939 ad
3250 1885 3332 1954 ip-

118 1975 221 2037 λον,
249 1974 300 2037 δς
322 1976 380 2045 τῇ
407 1973 627 2045 γλώσσῃ
655 1976 746 2028 τὸν
786 1976 957 2045 ’Δδάμ
987 1976 1083 2029 τοῦ
1110 1977 1440 2046 παραδείτου
1470 1976 1659 2042 ἐξέϐαο

117 2066 222 2129 λεν,
255 2067 340 2118 καὶ
368 2065 621 2135 πρόξενος
654 2067 820 2120 αὑτοῦ
868 2067 1099 2121 θανάτου
1133 2068 1229 2120 καὶ
1260 2065 1468 2137 φθορᾶς
1498 2066 1660 2135 γεγέ-

116 2174 299 2226 νηταις
342 2156 469 2219 Θεὸς
507 2158 616 2226 γὰρ
655 2157 886 2211 θάνατον
916 2160 1015 2211 οὐκ
1045 2159 1321 2227 ἐποίησεν,
1369 2158 1493 2212 οὐδὲ
1532 2158 1659 2229 τέρ-

112 2265 269 2299 πεται
311 2247 392 2300 ἔπ’
432 2247 679 2318 ἀπωλείᾳ
711 2248 928 2311 ζώντων
948 2247 1081 2317 (τι).
1112 2248 1211 2311 τίς
1254 2248 1311 2302 δὲ
1355 2247 1541 2318 ἕτερος
1571 2247 1662 2299 τὸν

112 2340 331 2392 θάνατον
359 2338 444 2393 διά
471 2338 562 2391 τοῦ
587 2338 813 2407 ψεύδους
844 2339 1211 2409 ἐχαλκεύσατο
1231 2380 1246 2401 ,
1271 2340 1367 2393 καὶ
1391 2340 1531 2391 κατά
1551 2338 1661 2392 τῶν

112 2430 419 2500 σπλάγχνων
449 2430 732 2499 τοῦἋδάμ
756 2431 855 2500 τὴν
888 2430 1117 2499 φθορὰν,
1147 2432 1196 2484 εί
1224 2430 1298 2501 μὴ
1323 2432 1353 2484 6
1382 2430 1661 2498 παραδοὺς

112 2522 211 2589 μὲν
234 2521 321 2573 τὸν
364 2521 504 2588 ὅφιν,
539 2521 607 2574 δι’
640 2521 804 2574 αὑτοῦ
843 2522 901 2575 δὲ
928 2523 1017 2575 τὸν
1045 2522 1417 2592 θανατηφόρον
1458 2521 1535 2573 ίὸν
1565 2522 1663 2587 τῆς

107 2615 189 2675 εἰς
210 2612 337 2665 Θεὸν
368 2611 714 2682 βλασςρημίας
743 2615 809 2683 τῇ
844 2614 1085 2680 γυναικὶ,
1112 2616 1206 2666 καὶ
1233 2613 1324 2666 διὰ
1352 2610 1556 2682 ταύτης
1586 2611 1665 2679 τῷ

118 2705 289 2771 ’Δδάμ
311 2705 681 2774 κερααάμενος
704 2720 719 2768 ;

191 2794 283 2847 Ἐκ
329 2794 532 2846 τούτων
573 2789 668 2847 οὖν
723 2794 975 2848 ἀπάντων
1023 2796 1120 2847 καὶ
1166 2796 1369 2866 ἑτέρων
1411 2795 1666 2849 τοιούτων

100 2886 375 2938 δείκνυται
404 2886 534 2957 περὶ
562 2886 655 2939 τοῦ
678 2887 925 2941 διαϐόλου
947 2889 1040 2940 τὸν
1068 2889 1336 2958 σωτήριον
1360 2888 1666 2958 διαλαμϐά-

97 2995 217 3029 νειν
254 2977 430 3044 λόγον.
481 2979 573 3030 καὶ
614 2978 804 3031 τοῦτον
850 2980 1068 3047 Πατέρα
1111 2980 1504 3049 κατονομάζειν
1556 2978 1667 3031 τῶν

94 3068 433 3137 ἀγνωμόνων
472 3068 763 3124 Ἰουδαίων.
811 3070 921 3123 Καὶ
959 3071 1070 3139 γάρ
1106 3072 1349 3124 κάκεῖνοι
1395 3072 1489 3124 τὸν
1534 3072 1667 3123 Θεὸν

93 3159 509 3229 ἐφιλοτιμοῦντο
554 3163 769 3232 πατέρα
817 3162 1022 3225 καλεῖν,
1052 3165 1146 3215 καὶ
1186 3164 1267 3225 εἰς
1310 3164 1459 3225 υίοὺς
1500 3160 1667 3216 αὑτοῦ

91 3251 527 3319 καταλέγεσθαι.
573 3255 667 3318 Είς
698 3254 792 3307 δύο
820 3254 877 3307 δὲ
906 3254 1100 3324 μοίρας
1150 3255 1388 3327 μερίζων
1421 3258 1449 3308 6
1478 3256 1670 3324 Σωτὴρ

86 3342 192 3394 τὸν
244 3343 487 3412 παρόντα
535 3344 715 3412 λόγον,
747 3346 1048 3414 συμπλέκει
1098 3345 1198 3414 μὲν
1227 3346 1390 3399 πάλιν
1427 3347 1672 3416 ἑκατέρῳ

1759 1991 1880 2029 sum
1910 1976 2182 2029 diabolum
2211 1975 2495 2040 referetur,
2528 1978 2621 2047 qui
2651 1979 2835 2048 lingua
2899 1993 2999 2031 sua
3052 1978 3328 2030 Adamuui

1758 2069 2067 2137 eparadiso
2116 2068 2293 2137 eiecit,
2350 2071 2623 2139 mortique
2653 2079 2709 2124 et
2761 2070 3018 2136 perniciei
3079 2069 3332 2136 pararius

1759 2160 2005 2215 exstitit?
2036 2159 2179 2215 Deus
2226 2160 2371 2215 enim
2436 2171 2663 2216 mortem
2704 2178 2812 2215 non
2872 2161 3118 2216 condidit
3158 2175 3334 2227 neque

1761 2252 2061 2307 viventium
2086 2252 2328 2320 pernicie
2391 2252 2713 2307 delectatur.
2772 2250 2909 2318 Quis
2959 2261 3139 2305 autem
3189 2251 3332 2304 alius

1761 2353 1991 2398 mortem
2018 2358 2115 2411 per
2169 2342 2508 2397 mendacium
2564 2340 2873 2403 fabricavit,
2928 2338 3335 2408 perniciemque

1760 2434 2067 2489 visceribus
2099 2434 2286 2488 Adami
2314 2434 2515 2497 attulit,
2567 2433 2670 2487 nisi
2704 2434 2771 2496 is,
2801 2430 2895 2500 qui
2948 2438 3168 2499 sumpto
3226 2443 3337 2482 ser-

1762 2525 1938 2595 pentis
1969 2525 2177 2589 habitu,
2220 2540 2317 2593 per
2363 2526 2540 2592 ipsum
2597 2524 2749 2577 illum
2806 2521 3154 2576 mortiferum
3217 2519 3341 2573 bla-

1763 2618 2040 2687 splieniia,
2056 2619 2109 2671 in
2125 2616 2293 2672 Deum
2310 2617 2589 2686 conjecta,
2606 2630 2869 2670 venenum
2887 2615 3123 2684 primum
3148 2610 3333 2675 uxori,

1763 2708 1959 2763 deinde
1986 2724 2080 2777 per
2101 2724 2222 2762 eam
2254 2709 2462 2763 Adamo
2490 2707 2749 2763 miscuit?

1835 2803 1912 2856 Ex
1943 2802 2029 2856 liis
2059 2802 2241 2869 itaque
2266 2802 2521 2855 omnibus
2547 2801 2775 2867 aliisque
2812 2796 3106 2859 similibus,
3158 2808 3337 2863 appao

1766 2902 1849 2947 ret
1882 2891 2182 2946 Salvatoris
2214 2891 2384 2944 nostri
2425 2892 2586 2945 verba
2648 2890 2715 2943 de
2752 2888 2973 2941 diabolo
3016 2885 3196 2954 accipi
3236 2886 3334 2937 de-

1766 2982 1911 3039 bere.
1950 2995 2185 3049 eumque
2232 2980 2372 3033 male
2418 2979 2732 3033 feriatorum
2776 2976 3085 3032 Judzeorum
3126 2984 3335 3043 patrem

1768 3072 2048 3141 appellari.
2077 3069 2210 3124 Nam
2231 3081 2286 3126 et
2313 3072 2387 3123 illi
2416 3069 2581 3123 Deum
2616 3077 2824 3139 patrem
2850 3082 3007 3123 suum
3042 3065 3343 3118 ambitiose

1772 3165 2054 3225 vocabant,
2086 3164 2335 3230 interque
2364 3162 2503 3216 ﬁlios
2533 3162 2652 3230 eius
2695 3160 2973 3214 numerari
3017 3156 3334 3226 cupiebant.

1771 3254 2012 3324 Cumque
2041 3254 2296 3307 Servator
2342 3267 2527 3309 noster
2553 3267 2861 3309 sermonem
2898 3251 3044 3304 Iiunc
3076 3266 3238 3304 suum
3281 3250 3339 3302 iu

1771 3349 1880 3402 duo
1910 3347 2153 3400 membra
2183 3346 2504 3415 distinguat,
2540 3345 2769 3397 alterum
2799 3343 2952 3395 alteri
2982 3342 3182 3395 deinde
3211 3354 3347 3393 con-

82 3434 384 3504 ὶκάτερον.
416 3436 529 3489 Νῦν
556 3438 657 3505 μὲν
688 3438 998 3505 προτάττων
1014 3440 1107 3491 τὸν
1124 3437 1389 3497 διάϐολον.
1421 3440 1515 3490 καὶ
1543 3438 1668 3489 ὐπο-

1776 3438 1959 3499 uectit,
1990 3450 2135 3490 nunc
2171 3434 2388 3504 quidem
2412 3434 2689 3487 diabolum
2729 3432 2931 3501 priore,
2962 3428 3186 3483 Judaros
3211 3443 3347 3481 vero

80 3526 314 3579 τάττων
341 3529 473 3590 τοὺς
524 3530 837 3593 Ἰουδαίους,
865 3530 960 3585 νῦν
987 3530 1044 3584 δὲ
1087 3530 1200 3599 ('25)
1249 3530 1668 3601 προκαταλέγων

1775 3530 2073 3600 posteriore
2137 3529 2256 3581 loco
2313 3526 2622 3590 collocaris;
2682 3537 2829 3577 nunc
2878 3532 3064 3575 autem
3124 3517 3350 3573 Judaeus

74 3616 225 3677 τοὺς
254 3614 546 3679 Ἰουδαίους
566 3660 581 3681 ,
612 3615 730 3670 εἶτα
753 3618 973 3685 ἐπάγων
999 3619 1089 3670 τὸν
1115 3617 1382 3672 διάϐολον.
1425 3617 1516 3669 Διὸ
1546 3617 1668 3685 περὶ

1779 3636 2119 3691 praeponens,
2154 3617 2431 3673 diabolum
2472 3630 2600 3670 vero
2643 3614 3004 3681 subjungens.
3043 3608 3340 3677 Propterea

74 3708 189 3760 τοῦ
238 3708 494 3761 διαϐόλου
542 3710 933 3779 προδιαλαϐὼν,
966 3710 1065 3762 καὶ
1100 3711 1164 3763 ὲκ
1205 3711 1305 3778 τῆς
1348 3710 1457 3762 τῶν
1497 3710 1668 3777 ἔργων

1778 3725 1898 3764 eum
1930 3708 1998 3763 de
2030 3707 2248 3761 diabolo
2278 3714 2436 3759 antea
2480 3704 2835 3757 disseruisset
2872 3710 2924 3754 et
2959 3714 3024 3751 ex
3060 3698 3345 3751 actionum

74 3798 432 3864 συγγενείας
478 3800 573 3851 καὶ
624 3800 941 3869 ὁμοιότητος
990 3800 1169 3865 δείξας
1214 3800 1341 3862 τοὺς
1395 3798 1668 3860 Ἰουδαίους

1778 3801 2155 3855 convenientia
2187 3808 2241 3853 et
2264 3798 2525 3851 alliuitate
2556 3793 2776 3849 Iudaeos
2805 3791 2876 3845 Pa
2889 3802 3027 3845 trem
3073 3789 3224 3843 illum
3252 3787 3351 3841 ha-

69 3890 321 3960 πατέρα
368 3889 516 3960 ἔχειν
557 3892 739 3950 αὐτὸν,
791 3892 1106 3962 μεταϐαίνει
1147 3892 1309 3945 πάλιν
1350 3892 1440 3945 ἐπ’
1483 3893 1668 3956 αὐτοὺς

1779 3893 1908 3948 here
1928 3892 2277 3953 ostendisset,
2306 3904 2433 3943 mox
2468 3888 2537 3943 ad
2580 3885 2799 3941 Iudaeos
2843 3884 2992 3952 ipsos
3033 3884 3350 3943 revertitur,

63 3983 222 4043 τοὺς
268 3965 599 4044 Ἰουδαίουςί
626 3983 693 4036 δι’
720 3977 798 4036 ὧν
827 3987 921 4036 καὶ
954 3986 985 4051 ἡ
1016 3984 1111 4052 ὅλη
1141 3982 1236 4036 τοῦ
1265 3983 1424 4050 λόγου
1460 3984 1668 4051 γέγονεν

1783 3997 1813 4035 a
1845 3981 2046 4051 quibus
2067 3981 2247 4033 omnis
2266 3980 2355 4032 illa
2376 3987 2499 4031 nata
2530 3985 2648 4029 erat
2666 3974 2985 4043 disputatio.
3012 3972 3104 4023 Ait
3131 3971 3351 4036 itaque:

60 4084 98 4121 ε
113 4066 350 4133 ίαϐολή.
369 4067 477 4119 Καί
504 4084 689 4138 φησιν’
714 4071 884 4123 Ὀταν
903 4072 931 4122 6
964 4069 1215 4133 Ἰουδαῖος
1235 4071 1296 4123 τὸ
1310 4070 1504 4139 ψεῦδος
1525 4071 1668 4142 λαλῇ.

1790 4072 2019 4139 Quando
2037 4069 2259 4125 ludens
2282 4068 2622 4123 mendacium
2651 4064 2877 4135 profert.
2895 4064 3038 4118 sicut
3064 4077 3181 4126 vos,
3208 4076 3356 4115 nunc

59 4156 298 4225 ὥσπερ
334 4157 435 4207 καὶ
471 4157 628 4223 ὑμεῖς
676 4158 793 4209 νυνὶ
842 4157 1123 4223 λέγοντεςο
1176 4176 1195 4207 ι
1226 4158 1445 4226 Πατέρα
1486 4158 1668 4227 ἒχομει

1784 4165 2002 4235 quidem
2018 4162 2281 4222 dicentes.
2305 4178 2323 4210 ι
2347 4157 2559 4213 Patrem
2584 4159 2843 4212 habemus
2860 4156 3049 4217 Deum,
3070 4153 3100 4205 ἰ
3126 4163 3201 4212 et,
3226 4167 3354 4221 ipa-

60 4244 187 4295 τὸν
215 4243 387 4307 Θεὸν,
416 4261 436 4294 ι
466 4244 579 4307 καὶ,
614 4262 633 4295 ι
661 4244 877 4315 πατέρα
900 4244 1094 4315 ιχομεν
1115 4245 1207 4297 τὸν
1253 4244 1521 4316 Ἁϐραάμ,
1561 4265 1579 4297 ι
1620 4250 1668 4300 ἐι

1787 4266 1924 4312 trem
1962 4256 2224 4310 habemus
2254 4252 2620 4306 Abrahamum
2653 4252 2699 4312 ',
2733 4268 2751 4300 ι
2790 4249 2858 4303 de
2906 4246 3143 4317 propriis
3175 4244 3358 4313 loqui-

54 4338 203 4391 τῶν
245 4338 407 4390 ίδίων
435 4338 607 4392 λαλεῖ.
655 4340 946 4393 Τυυτέατιν
974 4341 1083 4392 ἀπὺ
1125 4340 1333 4404 κοιλίας
1365 4344 1561 4408 φωνεῖ,
1593 4342 1668 4395 κα⁴

1790 4359 1899 4415 tur,
1936 4349 2045 4403 hoc
2068 4359 2172 4412 est,
2190 4362 2256 4403 ex
2280 4355 2468 4401 ventre
2493 4359 2616 4408 suo,
2640 4358 2748 4396 non
2779 4352 2961 4395 autem
2991 4355 3058 4394 ex
3084 4337 3357 4392 sententia

54 4432 193 4482 οὐκ
230 4431 306 4481 ἐκ
336 4429 450 4481 τῶν
488 4431 773 4500 χριμάτων
808 4430 903 4483 τοῦ
948 4431 1280 4500 Πνεύματος.
1314 4434 1434 4485 "Uti.
1466 4433 1523 4485 δὲ
1549 4431 1668 4501 ψεύε

1793 4438 2031 4508 Spiritus
2089 4438 2348 4505 loquitur.
2411 4434 2566 4500 Quod
2619 4446 2747 4485 vero
2818 4431 2983 4484 homo
3037 4425 3353 4496 huiusmodi

54 4538 230 4587 στης
258 4522 392 4573 ἐστὶ
409 4562 425 4585 ,
459 4524 554 4574 καὶ
574 4522 633 4585 ιξ
653 4517 727 4575 ὦν
755 4521 915 4585 αὐτὸς
938 4521 1317 4587 ἀλαζονεύεται
1335 4566 1350 4588 ,
1381 4522 1655 4576 δείκνυται

1759 4531 2028 4585 lmendax
2063 4532 2153 4591 sit,
2184 4540 2298 4581 tum
2336 4542 2403 4581 ex
2446 4526 2553 4579 illis
2594 4530 2839 4592 apparet,
2884 4522 2952 4574 de
2994 4521 3196 4589 quibus
3238 4518 3361 4588 glo-

54 4614 186 4665 καὶ
220 4611 294 4677 ἐξ
333 4604 415 4664 ὧν
437 4612 590 4666 ἔθετο
622 4614 802 4682 ἑαυτῷ
828 4617 1043 4684 πατέρα
1074 4615 1161 4667 διά
1183 4616 1279 4685 τῆς
1301 4616 1411 4668 τῶν
1436 4616 1668 4686 πράξεω·

1785 4623 1978 4684 tiatur,
2008 4632 2122 4675 tum
2149 4637 2218 4675 ex
2247 4620 2370 4673 istis
2404 4618 2548 4673 clare
2585 4614 2932 4683 intelligitur.
2958 4626 3056 4681 per
3082 4626 3231 4681 quae.
3274 4610 3354 4664 si-

54 4702 438 4769 ὒμοιότητος
461 4741 479 4764 ,
505 4705 818 4772 περιφανῶς
837 4706 1229 4759 ἀναδείκνυται.
1264 4707 1353 4759 Διὸ
1380 4707 1472 4759 καί
1503 4723 1666 4775 φησιν

1789 4712 2009 4766 milibus
2037 4712 2199 4765 rebus
2230 4708 2572 4778 perpetratis.
2611 4705 2819 4757 Patrem
2853 4702 2956 4758 sibi
2995 4703 3112 4770 ipse
3138 4700 3361 4754 ascivit.

54 4796 288 4845 "Otav
330 4792 366 4844 6
410 4793 661 4857 Ἰουδαῖος
686 4795 747 4847 τὸ
775 4795 971 4864 ψεῦδος
1004 4796 1168 4865 λαλῇ,
1196 4798 1278 4850 ὃτι
1312 4797 1551 4868 ψεύστης
1579 4801 1668 4850 ἐστ

1787 4800 2077 4870 Propterea
2103 4800 2179 4853 ait
2208 4818 2220 4852 :
2256 4798 2693 4868 quandocunque
2736 4791 2955 4847 Iudaeus
3003 4792 3355 4845 mendacium

54 4887 179 4941 ea}.
229 4887 458 4950 αὐτὸς.
490 4890 586 4942 καὶ
630 4890 659 4940 ό
704 4890 887 4959 πατὴρ
928 4889 1115 4945 αὑτοῦ.
1168 4893 1265 4945 Ὃν
1300 4894 1329 4945 6
1356 4892 1581 4960 Σωτὴρ,
1620 4891 1666 4942 ὠ

1792 4892 2057 4960 loquitur,
2087 4900 2143 4945 et
2188 4892 2304 4959 ipse
2332 4888 2565 4943 mendax
2598 4897 2683 4942 est
2706 4926 2722 4951 ,
2761 4894 2815 4940 et
2852 4894 3009 4953 pater
3030 4885 3169 4949 ejus.
3208 4883 3365 4937 Illum

54 4979 383 5041 πολλάκις
413 4979 625 5050 είρηται
648 5020 664 5044 ,
689 4981 781 5034 τὸν
810 4981 1054 5035 διάϐολον
1092 4984 1185 5035 καὶ
1211 4984 1311 5036 οὐκ
1341 4983 1499 5037 ἀλλον
1531 4976 1668 5036 εἶναι

1791 4983 1937 5035 enim
1968 4981 2243 5046 Servator,
2271 4980 2419 5050 quod
2451 4979 2653 5048 sapius
2680 4978 3021 5033 admonitum
3045 4984 3151 5031 est.
3180 4975 3367 5028 diabo-

54 5071 181 5125 εαὶ
219 5068 593 5140 ἀπεφήνατο,
616 5072 709 5124 καὶ
734 5073 1137 5144 κατωνόμασεν.

1797 5072 1932 5136 lum,
1964 5086 2070 5125 nou
2101 5080 2283 5126 autem
2312 5071 2479 5125 alium
2508 5085 2633 5125 esse
2660 5076 2714 5125 et
2740 5078 2974 5124 testatus
3009 5076 3115 5132 est,
3170 5076 3226 5121 et
3265 5063 3370 5120 hoc

1799 5166 2017 5219 nomine
2040 5163 2350 5233 appellavit.

150 5336 177 5365 δ
207 5332 408 5389 Joan.
444 5350 542 5390 vut
574 5334 663 5391 ιι.
737 5343 760 5375 ³
787 5335 964 5393 Galat.
995 5349 1068 5398 tv,
1101 5336 1156 5390 ί.

1649 5507 1879 5565 more.

140 5687 301 5757 (Ἡ)
340 5696 432 5746 ιω
456 5687 608 5745 Colb.
640 5704 735 5759 pro
764 5685 1276 5754 ἐπαπωλιαζὰντων.

1868 5683 1981 5754 (‘35)
2012 5683 2107 5737 νῦν
2142 5682 2200 5736 δὲ
2231 5685 2352 5744 τους
2398 5679 2703 5742 Ἰουδαίους,
2732 5678 2891 5732 Colit.
