4162 6442
784 396 924 459 1043

783 606 923 668 Quid
957 617 1033 656 est
1075 601 1442 664 Nouilunium,
1471 605 1598 675 quid
1650 602 1937 668 Kalende,
1984 606 2110 675 quid
2145 605 2273 659 ldus
2301 617 2349 660 et

1383 674 1508 743 quid
1539 672 1750 729 Name?

1925 399 2193 464 PHOTII
2227 400 2732 463 PATRIARCHIE
2760 403 2872 466 CP.

857 506 1178 579 ρυιεδτιο
1211 509 1437 567 CCXLII
1481 509 1672 583 [CoisL
1716 512 1877 567 Taur.
1924 513 2277 586 LXXXVIII].
2375 526 2427 584 Α

3908 401 4014 466 Ῑῦίί

2967 519 3304 573 ΕΡΩΤΗΣῘΣ
3339 519 3514 574 ΣΜΒἎ

2467 607 2525 658 Τί
2545 606 2676 661 ἐστι
2703 610 3038 678 Νουμηνιά,
3078 611 3174 664 καί
3204 613 3262 663 τί
3285 605 3613 680 Καλάνδαι,
3636 611 3736 666 καὶ
3769 611 3838 666 rl
3862 611 4015 676 Ειδσὲ,

3003 681 3102 734 καί
3126 683 3183 734 τι
3208 682 3466 747 No'rrat;

1757 787 1895 837 Nunc
1923 791 2132 852 primum
2163 789 2296 838 edita
2332 800 2480 850 opera
2513 790 2571 840 D.
2604 793 3028 855 Hergenroetber.

854 865 959 932 Qui
988 865 1356 922 Romanorum
1400 870 1632 941 imperio
1663 870 2085 928 dominabantur
2106 876 2352 944 qm-mﬁs

787 975 1029 1014 mensem
1069 961 1123 1014 in
1170 969 1280 1015 tres
1321 962 1638 1018 dividebant
1670 978 1882 1035 partes,
1925 972 1978 1020 e't
2014 968 2352 1020 novilunium

787 1052 1005 1119 quidem
1072 1052 1186 1107 sive
1249 1054 1391 1107 lunae
1443 1056 1657 1112 initium
1726 1059 1991 1113 vocabant
2047 1058 2353 1122 Kalendas,

788 1142 984 1196 deinde
1018 1157 1216 1197 nonam
1243 1146 1446 1200 mensis
1475 1146 1618 1201 diem
1651 1146 1852 1212 Nonas,
1881 1158 1934 1202 et
1962 1159 2216 1218 praeterea
2249 1159 2359 1203 ter—

792 1231 921 1284 tiam
953 1245 1161 1300 partem
1201 1234 1471 1287 vocabant
1493 1233 1637 1300 ldus,
1669 1235 1761 1304 qui
1791 1236 2008 1304 quidem
2034 1234 2240 1290 Graecis
2265 1236 2361 1289 im-

791 1321 901 1375 buti
937 1331 1092 1377 erant
1157 1323 1383 1385 litteris.
1422 1340 1454 1380 a
1492 1326 1637 1381 luna:
1688 1327 1854 1394 plena:
1905 1327 2085 1396 specie
2132 1327 2360 1398 (species

789 1415 934 1465 enim
964 1411 1167 1469 Graecis
1188 1423 1271 1469 est
1299 1411 1481 1480 είδοςὶ,
1514 1418 1745 1472 Romani
1787 1433 1916 1472 vero
1981 1420 2288 1474 sacerdotes
2331 1435 2362 1472 a

791 1506 1098 1571 sacriﬁcio,
1152 1508 1296 1576 quod
1366 1509 1472 1565 illis
1517 1511 1708 1565 diebus
1759 1511 2085 1579 peragebant
2123 1521 2364 1582 quotque

795 1595 986 1651 lilulim
1024 1601 1400 1666 nominabant,
1434 1618 1555 1671 quae
1587 1618 1689 1657 vox
1737 1603 2004 1673 signiﬁcat
2036 1605 2362 1660 sant-ilicium

792 1703 856 1742 ex
888 1690 1025 1744 albis
1053 1692 1264 1747 ovibus.
1303 1692 1536 1749 Possunt
1565 1711 1694 1750 vero
1721 1706 1775 1750 et
1811 1697 1929 1750 alia:
1965 1697 2148 1751 multae
2177 1697 2245 1752 de
2283 1698 2366 1751 IIIS

795 1777 1018 1831 vocibus
1065 1779 1116 1830 in
1172 1780 1412 1834 medium
1459 1783 1688 1852 proferri
1739 1784 2046 1838 artiﬁciosae
2092 1795 2146 1838 et
2194 1785 2368 1839 docta:

791 1870 1223 1936 observationes,
1271 1889 1392 1943 qua:
1427 1875 1620 1944 majori
1659 1876 1772 1931 otio
1796 1886 1960 1946 atque
1990 1878 2251 1933 industria
2285 1877 2368 1932 in-

793 1962 1057 2031 tligerent.

1189 2055 1514 2123 QII/ESTIO
1541 2057 1788 2112 ccxun
1820 2060 1954 2128 (εδ).

1106 2145 1180 2200 De
1227 2148 1407 2200 divina
1468 2159 1661 2201 natura
1715 2159 1764 2202 et
1817 2167 2058 2218 persona.

2398 2149 2444 2208 B

2524 879 2586 929 υί
2604 879 2889 949 Ῥωμαίων
2907 879 3149 952 (27)’γῆς
3165 879 3615 951 καθηγησάμενοι
3637 879 3880 932 ἕκαστον
3900 881 4018 947 μῆνα

2456 969 2534 1030 είς
2563 971 2709 1039 τρεῖς
2749 971 2975 1042 μερίδας
2999 969 3277 1041 ἐμέριζον,
3315 972 3412 1024 καὶ
3435 971 3536 1040 τὴν
3579 970 3679 1040 μὲν
3738 973 4017 1038 νουμηνίαν

2459 1063 2577 1132 ἤτοι
2606 1063 2703 1132 τὴν
2739 1064 3076 1133 άρχιμηνίαν
3110 1064 3343 1118 ἐκάλουν
3362 1062 3651 1127 καλάνδας·
3691 1063 3843 1133 μετὰ
3873 1062 4020 1115 ταῦτα

2458 1154 2515 1205 δὲ
2548 1153 2646 1224 τὴν
2685 1154 2914 1224 ὲννάτην
2938 1155 3034 1209 τοῦ
3066 1155 3238 1226 μηνὸς
3265 1156 3499 1210 ἐκάλουν
3524 1157 3735 1219 νόννας,
3778 1156 3884 1207 καὶ
3911 1154 4020 1224 aps;

2460 1247 2672 1308 τούτοις
2723 1246 2804 1298 ἔτι
2840 1246 2942 1316 τὴν
2983 1245 3179 1317 τρίτην
3219 1249 3417 1318 μοῖραν
3469 1246 3698 1300 ἐκάλουν
3739 1244 3939 1306 είεοὺς,
3984 1247 4020 1295 oi

2465 1334 2563 1403 μὲν
2610 1332 2979 1404 ἑλληνίζοντες
3035 1333 3144 1386 άπὸ
3187 1333 3283 1386 τοῦ
3333 1331 3679 1403 πλησιφαοῦς
3725 1332 3906 1392 εἴδους
3944 1332 4022 1397 τῆς

2464 1421 2716 1490 σελήνης,
2779 1422 2832 1474 oi.
2875 1421 2933 1474 δὲ
2980 1420 3091 1473 τῶν
3140 1420 3441 1488 Ῥωμαίων,
3485 1421 3650 1489 lapsi;
3701 1419 3814 1471 ἀπὸ
3847 1417 3940 1487 τῆς
3979 1419 4023 1467 ἐν

2462 1513 2647 1574 αὐτοῖς
2675 1510 3017 1583 ἱερουργίας,
3069 1512 3136 1580 ἥν
3162 1510 3392 1564 erant)?“
3429 1510 3660 1563 ἐκάλουν
3702 1507 3806 1578 τὴν
3845 1509 3908 1559 ἐκ
3928 1506 4026 1557 λευο

2465 1603 2578 1654 κῶν
2610 1603 2899 1672 προϐάτων
2934 1601 3126 1655 θυσίαν
3183 1602 3557 1672 σημαίνουσαν
3608 1617 3624 1632 ο
3689 1601 3784 1653 καὶ
3811 1599 3946 1667 άλλη
3983 1599 4028 1649 δὲ

2469 1695 2635 1764 πολλή
2703 1696 2820 1746 ἐστι
2870 1694 2999 1764 περὶ
3049 1691 3217 1747 αὐτοῦ
3282 1690 3622 1762 τεχνολογία,
3677 1692 3802 1760 ἥτις
3879 1691 4026 1743 δεῖται

2474 1789 2816 1860 μακροτέρας
2849 1787 3046 1858 σχολῆς
3071 1787 3168 1842 καὶ
3197 1785 3518 1856 ἐπιμελείας
3539 1784 3674 1855 (εδ).

2991 2054 3327 2108 ΕΡΩἸῊΣΙΣ
3359 2052 3529 2107 ΣΜΡ.

2651 2152 2787 2219 Περὶ
2823 2151 2986 2216 θείας
3041 2150 3282 2218 φύσεως
3315 2147 3415 2199 καὶ
3454 2142 3877 2206 ὑποστάσεως.

793 2231 931 2284 Nunc
960 2237 1169 2298 primum
1199 2237 1331 2286 edita
1367 2253 1393 2287 a
1433 2240 1494 2289 D.
1528 2238 1950 2300 Hergenroether.
1983 2267 2043 2278 —
2074 2244 2354 2305 Dogmatica
2386 2253 2556 2296 contra
2594 2241 2960 2304 Monophysitas
2999 2255 3061 2290 ex
3095 2241 3266 2301 Cyrilli
3295 2236 3621 2289 Alexandrini
3667 2233 3846 2285 verbis
3875 2237 4027 2298 dogma

2028 2306 2380 2357 catholicorum
2417 2313 2780 2370 tmpugnantes.

865 2381 980 2438 Una
1021 2396 1215 2442 natura
1245 2387 1406 2443 Verbi
1441 2388 1726 2444 incarnata
1760 2405 1923 2445 unam
1951 2392 2168 2462 quidem
2196 2395 2372 2450 solam

790 2477 1114 2531 sententiam
1149 2493 1341 2547 puram
1386 2478 1603 2549 praefert
1648 2482 1763 2536 sive
1817 2481 1871 2536 in
1920 2497 2090 2536 unum
2119 2485 2375 2541 convenit

791 2583 916 2620 cum
962 2568 1030 2622 iis
1067 2569 1161 2638 qui
1193 2570 1331 2624 duas
1361 2579 1586 2628 naturas
1621 2572 2051 2641 inseparabiliter
2077 2576 2372 2630 secundum

792 2676 1077 2728 personam
1109 2662 1290 2717 unitas
1318 2673 1582 2720 statuunt.
1611 2663 1776 2735 quue
1806 2674 1952 2736 patet
1979 2667 2197 2731 exinde,
2227 2670 2374 2738 quod

790 2755 1026 2825 Cyrillus
1054 2765 1282 2824 utraque
1311 2755 1566 2824 loquendi
1607 2755 1784 2811 forma
1819 2758 2014 2824 utitur,
2049 2775 2226 2830 neque
2258 2760 2372 2815 I'or-

796 2847 1004 2900 mulam
1058 2862 1167 2900 una
1227 2857 1418 2902 natura
1446 2847 1610 2903 Verbi
1655 2849 1923 2904 incarnati
1955 2851 2229 2922 rejiciens,
2279 2870 2375 2910 ne-

794 2953 903 3008 que
936 2953 1138 3007 negans
1173 2939 1311 2993 duas
1339 2949 1566 2994 naturas
1610 2940 2043 3010 inseparabiliter
2074 2944 2374 2998 secundum

796 3044 1087 3098 personam
1140 3030 1342 3085 unitas.
1379 3031 1497 3084 Non
1537 3033 1712 3086 solum
1740 3047 1867 3087 vero
1896 3034 2148 3104 Cyrillus,
2185 3037 2278 3090 sed
2321 3046 2376 3089 et

796 3124 1110 3192 quicunque
1159 3130 1283 3191 post
1343 3122 1496 3177 illum
1557 3138 1588 3177 a
1655 3132 1810 3192 parte
1853 3126 2114 3180 catholica
2169 3136 2375 3182 stantes

799 3214 952 3269 fuere
978 3214 1168 3282 agniti.
1192 3213 1341 3266 Nihil
1371 3229 1502 3269 vero
1532 3215 1756 3276 mirum.
1785 3216 1854 3279 si,
1880 3218 2130 3285 quamvis
2155 3219 2244 3272 illa
2272 3235 2374 3273 vox

799 3319 993 3373 puram
1025 3304 1417 3358 catholicorum
1470 3306 1796 3360 sententiam
1845 3305 2065 3370 indicet,
2105 3324 2259 3365 mens
2289 3321 2373 3365 ta-

801 3413 924 3451 men
949 3396 1200 3450 haeretica
1240 3396 1386 3449 illam
1422 3396 1487 3451 ad
1517 3397 1793 3466 propriam
1823 3412 2134 3468 perversam
2159 3402 2376 3469 opinio-

2555 2397 2618 2448 'H
2658 2398 2754 2464 μία
2781 2393 2944 2461 φύσις
2970 2391 3066 2444 τοῦ
3106 2390 3281 2456 Λόγου
3332 2385 3730 2457 σεσαρωμένη
3767 2385 3883 2452 (29)
3929 2386 4038 2451 μίαν

2478 2490 2576 2559 μὲν
2648 2487 2816 2557 μόνην
2885 2485 3124 2539 διάνοιαν
3184 2482 3431 2553 καθαρὰν
3485 2478 3878 2551 προϐάλλεται,
3936 2477 4033 2543 ἦτοι

2478 2582 2758 2650 συντρέχει
2810 2581 2922 2643 τοῖς
2981 2579 3074 2631 δύο
3137 2577 3329 2646 φύσεις
3383 2574 3671 2645 ήνωμένας
3725 2570 4033 2639 ἀχωρίστωξ

2475 2673 2608 2726 καθ’
2633 2673 2926 2724 ὑπόστασιν
2955 2666 3365 2738 δογματίζουσι.
3409 2665 3521 2718 Καὶ
3578 2661 3740 2716 τοῦτο
3793 2661 3948 2728 δῆλον
3990 2655 4036 2718 ἐξ

2473 2761 2547 2819 ὧν
2585 2785 2643 2818 τε
2681 2765 2945 2833 Κύριλλος
3002 2762 3239 2832 ἑκατέρᾳ
3293 2760 3561 2829 κέχρηται
3589 2757 3753 2824 λόγου
3790 2754 4035 2823 συνθήκῃ.

2479 2865 2615 2929 μήτε
2647 2859 2728 2924 τὸ,
2757 2857 2854 2927 μία
2884 2856 3046 2925 φύσις
3069 2854 3163 2907 τοῦ
3198 2853 3373 2917 Λόγου
3407 2851 3831 2920 σεσαρκωμένη.
3860 2864 4038 2915 mpet-

2474 2953 2756 3019 τούμενος,
2788 2951 2880 3002 καὶ
2902 2949 2961 3000 τὸ
2979 2947 3071 3000 δύο
3097 2945 3295 3014 φύσεις
3315 2943 3635 3012 ἁχωρίστως
3664 2941 3795 2994 καθ’
3819 2941 4036 2993 ὑπόστα-

2479 3061 2560 3093 σιν
2589 3040 2873 3110 ἡνωμένας
2901 3038 3000 3090 οὐκ
3020 3034 3183 3105 ἁρνού
3193 3051 3372 3104 μενος.
3394 3035 3468 3085 Οὐ
3492 3033 3653 3102 μόνον
3679 3031 3742 3083 δὲ
3767 3029 4038 3098 Κύριλλος.

2476 3134 2610 3186 ἀλλὰ
2664 3134 2756 3184 καὶ
2804 3131 2919 3183 ὅσοι
2979 3131 3098 3196 μετ’
3148 3129 3358 3181 ἐκεῖνον
3396 3125 3498 3193 τῆς
3547 3123 3811 3186 εὐσεϐοῦς
3843 3123 4040 3194 μερίδος

2476 3222 2844 3292 ἐγνώσθησαν.
2890 3219 3058 3272 Οὐδὲν
3091 3217 3147 3269 δὲ
3196 3214 3535 3284 θαυμαστὸν,
3583 3215 3636 3268 εί
3675 3213 3930 3283 καθαρὰν
3960 3211 4038 3277 δη-

2473 3315 2672 3385 λούσης
2702 3314 2797 3381 τὴν
2826 3311 3109 3364 εὑσέὃειαν
3139 3308 3241 3377 τῆς
3271 3307 3456 3376 φωνῆς
3507 3307 3536 3358 6
3568 3303 3911 3373 αίρεσιώτης
3938 3300 4042 3362 νοῦς

2476 3410 2614 3477 πρὸς
2658 3407 2756 3475 τὴν
2795 3405 3002 3457 οἰκείαν
3033 3401 3241 3467 ταύτην
3297 3397 3690 3468 αίχμαλωτίζει
3746 3396 4039 3449 κακόνοιαν.

805 3506 928 3544 nem
976 3489 1281 3555 detorquet.
1326 3487 1538 3540 Etenim
1586 3496 1640 3541 et
1672 3489 1807 3543 alias
1834 3504 2019 3544 sacras
2051 3505 2213 3547 voces
2250 3509 2375 3562 per-

2480 3500 2588 3552 Καὶ
2615 3499 2723 3566 γὰρ
2752 3497 2850 3550 καὶ
2883 3494 3049 3556 άλλας
3079 3493 3231 3562 ἱερὰς
3266 3494 3452 3560 φωνὰς
3479 3488 3834 3558 διαστρέφειν
3866 3489 3925 3539 τέ
3953 3489 4037 3537 εἰσι

803 3589 1015 3636 vertere
1054 3579 1256 3634 audent
1299 3579 1354 3632 lti
1406 3578 1500 3647 qui
1549 3581 1759 3634 malunt
1795 3596 1959 3649 prave
2006 3598 2168 3652 agere
2210 3601 2373 3654 quam

2479 3591 2695 3661 θρασεῖς
2723 3591 2771 3641 οί
2798 3588 2860 3640 τὸ
2891 3587 3224 3654 κακουργεῖν
3241 3583 3347 3652 πρὸ
3364 3582 3457 3635 τοῦ
3489 3581 3784 3648 μανθάνειν
3813 3579 4043 3647 ἐμπροσ-

803 3674 1033 3728 tliscere.
1059 3671 1200 3726 Nihil
1231 3686 1359 3726 vero
1397 3672 1543 3726 aliud
1573 3672 1682 3738 isti,
1707 3675 2167 3742 quemadmodum
2199 3685 2253 3730 et
2281 3677 2375 3740 illi,

2485 3681 2575 3733 θεν
2624 3679 2849 3746 ἄγοντες
2873 3693 2890 3707 ο
2915 3677 3012 3730 καὶ
3038 3675 3194 3728 οὐδὲν
3232 3673 3403 3725 πλέον
3424 3671 3535 3724 οὐδ’
3561 3663 3710 3722 οὗτοι
3741 3669 3934 3735 ὥσπερ
3957 3667 4041 3719 οὐδ’

804 3765 1064 3826 eﬂiciunt.
1107 3763 1214 3818 nisi
1243 3763 1387 3833 quod
1427 3778 1646 3832 pravam
1692 3779 1848 3819 suam
1891 3767 2214 3820 sententiam
2261 3769 2384 3821 red-

806 3858 945 3912 dunt
969 3855 1330 3911 manifestam.
1360 3857 1440 3911 Ad
1467 3857 1570 3911 hoc
1598 3871 1729 3911 vero
1760 3857 2019 3926 improba;
2046 3873 2260 3924 eorum,
2290 3859 2384 3929 qui

808 3962 1015 4006 rectam
1053 3949 1377 4005 sententiam
1428 3950 1570 4004 haud
1627 3951 2050 4020 amplectuntur,
2106 3959 2387 4006 vertentur

812 4052 976 4105 artes,
1009 4050 1069 4095 ut
1114 4043 1197 4094 vel
1250 4040 1414 4095 Deum
1463 4039 1698 4096 Verbmn
1748 4041 1929 4111 specie
1974 4050 2134 4097 tenus
2162 4057 2381 4096 carnem

813 4144 1053 4197 gestasse
1079 4133 1452 4202 blasphemant
1497 4131 1918 4188 Manichaeorum
1966 4134 2258 4206 adinslar,
2299 4135 2384 4190 vel

815 4224 1050 4278 Verbum
1091 4226 1143 4279 in
1177 4240 1394 4279 carnem
1427 4235 1697 4280 mutatum
1732 4225 1813 4280 vel
1855 4226 2098 4295 corporis
2132 4235 2382 4282 naturam

815 4333 845 4370 a
899 4318 1104 4372 Deitate
1151 4318 1438 4382 invisibili,
1476 4318 1874 4387 supernaturali
1945 4327 2000 4373 et
2065 4319 2383 4388 incorporea

814 4409 984 4464 fuisse
1027 4411 1333 4476 alisorptam
1381 4410 1669 4464 aﬂirment.
1716 4409 1775 4465 Si
1815 4409 2003 4464 beatus
2051 4408 2285 4480 Cyrillus
2331 4419 2386 4465 et

815 4501 903 4553 alii
937 4501 1172 4554 sexcenti
1201 4515 1263 4553 ex
1296 4499 1548 4554 Patribus
1580 4515 1724 4568 saepe
1782 4509 2030 4554 naturam
2063 4515 2162 4570 pro
2207 4500 2381 4570 hypo-

816 4593 948 4646 stasi
980 4593 1271 4656 accipiunt,
1304 4608 1480 4662 neque
1512 4592 1655 4647 istud
1690 4593 1774 4646 bis
1801 4592 2386 4648 coniusionisauctori-

813 4682 917 4737 bus
943 4693 1025 4738 est
1051 4683 1402 4753 prohibitum,
1431 4684 1704 4750 quomodo
1742 4699 1850 4738 non
1878 4684 2030 4737 nobis
2065 4683 2385 4738 orthodoxis

813 4774 985 4829 risum
1009 4776 1320 4838 movebunt,
1351 4777 1480 4830 dum
1510 4774 1695 4847 Cyrilli
1724 4790 1910 4830 vocem
1946 4777 2231 4842 objiciunt,
2262 4791 2384 4847 quae

815 4883 980 4921 unam
1007 4877 1252 4921 naturam
1288 4865 1447 4922 Verbi
1481 4868 1817 4922 incarnatam
1849 4865 2120 4920 aﬂirmat‘.’
2151 4865 2208 4921 Si
2233 4873 2379 4922 enim

813 4959 996 5014 videre
1073 4960 1198 5013 licet
1265 4958 1452 5028 Cyrilli
1527 4957 1974 5012 consuetudinem
2063 4973 2206 5027 sa’pe
2282 4974 2382 5028 pro

817 5051 1092 5123 bypostasi
1131 5061 1381 5106 naturam
1428 5063 1756 5112 sumentem,
1790 5051 1970 5119 potius
1996 5050 2154 5104 nobis
2182 5064 2380 5105 conso-

817 5153 911 5198 nat
949 5160 1013 5199 ac
1038 5144 1379 5216 suffragatus,
1410 5159 1574 5213 quam
1618 5141 1901 5212 apostatis.
1939 5141 2191 5196 Nostrum
2233 5143 2380 5196 enim

818 5244 902 5290 est
929 5243 982 5288 et
1009 5236 1244 5306 cogitare
1287 5244 1342 5290 et
1388 5236 1569 5290 dicere
1615 5217 1789 5288 Unam
1837 5231 1995 5288 Verbi
2046 5232 2381 5287 incarnatam

2485 3774 2680 3826 ἐκεῖνοι
2713 3769 2854 3837 πλῆν
2876 3769 2969 3823 τοῦ
3005 3767 3185 3820 δοῦναι
3236 3766 3338 3835 τῆς
3395 3762 3794 3833 κακεργάτιδος
3841 3762 4044 3829 γνώμης

2485 3867 2702 3934 ἔλεγχον
2725 3862 3034 3928 ἐξανύουσι.
3057 3859 3537 3930 Περιτραπήσεται
3561 3855 3620 3909 δέ
3642 3855 3870 3913 πάντως
3887 3853 4045 3911 αὐτοὺς

2484 3961 2518 4030 ἡ
2549 3954 2873 4025 κακοτεχνία
2901 3955 2977 4024 μὴ
3006 3953 3104 4023 τὴν
3153 3949 3320 4020 ὀρθὴν
3353 3947 3764 4017 ἀσπαζομένοις
3795 3944 4045 3999 διάνοιαν.

2486 4049 2521 4119 ἡ
2570 4048 2628 4099 ἐν
2665 4044 2940 4114 φαντασίᾳ
2978 4041 3080 4111 τὴν
3121 4041 3301 4111 σάρκα
3329 4038 3557 4108 φορέσαι
3580 4037 3674 4090 τὸν
3713 4035 3852 4090 Θεὸν
3894 4034 4046 4097 Λόγον

2484 4140 2804 4208 δυσφημεῖν,
2845 4134 3034 4204 ὥσπερ
3089 4135 3139 4185 οἱ
3172 4132 3279 4185 ἀπο
3308 4129 3611 4190 Μανέντος,
3669 4126 3704 4196 ἢ
3758 4124 4047 4193 τετράφθαι

2483 4229 2574 4281 τὸν
2607 4228 2778 4293 Λόγον
2815 4226 2897 4287 εἰς
2928 4224 3127 4294 σάρκα.
3161 4220 3194 4291 ἢ
3230 4219 3366 4290 προς
3393 4219 3492 4289 τῆς
3519 4214 3838 4284 ἁναφανοῦς
3870 4232 3932 4267 τι
3965 4214 4042 4266 καὶ

2487 4319 2797 4389 ὑπερφυοῦς
2817 4316 2913 4368 καὶ
2939 4315 3235 4382 ἀσωμάτου
3270 4311 3526 4382 θεότητος
3552 4309 3654 4378 τὴν
3682 4305 3782 4360 τοῦ
3801 4307 4042 4374 σώματος

2486 4409 2858 4478 καταποθῆναι
2877 4407 3059 4476 φύσιν.
3080 4405 3254 4474 Εἰτὴν
3272 4402 3435 4470 φύσιν
3452 4405 3480 4454 6
3501 4401 3778 4471 μακάριος
3796 4396 4048 4465 Κύριλλος

2485 4505 2582 4558 καὶ
2596 4503 2778 4571 μυρίοι
2795 4500 2946 4554 ἄλλοι
2960 4498 3068 4552 τῶν
3086 4496 3344 4566 Πατίρων
3361 4494 3483 4548 ἀντὶ
3495 4491 3853 4550 ὑποστάσεως
3871 4487 4050 4541 mm.

2485 4613 2574 4655 κις
2588 4614 2664 4648 πα
2671 4593 2803 4666 ραλα
2811 4592 3016 4662 μὸάνου
3023 4605 3106 4642 σιν
3120 4588 3234 4658 (30)
3254 4586 3379 4638 οὐδὲ
3395 4583 3555 4637 τοῦτο
3579 4584 3692 4644 τοῖς
3717 4579 4048 4648 συγχυτικοίς

2486 4687 2877 4757 ἀπηγόρευται,
2919 4681 3036 4744 πῶς
3089 4680 3220 4749 ἡμῖν
3265 4679 3328 4730 οὐ
3354 4677 3638 4744 κινήσουσι
3685 4671 3912 4739 γέλωτα
3956 4670 4048 4725 τοῖς

2484 4777 2784 4849 ὀρθοδόξοις
2807 4776 2906 4844 τὴν
2935 4771 3029 4828 τοῦ
3073 4769 3347 4841 Κυρίλλου
3383 4765 3570 4836 φωνὴν
3599 4761 3946 4822 ἐπισείοντες
3969 4757 4047 4824 τὴν

2485 4871 2748 4938 λέγουσαν
2781 4866 2910 4938 μίαν
2940 4863 3102 4932 φύσιν
3136 4861 3231 4916 τοῦ
3263 4860 3439 4927 Λόγου
3481 4855 3961 4926 σεσαρκωμὲνην;
3998 4851 4046 4902 Εἰ

2487 4963 2594 5032 γὰρ
2635 4960 2785 5014 ἐστιν
2841 4959 2971 5012 ἰδεῖν
3017 4957 3118 5026 τὴν
3151 4953 3423 5024 Κυρίλλου
3478 4951 3774 5021 συνήθειαν
3840 4947 3937 5000 καὶ
3965 4945 4045 5010 τὴν

2487 5053 2648 5124 φύσιν
2677 5051 2936 5113 πολλάκις
2987 5050 3110 5102 ἀντὶ
3137 5048 3236 5116 τῆς
3293 5045 3646 5107 ὑποστάσεως
3697 5038 4049 5112 παραλαμεὰ-

2488 5162 2706 5211 νουσαν,
2738 5144 2872 5213 ἡμῖν
2906 5141 3112 5213 μᾶλλον
3142 5137 3559 5208 συμφθέγγεται
3589 5135 3623 5206 ἢ
3657 5135 3776 5197 τοῖς
3818 5130 4046 5186 ἀποστά-

2489 5251 2645 5300 ταις’
2705 5234 2968 5306 ἡμέτερον
3019 5230 3130 5303 γάρ
3178 5231 3298 5282 ἐστι
3359 5229 3454 5281 καὶ
3508 5227 3731 5297 φρονεῖν
3761 5227 3861 5277 καὶ
3890 5221 4046 5287 λέγω

2315 5345 2554 5403 ΝΟΤᾸΞ.

891 5442 1001 5510 (Ξθ)
1029 5439 1150 5495 Haec
1172 5441 1400 5509 qumstio
1435 5455 1535 5494 nec
1569 5440 1623 5495 in
1654 5439 1990 5495 Coisliniano
2017 5455 2117 5496 nec
2149 5441 2204 5495 in
2249 5439 2389 5495 Tau-

823 5512 1024 5566 rinensi
1057 5512 1242 5565 codice
1275 5521 1563 5578 reperitur.

894 5583 1005 5648 (27)
1036 5581 1186 5634 Fort.
1219 5581 1506 5648 Ῥωμαῖοι.

895 5653 1010 5722 (28)
1040 5652 1283 5713 Pltotius,
1313 5653 1406 5719 qui
1445 5668 1531 5707 res
1557 5651 1874 5705 Latinorum
1903 5667 2092 5716 parum
2130 5660 2388 5705 accurate

824 5723 999 5784 novit,
1027 5723 1113 5775 hic
1143 5725 1258 5789 ipse
1288 5722 1465 5774 innuit
1495 5738 1553 5776 se
1589 5722 1805 5776 nonnisi
1836 5723 2012 5774 obiter
2069 5739 2132 5774 ac
2167 5722 2388 5788 perluu-

823 5793 1260 5860 ctnriequmsito
1305 5792 1654 5846 satisfecisse.
1710 5791 1975 5845 Catternm
2039 5792 2218 5859 quoad
2273 5806 2385 5843 rem

827 5863 1018 5920 confer
1041 5880 1104 5918 ea
1125 5879 1245 5933 qua:
1267 5864 1509 5931 disputat
1535 5863 1819 5917 Balsamon
1853 5863 1904 5916 in
1935 5878 2195 5916 canonum
2221 5860 2383 5914 Trul-

2500 5442 2689 5495 Ianum
2726 5441 2796 5494 6‘2
2829 5436 3128 5509 (Beveregii
3163 5433 3420 5509 Pandect.
3447 5445 3643 5509 canon.
3672 5437 3720 5509 ξ.
3762 5427 3895 5509 l,__p.

2567 5512 2680 5577 (99)
2708 5497 3115 5576 IIac‘loquent'li
3161 5505 3333 5558 forma
3361 5501 3640 5577 utebatur
3668 5498 3918 5577 Cyrillus
3947 5497 4044 5577 Lit:

2491 5564 2581 5633 ad‘
2601 5564 2822 5649 Reginus
2849 5589 2902 5632 et
2917 5564 3050 5630 tum
3068 5575 3550 5649 ;ream_arripuere
3589 5564 3980 5637 Monophysitr
3995 5564 4044 5618 ad

2489 5669 2644 5705 simul
2672 5644 2929 5719 placitum
2961 5644 3402 5719 stabiliendgﬂ}._
3550 5709 3568 5719 _
3819 5708 3854 5719 ﬂ

2559 5708 2826 5788 (Sin'Vide
2857 5718 3146 5788 Petaviutn
3163 5715 3227 5767 de
3254 5713 3517 5788 trinitate
3549 5709 3610 5765 [ι.
3635 5708 3722 5774 IV,
3749 5724 3796 5762 c.
3817 5708 3880 5772 9.,
3903 5724 3955 5760 ιι.
3978 5708 4044 5768 Ξῖ),

2490 5783 2588 5858 II‘;
2619 5791 2692 5846 De
2722 5789 2991 5845 Incarnat.
3027 5785 3088 5842 ί».
3115 5784 3152 5840 II
3186 5801 3237 5840 c.
3273 5785 3326 5846 5,
3349 5799 3406 5837 n.
3432 5783 3488 5836 '5.
