4162 6442
752 410 884 476 1047
1905 416 2170 477 ΡΠΟΤΙΙ
2202 415 2370 476 ΡΑΤῐ

2472 417 2705 477 ΒΕΗίΕ
2744 419 2854 481 CP.
3898 419 4030 483 1018

749 524 882 576 nihil
911 537 1124 587 eorum,
1171 536 1289 591 qua!
1314 521 1381 576 ad
1415 536 1617 589 corpus
1661 526 1949 592 pertinent.
1986 534 2066 582 vel
2108 543 2370 584 amove-r

2472 546 2514 578 ει
2564 530 2700 600 μήτε
2759 529 3144 596 καθέλκεσθαι,
3207 532 3342 602 μηδὲ
3396 531 3859 602 παρασύρεσθαι,
3919 531 4035 599 μηδ’

747 622 868 677 tur,
927 615 1012 668 vel
1052 614 1435 677 contemnitur,
1483 615 1631 667 nulla
1663 630 1793 668 vero
1833 618 1996 670 etiam
2042 633 2127 681 re,
2160 634 2321 688 quam

2472 624 2563 681 >.ως
2583 624 2638 672 ὲν
2660 623 2816 693 χρείᾳ
2843 622 3204 677 καθίστασθαι
3226 624 3353 688 τῶν,
3378 626 3478 676 ὅσα
3503 625 3907 694 σακρὸςφύσιε
3929 624 4034 684 (52)

749 706 997 774 corporis
1037 715 1230 758 natura
1266 704 1400 757 alias
1434 706 1706 773 postulat,
1745 706 1884 761 idem
1923 710 2159 778 amplius
2191 710 2332 763 indi-

2431 710 2732 778 ἐδούλευεν,
2807 715 2907 781 τῆς
2970 715 3079 767 τῶν
3146 715 3454 784 ἀσωμάτων
3524 716 3734 784 λήξεως
3807 714 4032 785 χαρίζε⁶

752 805 875 863 get;
911 795 961 849 id
1001 796 1217 864 quidem
1257 796 1416 849 nobis
1458 800 1848 852 commercium
1885 801 2215 854 conditionis
2244 818 2332 855 re-

2472 820 2519 854 at
2559 802 2662 872 τὴν
2701 804 3042 870 συγγένειαν,
3073 805 3214 857 ὥστε
3250 806 3476 867 είκότως
3513 806 3627 870 (33)
3665 807 3762 859 καὶ
3809 807 4039 873 ἰσάγγε-

756 904 876 941 rnm
909 888 1354 955 incorporearum
1386 887 1458 940 ita
1486 888 1731 957 largitur,
1762 899 1818 943 ut
1846 899 1899 943 et
1932 891 2137 944 similes
2168 906 2334 961 ange-

2472 911 2516 944 οι
2544 932 2559 955 ,
2615 894 2711 945 καὶ
2757 894 3041 964 κρείττους
3095 895 3321 949 ἐκείνων
3373 898 3634 967 ἐσόμεθα.
3675 898 3768 968 Τῷ
3806 899 3912 966 μὲν
3941 900 4038 968 τὴν

758 982 846 1043 Iis,
901 987 957 1034 et
998 978 1309 1048 superiores
1343 979 1407 1033 iis
1433 981 1552 1033 dem
1578 981 1750 1036 simus
1791 979 1980 1037 futuri.
2016 981 2338 1053 Superiores

2472 984 2600 1036 νύσιν
2652 985 2808 1054 ἡμῶν
2863 987 2922 1037 ὲν
2978 986 3054 1055 τῷ
3108 986 3472 1056 προσλαϐόντι
3532 989 3896 1058 ωνεδριάσαι
3957 990 4035 1056 τῷ

761 1073 980 1140 quidem
1032 1073 1175 1138 ideo,
1211 1073 1355 1142 quod
1403 1084 1594 1126 natura
1646 1085 1831 1129 nostra
1882 1092 1977 1146 per
2027 1093 2190 1139 eum,
2247 1077 2338 1145 qui

2472 1080 2636 1150 Ιατρὶ,
2699 1079 3000 1149 κρείττους.
3051 1079 3132 1149 Τῇ
3170 1080 3227 1132 δὲ
3282 1079 3619 1131 καθέκαστον
3674 1079 3847 1147 ἡμῶν
3895 1081 4039 1131 ἀπα-

760 1167 905 1221 illam
955 1167 1280 1233 assumpsit,
1325 1166 1481 1235 juxta
1532 1165 1744 1220 Patrem
1791 1169 2052 1222 collocata
2106 1177 2223 1233 est;
2271 1168 2338 1220 ad

2479 1172 2564 1242 είᾳ
2597 1171 2692 1223 καὶ
2718 1171 2997 1241 ἀφθαρσίᾳ
3047 1171 3139 1224 καὶ
3170 1171 3501 1240 σωματικῶν
3533 1171 3754 1222 πάντων
3789 1170 3894 1222 καὶ
3932 1185 4040 1220 πα-

762 1255 1174 1309 similitudincm
1226 1270 1355 1308 vero
1420 1257 1684 1309 mentium
1730 1257 2176 1322 incorporearum
2225 1271 2345 1324 per-

2472 1263 2554 1314 ιῶν
2581 1263 2676 1314 καὶ
2732 1263 3140 1332 σκιρτημάτων,
3190 1262 3284 1314 καὶ
3321 1261 3625 1329 ταχύτητος
3675 1259 4040 1326 ἀπηλλάχθαι

763 1346 944 1408 ducti;
1003 1353 1294 1413 postquam
1327 1345 1397 1398 ab
1472 1345 1756 1401 all‘ectibus
1809 1356 1864 1400 et
1891 1345 2348 1415 corruptibililate

2472 1352 2741 1421 τροσύλου,
2771 1351 2871 1421 τὴν
2920 1351 3057 1418 πρὸς
3091 1352 3221 1413 τοὺς
3277 1348 3611 1419 ἀσωμάτους
3640 1349 3768 1411 νόας
3805 1348 4040 1416 ἰσότητα

766 1436 1054 1499 immunes,
1081 1445 1136 1489 et
1157 1451 1186 1490 a
1209 1435 1492 1504 corporeis
1522 1436 1921 1501 aﬂ'ectionibus,
1944 1436 2350 1505 petulantiaque

2472 1441 2866 1511 ίναδεδεγμένοι
2902 1441 3036 1510 (54).

765 1538 816 1579 et
851 1526 1214 1580 inconstantia
1237 1566 1253 1590 ,
1304 1526 1390 1581 cui
1449 1528 1730 1582 materiale
1761 1530 2014 1599 quodque
2054 1529 2348 1584 obnoxium

766 1628 870 1680 est,
899 1619 1052 1674 liberi
1079 1618 1377 1672 evasimus.

842 1709 939 1763 llic
984 1725 1114 1764 vero
1163 1711 1326 1764 etiam
1382 1711 1785 1766 observandum
1817 1721 1934 1778 est,
1980 1713 2160 1768 verbis
2210 1712 2352 1785 illis,

2537 1717 2926 1772 Ἐπισκεπτέον
2950 1715 3007 1768 δὲ
3029 1713 3112 1778 τὸ,
3131 1732 3151 1766 ι
3183 1714 3436 1766 Ἔσονται
3455 1711 3532 1774 ὡς
3587 1710 3819 1779 ἄγγελοι
3844 1711 4038 1775 Θξοῦ,ι

766 1819 792 1851 Α
833 1801 1000 1856 Erant
1051 1811 1111 1855 ut
1164 1802 1341 1872 angeli
1384 1801 1556 1869 Dei',
1597 1822 1616 1855 ι
1679 1819 1788 1857 non
1847 1804 2093 1858 eamdem
2148 1815 2357 1860 natura:

2472 1813 2518 1866 n3
2537 1811 2636 1882 τὴν
2657 1810 2926 1880 ἰσοτιμίαν
2948 1807 3206 1879 κηρύττει
3227 1805 3328 1874 τῆς
3348 1805 3588 1873 φύσεως,
3610 1805 3747 1857 ἀλλὰ
3770 1806 3842 1857 τὺ
3875 1806 4046 1874 μηδὲν

758 1892 1126 1961 dignitatem,
1184 1894 1280 1948 sed
1341 1893 1394 1947 id
1447 1894 1629 1960 potius
1683 1894 1943 1958 indicari,
2005 1895 2152 1965 quod
2214 1896 2347 1949 nihil

2472 1905 2713 1973 πάσχειν,
2731 1894 2806 1955 ὧν
2831 1900 3071 1970 ἔπασχον
3097 1899 3386 1970 πρότερον,
3407 1884 3709 1967 σαρκικῶν.
3730 1896 4045 1966 [lupa-alq-

759 1998 957 2038 ,eorum
979 2023 995 2049 ,
1024 1983 1223 2055 quibus
1257 1985 1311 2039 in
1351 1999 1517 2039 carne
1557 1985 1774 2039 fuerant
1801 1985 2058 2051 obnoxii,
2089 1988 2356 2056 imposne—

2472 1998 2592 2058 :iwc
2622 1996 2678 2048 δὲ
2708 1996 2807 2064 τῆς
2832 1995 2933 2062 ἀγτ
2947 1993 3134 2060 ελικῆς
3154 1992 3423 2054 ἀπαθείας
3476 1991 3570 2043 καὶ
3622 1990 3831 2052 αὐτοὺς
3881 1991 3944 2040 ὲν
3985 1993 4044 2057 τῇ

773 2092 891 2129 rum
918 2076 1094 2132 simus
1115 2078 1412 2146 experturi,
1451 2078 1709 2146 angelica:
1728 2092 1857 2131 vero
1891 2078 2204 2132 indolentia).
2230 2094 2356 2148 par-

2472 2087 2756 2141 ἀναστάσει
2786 2085 2896 2138 τῶν
2928 2083 3208 2154 σαρκικῶν
3246 2082 3706 2153 ἀπηλλαγμένους
3760 2080 4048 2133 πολιτεύε-

771 2167 963 2236 tieipes
991 2175 1045 2222 et
1081 2184 1111 2221 a
1132 2168 1482 2237 passionibus
1508 2168 2079 2237 cmporeisimmunes
2099 2169 2265 2221 vitam
2302 2169 2357 2223 in

2472 2177 2606 2239 σθαι,
2641 2176 2925 2245 κρείττους
2967 2175 3024 2227 δὲ
3079 2175 3176 2227 καὶ
3210 2172 3386 2235 ἄλλως
3420 2173 3694 2239 ἀγγέλων,
3735 2172 3825 2223 ὅτι
3892 2172 4048 2240 ἡμῶν

775 2260 1177 2314 resurrectione
1227 2258 1431 2323 acturi,
1474 2260 1726 2329 quamvis
1775 2259 1992 2313 interim
2045 2260 2254 2323 angelis
2293 2275 2359 2314 eo

2472 2267 2564 2336 μὲν
2589 2265 2993 2334 ὀλισθησάντων
3016 2263 3114 2334 τὴν
3169 2262 3334 2332 φύσιν
3363 2262 3627 2316 ἀνέλαϐεν
3674 2264 3705 2313 ό
3755 2262 3858 2314 τοῦ
3915 2263 4046 2314 Θεοῦ

763 2350 949 2407 :simus
976 2351 1305 2420 superiores,
1338 2352 1483 2421 quod
1522 2362 1764 2404 nostram
1796 2351 2069 2419 lapsorum
2106 2361 2355 2405 naturam

773 2442 867 2496 Dei
894 2441 1062 2496 Filius
1092 2444 1385 2512 assumpsit
1431 2453 1486 2498 et
1517 2444 1776 2506 redemit,
1823 2443 2040 2498 illorum
2085 2460 2216 2498 vero
2252 2461 2358 2500 non

778 2532 927 2584 item.
986 2532 1156 2602 Cujus
1193 2532 1411 2602 quidem
1461 2533 1541 2588 rei
1591 2534 1853 2586 rationem
1901 2535 1953 2588 in
1999 2549 2067 2589 eo
2116 2550 2360 2604 quzererc

781 2632 1015 2692 oportet,
1049 2626 1195 2693 quod
1222 2626 1297 2678 illi
1337 2626 1554 2696 quidem
1583 2641 1686 2680 nos
1718 2627 2073 2689 seduxerunt,
2105 2641 2206 2680 nos
2230 2641 2360 2680 vero

779 2715 992 2770 seducti
1042 2733 1271 2782 sumus;
1322 2719 1577 2786 quodque
1618 2718 1694 2772 illi
1750 2719 1930 2774 varias
1976 2719 2361 2788 praerogativas

780 2808 1111 2874 habuerunt,
1143 2826 1252 2879 quo
1276 2811 1457 2864 minus
1481 2823 1789 2878 peccarent,
1814 2812 2011 2880 quippe
2034 2810 2129 2881 qui
2154 2810 2328 2864 allecti
2347 2837 2363 2848 -

781 2900 882 2954 bus
909 2902 1094 2955 minus
1116 2911 1384 2971 paterent,
1427 2903 1493 2956 ad
1525 2901 1692 2956 Deum
1720 2916 1847 2956 vero
1881 2905 2106 2972 propius
2132 2903 2360 2957 accede-

784 3000 921 3054 rent,
954 3001 1008 3045 et
1036 3007 1262 3060 corpore
1300 2993 1534 3061 denique
1583 3003 1851 3047 carerent.
1891 2995 1972 3047 Ab
2005 2995 2173 3048 altera
2212 3003 2364 3063 parte

789 3084 948 3137 nobis
980 3085 1202 3152 quidam
1234 3086 1637 3138 miserationem
1666 3089 1838 3150 magis
1859 3085 2185 3148 conciliavit,
2215 3085 2360 3154 quod

786 3176 933 3230 vitiis
968 3177 1138 3246 magis
1179 3176 1522 3244 patebamus,
1553 3179 1878 3245 eorporique
1909 3176 2127 3230 obnoxii
2159 3185 2215 3230 et
2243 3177 2364 3229 alli-

2463 2361 2590 2421 Υίδς
2632 2362 2722 2412 καὶ
2751 2358 3087 2421 ἀνεσώσατο,
3116 2355 3343 2409 ἐκείνων
3370 2356 3427 2408 δὲ
3459 2355 3663 2408 οὐκέτι.
3699 2356 3812 2408 Καὶ
3862 2355 4048 2420 ζητεῖν

2459 2454 2541 2506 δεῖ
2571 2453 2670 2519 τὴν
2715 2450 2920 2512 αίτίαν,
2966 2450 3049 2501 ὅτι
3081 2449 3234 2501 αὐτοὶ
3289 2448 3389 2517 μὲν
3423 2446 3762 2514 ἑπλάνησαν,
3790 2449 3972 2516 ἡμεῖς
3997 2447 4047 2497 δὲ

2460 2543 2568 2596 τῶν
2595 2539 2997 2609 πλανηθέντων.
3055 2539 3165 2592 Καὶ
3193 2538 3275 2590 ὅτι
3309 2537 3463 2589 αὐτοὶ
3499 2537 3596 2606 μὲν
3631 2535 3840 2598 πολλὰς
3878 2537 4048 2605 ﬁeri?

2468 2637 2572 2707 μάς
2604 2629 2747 2701 εἶχον
2776 2631 2871 2684 τοῦ
2905 2631 2980 2701 μὴ
3009 2629 3410 2700 ἑξαμαρτῆσαι,
3438 2629 3500 2682 τὸ
3525 2627 3802 2689 δυσπειθές
3867 2646 3933 2681 τε
3965 2632 4050 2681 καὶ

2459 2729 2523 2782 τὸ
2552 2728 2870 2796 πλησιάζειν
2903 2727 3103 2796 μᾶλλον
3132 2725 3252 2795 Θεῷ
3294 2727 3388 2779 καὶ
3436 2726 3498 2778 τὸ
3542 2724 3871 2794 ἀσώματον.
3927 2725 4048 2784 τοῖς

2463 2820 2518 2873 δὲ
2549 2819 2722 2891 ῥοπὴν
2747 2819 2898 2869 ἐλέου
2931 2817 3163 2887 παρέχει
3191 2818 3289 2870 καὶ
3325 2815 3386 2868 τὸ
3414 2815 3822 2884 εὐπαθέστερον
3856 2816 3960 2866 καὶ
3981 2815 4048 2880 τῷ

2466 2913 2678 2981 σώματι
2714 2908 3076 2962 καθέλκεσθαί
3122 2925 3182 2960 τε
3249 2908 3344 2960 καὶ
3394 2905 3778 2966 συνδεδέσθαι,
3839 2906 3946 2956 καὶ
3997 2907 4048 2955 τὸ

2469 3001 2674 3072 μεῖζον,
2722 3001 2802 3054 ὅτι
2855 2999 2956 3052 οὐκ
3003 3000 3450 3066 ὲπιγεγέννηνται
3498 2997 3562 3048 ὲκ
3602 2993 3714 3047 τῶν
3769 2996 4049 3046 πεσόντων

2465 3093 2664 3161 ἕτεροι,
2699 3089 2765 3141 δι’
2791 3088 2885 3152 οὓς
2914 3091 2980 3141 ἂν
3004 3088 3096 3141 τὸν
3123 3087 3508 3157 φιλάνθρωπον
3533 3079 3722 3137 εἷλκεν
3753 3084 3816 3136 τδ
3848 3084 4047 3148 πτῶμα

2469 3183 2604 3252 πρὸς
2635 3180 2960 3234 ἕλεον.Ἀλλ’
2988 3179 3142 3232 αὐτοί
3171 3195 3235 3246 γε
3267 3179 3319 3230 οἱ
3355 3175 3704 3248 παραϐάντες
3729 3175 3834 3243 τὴν
3877 3173 4049 3241 παρὰ·

787 3269 893 3336 gali
921 3282 1178 3333 eramus;
1211 3277 1323 3321 tum
1355 3283 1483 3322 vero
1516 3268 1806 3337 imprimis,
1839 3268 1982 3336 quod
2011 3283 2075 3321 ex
2108 3268 2235 3328 illis,
2271 3268 2361 3336 qui

2472 3251 2625 3327 ϐασιν
2641 3272 2932 3336 διαπαντὸς
2961 3272 3183 3342 μένουσι
3211 3271 3550 3341 στέργοντες.
3578 3269 3701 3320 Ἔτι
3732 3267 3850 3320 οὐδ’
3870 3269 4050 3335 ὅμοιον

789 3361 924 3430 lapsi
950 3373 1126 3423 erant,
1158 3364 1295 3417 tales
1327 3378 1431 3417 non
1461 3363 1628 3432 geniti
1667 3372 1825 3428 sunt,
1857 3379 1953 3432 per
1986 3378 2124 3432 quos
2154 3360 2365 3415 Numen

789 3452 1242 3522 benignissimum
1271 3455 1339 3507 ad
1373 3455 1586 3506 veniam
1626 3453 1809 3522 lapsus
1844 3452 2147 3506 faciendam
2173 3452 2367 3506 adduci

792 3554 1017 3613 porerat.
1049 3544 1162 3599 lmo
1206 3559 1336 3600 vero
1364 3545 1464 3609 illi,
1509 3546 1602 3615 qui
1633 3545 1804 3614 legem
1838 3545 2192 3605 violaverant,
2219 3559 2370 3598 eam-

792 3634 917 3687 dcm
962 3633 1168 3687 violare
1221 3648 1438 3703 semper
1481 3643 1688 3688 amant.
1725 3635 1910 3688 'Porro
1942 3649 2120 3702 neque
2172 3636 2372 3689 similia

794 3738 970 3793 neque
997 3723 1175 3778 aﬂinia
1209 3733 1355 3789 sunt,
1381 3725 1700 3794 angelorum
1727 3735 1978 3779 naturam
2007 3736 2061 3779 et
2088 3726 2369 3780 hominum

794 3816 940 3870 illam
994 3830 1291 3870 assumere.
1344 3817 1483 3882 Quid
1535 3816 1681 3870 enim
1748 3817 1852 3871 hoc
1909 3817 2207 3886 profuisset
2268 3818 2373 3872 illis

793 3908 1038 3974 angelis,
1084 3906 1178 3976 qui
1210 3922 1317 3961 non
1354 3901 1518 3962 erant
1549 3907 1729 3977 lapsi?
1757 3906 1816 3961 Si
1859 3922 1982 3962 vero
2017 3909 2070 3962 in
2099 3909 2373 3978 lapsorum

795 3998 1024 4064 gratiam
1058 3997 1109 4050 id
1143 3997 1344 4052 factum
1379 4007 1542 4062 esset,
1573 4011 1772 4063 nonne,
1809 3997 1914 4052 hoc
1952 3997 2114 4062 facto,
2156 3998 2256 4060 illi,
2281 3999 2375 4068 qui

796 4088 936 4156 lapsi
964 4104 1071 4142 non
1119 4100 1274 4143 erant
1301 4091 1610 4154 deterioris,
1642 4104 1804 4159 quam
1852 4091 2007 4159 lapsi,
2047 4091 2376 4145 conditiOuis

798 4178 1064 4234 luissem?
1107 4177 1374 4234 Preterea
1411 4178 1646 4234 Verbum
1686 4180 2030 4235 incarnatum
2060 4192 2113 4235 et
2163 4182 2377 4236 virtutis

797 4283 852 4324 et
882 4273 1104 4340 pietatis
1145 4281 1406 4341 praecepta
1442 4287 1544 4326 nos
1576 4271 1781 4337 docuit,
1814 4287 1908 4341 per
1940 4288 2081 4342 quae,
2112 4273 2376 4342 siquidem

801 4370 891 4421 illa
931 4383 1025 4437 per
1048 4365 1275 4435 gratiam
1301 4367 1420 4428 ejus
1452 4365 1845 4430 observemus,
1884 4381 2073 4418 eorum
2104 4365 2381 4418 reddimur

801 4460 1112 4530 participes,
1139 4473 1259 4526 qua:
1291 4467 1550 4526 perpetua
1599 4456 1749 4523 regni
1778 4456 2041 4510 cwlorum
2096 4455 2381 4510 lnereditas

800 4564 1018 4618 sperare
1048 4549 1219 4615 jubet.
1253 4544 1372 4600 lam
1407 4561 1537 4600 vero
1568 4545 1880 4615 angelorum
1914 4555 2105 4598 natura
2135 4556 2190 4598 et
2217 4548 2384 4597 virtu-

805 4644 874 4695 tis
916 4651 969 4696 et
998 4641 1209 4710 pietatis
1246 4638 1438 4693 notitia
1493 4647 1610 4692 erat
1664 4639 1948 4692 instructa.
1989 4637 2218 4691 Virtutis
2260 4637 2380 4706 qui-

804 4734 949 4799 dem,
985 4748 1084 4788 ceu
1115 4747 1185 4784 ex
1216 4746 1282 4785 eo
1308 4738 1475 4800 patet,
1513 4731 1657 4798 quod
1705 4729 1976 4794 homines,
2015 4731 2084 4782 ab
2126 4729 2216 4782 illa
2250 4743 2380 4782 avo-

804 4835 976 4889 eatos,
1009 4825 1062 4879 in
1092 4823 1365 4878 contraria
1414 4823 1596 4875 omnia
1641 4820 1978 4890 pellexerunt
2009 4837 2022 4872 :
2062 4837 2161 4875 nec
2198 4821 2380 4876 minus

809 4919 1044 4987 pietatis.
1078 4917 1411 4986 Argumenta
1441 4922 1526 4968 est
1570 4914 1692 4978 ille,
1725 4913 1820 4983 qui
1851 4914 2152 4978 clamabat;
2193 4930 2213 4964 ι
2242 4911 2378 4966 Νονί

809 5022 884 5069 te,
914 5008 1037 5076 quis
1068 5009 1141 5061 sis
1175 5025 1187 5059 :
1217 5013 1442 5059 sanctus
1478 5001 1640 5068 Dei';
1683 5020 1701 5051 ι
1745 5011 1818 5066 et,
1856 5019 1875 5051 ι
1925 4997 2130 5055 Venisti
2163 5011 2222 5053 ut
2251 5008 2378 5055 ante

814 5116 1026 5171 Ie=npus
1058 5116 1156 5156 nos
1188 5101 1455 5170 amigeres
1469 5096 1508 5151 '.
1552 5115 1570 5148 ι
1602 5094 1921 5165 Cujusmodi
1947 5095 2228 5163 complura
2252 5095 2381 5150 alibi

810 5205 1043 5250 exstant.
1065 5195 1248 5263 Itaque
1279 5191 1541 5246 Dominus
1567 5189 1772 5244 frustra
1799 5188 2110 5257 angelorum
2131 5197 2382 5242 naturam

883 5291 901 5319 ⁷
929 5287 1122 5340 Matth.
1155 5300 1289 5350 χιιι,
1326 5284 1415 5337 50.

2469 3361 2577 3413 οὐδ’
2608 3362 2774 3427 ἐγγὺς
2813 3359 3060 3426 ἀγγέλων
3084 3376 3142 3411 τε
3178 3357 3392 3426 φύσεως
3413 3359 3505 3409 καὶ
3522 3355 3834 3426 ἀνθρώπιον
3867 3356 4050 3408 imi:-

2468 3451 2751 3508 ϐἐσθαι.Τί
2767 3451 2874 3521 γὰρ
2897 3450 2992 3502 καὶ
3014 3448 3222 3518 ὤνησεν
3243 3451 3368 3510 τοὺς
3394 3448 3456 3500 οὑ
3476 3447 3776 3511 πεσόνταςς
3799 3448 3857 3498 εί
3884 3447 3947 3499 δὲ
3975 3446 4051 3497 διὰ

2469 3551 2594 3609 τοὺς
2616 3542 2881 3602 πεσόντας
2903 3580 2919 3603 ,
2946 3539 3061 3602 πῶς
3073 3540 3135 3592 οὐ
3160 3538 3374 3610 χείρους
3392 3538 3441 3591 oi
3466 3538 3541 3608 μὴ
3567 3537 3932 3599 πεπτωκότες
3952 3538 4051 3587 τῶν

2471 3639 2836 3692 πεπτωκότων
2853 3632 2964 3706 (35)
2985 3633 3019 3704 ἢ
3032 3631 3188 3687 τοῦτο
3200 3635 3296 3684 ὲπε
3303 3629 3585 3700 ργαστίονς
3595 3629 3718 3681 Ἔτι
3745 3627 4050 3697 σαρκωθεὶς

2470 3736 2498 3787 ό
2521 3734 2687 3799 Λόγος
2711 3731 2781 3785 τά
2800 3747 2859 3783 τε
2879 3729 2980 3798 τῆς
3007 3726 3206 3798 ἀρετῆς
3230 3725 3324 3777 καὶ
3349 3723 3416 3774 τά
3429 3721 3530 3789 τῆς
3564 3719 3854 3783 εὐσεϐείας
3891 3721 4052 3789 μαθή-

2475 3843 2618 3896 ματα
2633 3825 2780 3893 ἡμᾶς
2810 3819 3209 3886 ὲξεπαίδευσεν,
3233 3816 3303 3869 δι’
3321 3808 3395 3867 ὧν
3417 3814 3548 3882 ἡμῖν
3575 3813 3804 3878 γέγονεν
3827 3814 3904 3880 τῇ
3935 3811 4050 3876 παρ’

2474 3915 2638 3971 αὐτοῦ
2667 3916 2849 3988 χάριτι
2877 3909 3280 3980 κατορθοῦντας
3312 3905 3449 3975 (56),
3479 3903 3515 3958 ἃ
3548 3903 3784 3956 ὑπέθετο
3811 3904 3921 3971 τῆς
3951 3902 4052 3953 τῶν

2475 4007 2718 4075 οὐρανῶν
2783 4002 3058 4074 βασιλείας
3108 3999 3385 4067 ἀδιάδοχος
3447 3993 3812 4064 κληρονομία.
3893 3993 3962 4045 Ἦ
4004 3993 4053 4042 δὲ

2478 4094 2742 4163 ἀγγελικὴ
2772 4092 2931 4162 φύσις
2959 4091 3053 4144 καὶ
3079 4091 3179 4159 τῆς
3218 4087 3420 4156 ἀρετῆς
3473 4086 3572 4137 καὶ
3613 4084 3711 4151 τῆς
3771 4082 4055 4141 εὐσεϐείας

2479 4180 2623 4252 εἶχεν
2644 4183 2742 4252 τὴν
2767 4180 2988 4250 γνῶσιν.
3021 4178 3154 4248 Τῆςζ
3187 4175 3287 4245 μὲν
3311 4173 3537 4244 ἀρετῆς,
3561 4169 3622 4236 ἐξ
3667 4164 3749 4225 ὧν
3801 4171 3938 4231 τοὺς
3973 4169 4054 4222 ὑπ’

2481 4276 2654 4345 αὐτῆς
2683 4274 2794 4345 (37)
2820 4269 3341 4339 ὑποσκελιζομένους
3366 4265 3501 4335 πρὸς
3527 4264 3795 4318 τάναντία
3838 4263 4054 4332 μεθεῦ

2480 4370 2577 4422 κέν
2599 4385 2657 4420 τε
2678 4367 2771 4420 καὶ
2787 4363 3167 4424 ὕπεδελέαζεν.
3193 4360 3305 4412 Καὶ
3325 4358 3423 4427 τῆς
3440 4355 3727 4418 εὐσεϐείας
3754 4355 3802 4406 δ’
3832 4355 4053 4424 ὁμοίως,

2482 4461 2577 4512 καὶ
2633 4456 2691 4524 ἐξ
2749 4449 2825 4509 ὧν
2877 4455 3049 4508 ἐϐόα·
3115 4472 3134 4504 ι
3169 4447 3300 4505 Οἶδά
3355 4465 3416 4502 σε
3467 4448 3550 4509 τίς
3583 4444 3672 4499 εἰ·
3703 4449 3737 4498 ὁ
3781 4446 3946 4512 ἆγιος
3972 4444 4054 4497 τοῦ

2486 4547 2642 4602 Θεοῦο
2671 4567 2690 4600 ι
2727 4548 2844 4609 καὶ,
2871 4566 2890 4598 ι
2919 4542 3123 4608 τΗλθιις
3153 4544 3262 4614 πρὸ
3289 4538 3485 4610 καιροῦ
3516 4537 3813 4607 βασανίσαι
3844 4539 4012 4606 ἡμᾶς·
4036 4555 4052 4585 ο

2488 4641 2580 4692 καί
2615 4637 2783 4706 μυρία
2814 4636 3143 4690 ἀλλα.Ὦστε
3195 4634 3277 4693 εἰς
3309 4630 3486 4700 μάτην
3511 4629 3686 4697 αὐτὴν
3716 4628 3836 4680 τῶν
3895 4625 4030 4691 ἀτγέ

2485 4731 2592 4783 λῶν
2617 4731 2893 4799 ὑπήρχετο
2910 4727 3090 4795 φύσιν.
3101 4725 3221 4777 Ἔτι
3241 4721 3539 4790 σαρκοῦται
3554 4723 3581 4773 ὁ
3592 4719 3921 4786 Λόγος,όδδν
3935 4719 4056 4786 ἡμῖν

2484 4813 2628 4874 δι’ὧν
2645 4819 2932 4888 ἔπραττεν,
2965 4815 3305 4878 ὑποδεικνὺς,
3320 4813 3387 4865 δι’
3415 4807 3484 4883 ἦς
3501 4813 3633 4880 ἡμῖν
3650 4811 3686 4879 η
3703 4813 3850 4880 πρὸς
3869 4809 3964 4860 τὸν
3987 4807 4055 4858 οὐ·

2488 4913 2646 4985 ρανὺν
2671 4911 2854 4971 ἀνοδος
2872 4907 3104 4980 πορισθή
3114 4923 3286 4960 σεται.
3300 4907 3427 4968 Τοῖς
3444 4905 3500 4957 δὲ
3519 4903 3744 4972 δαίμοσι
3771 4901 4053 4973 πρόκειται

2481 5006 2552 5060 τά
2571 5003 2806 5074 ὁμογενῆ
2824 5002 3079 5070 τάγματα
3104 4998 3206 5067 τῆς
3230 4996 3464 5068 ἀρχαίας
3476 4994 3780 5064 Hieron-.56
3797 4988 3874 5048 ὧν
3891 4991 4054 5062 πράτο

2484 5113 2658 5157 τουσι,
2681 5095 2781 5164 τὴν
2811 5092 3189 5162 μακαριότητα
3221 5085 3663 5160 προδεικνύοντα.
3681 5084 3829 5137 Ἀλλ’
3864 5084 4052 5136 inim:

2489 5188 2711 5258 γνώμης
2737 5184 2965 5254 ἀπονοίᾳ
2977 5182 3098 5235 οὕτε
3121 5181 3366 5245 ἕπονται,
3395 5177 3520 5232 οὔτε
3547 5177 3684 5248 πρὸς
3707 5175 3912 5238 αὐτοὺς
3939 5176 4049 5226 i=-

1554 5282 1573 5313 ⁷
1610 5279 1746 5335 Luc.
1780 5295 1855 5344 IV,
1886 5280 1976 5334 ὄις
2051 5279 2073 5310 ⁸
2106 5278 2294 5332 Matth.
2329 5295 2404 5340 It,
2438 5280 2529 5333 ‘29.

2323 5368 2553 5425 NOTAE.

887 5472 999 5542 (δί)
1038 5470 1144 5526 Pro
1199 5469 1362 5542 φύσις
1410 5466 1567 5542 (ῑοιιλ.
1615 5465 1798 5535 φύσιν.
1857 5462 2140 5542 Neutrum
2173 5472 2378 5542 rectum

820 5533 949 5614 puto
981 5533 992 5596 Ξ
1033 5533 1261 5614 legerint
1297 5540 1479 5614 φύσει.
1516 5533 1926 5614 Fortasse-vero
1957 5551 2054 5614 pro
2087 5533 2384 5613 εδού).ευεν,

817 5603 1291 5682 ἱμειεηιιιιιιῖιυοι-ἰι
1310 5603 1632 5675 ὶϐούλευεν,
1659 5605 1935 5661 suadebat.
1971 5603 2034 5657 Et
2064 5606 2143 5658 sic
2171 5604 2387 5656 retineri

818 5683 1197 5756 νυεξιιφρσις.

901 5742 1194 5822 (asiam:
1226 5750 1456 5812 εἰκότως
1478 5747 1640 5802 Coll).
1682 5762 1783 5822 pro
1806 5742 2252 5822 προστεθηκότω.

895 5813 1010 5890 {Si}
1065 5824 1143 5878 Ita
1192 5822 1388 5891 scripsi
1440 5835 1539 5889 pro
1588 5813 2053 5885 ἀναδεδειγειὶνοι,
2114 5830 2179 5869 ex
2234 5813 2398 5868 verbo

2482 5464 2836 5532 ἀναδέχομαι.

2556 5529 2677 5601 (ΒΞὀῖ
2709 5529 3011 5600 Lugendum
3042 5539 3171 5601 puto
3208 5529 3278 5580 εἰ.

2555 5591 2664 5672 (56)
2685 5591 2867 5657 Mal-im
2899 5591 3245 5670 κατορθοῦσι,
3278 5606 3335 5650 ιιι
3358 5595 3628 5650 referatur
3647 5594 3712 5649 ad
3731 5591 4048 5648 antecedens

2495 5677 2643 5743 ἡμῖν.

2567 5745 2678 5815 (37)
2708 5743 2877 5814 αὐτῆς
2907 5741 3058 5798 Culb.
3085 5756 3182 5810 pro
3209 5735 3424 5798 αὐτούς.
