4162 6442
102 446 235 513 1049

974 444 1073 505 ΔΙ)
1110 441 1700 504 AMPIIILOCHIUM
1727 441 2073 515 QUIESTIO
2112 441 2372 503 CCXLV.

3227 438 3362 503 1050

98 582 129 620 σ
138 567 428 636 τρέφονταυ
444 561 585 615 ῶστε
599 559 890 631 περίεργόν
902 560 1051 613 ἔστιν
1060 558 1309 626 ἀγγέλων
1323 558 1424 629 τὴν
1432 557 1527 611 τοῦ
1538 557 1673 611 Θεοῦ

1789 567 1895 614 l:rat
1938 569 2315 630 suscepturus.
2358 555 2752 612 lncarnabatur
2789 566 3048 629 praeterea
3100 554 3358 622 Verbum,

96 658 256 725 φύσιν
284 656 557 709 ὑπελθεῖν.
595 652 814 707 Μᾶλλον
836 651 896 704 δὲ
922 650 1005 714 είς
1037 650 1210 721 μείζω
1229 652 1324 704 καὶ
1344 650 1672 721 βαρυτέραν,

96 750 253 815 εῐπερ
271 739 382 797 οἷόν
402 743 462 796 τὲ
492 745 625 805 ἐστι,
654 743 752 811 τῆς
770 741 1143 810 ἀποκειμένης
1166 741 1353 804 αὑτοῖς
1375 741 1670 805 κολάσεως.

98 835 219 888 Ἔτι
242 834 489 902 ἀγγέλων
518 835 677 904 εῖπερ
704 833 931 904 εμελλεν
957 833 987 886 δ
1013 834 1185 901 Λόγος
1220 833 1386 904 φύσιν
1435 835 1673 906 ὑπέρχε-

104 926 229 979 σθαι
255 926 391 995 (38),
421 925 539 989 πιῖις
566 924 633 978 ἂν
663 924 929 994 ὑπῆλθεν,
957 926 1124 979 τόκου
1150 926 1226 997 μὴ
1254 926 1667 995 μεσιτεύοντοςς

94 1022 143 1070 si
167 1019 210 1071 δ’
234 1016 419 1079 ἁπλῶς
448 1018 568 1071 κατ’
582 1016 857 1070 οίκείωσιν
877 1018 973 1071 καὶ
996 1020 1254 1089 σχετικὴν
1274 1019 1495 1072 σύνοδον
1513 1021 1673 1074 τοῦτο

94 1111 307 1177 προσῆν
327 1112 438 1171 τοῖς
455 1108 725 1178 δαίμοσιν,
748 1109 865 1161 ἀλλ’
890 1109 1104 1162 ἐκεῖθεν
1132 1110 1505 1181 διερράγησαν
1531 1113 1667 1181 (39).

98 1202 223 1252 Ἔτι
256 1201 399 1262 τίνος
436 1199 549 1268 (ιθ)
585 1199 695 1253 τῶν
721 1202 1092 1253 πεπτωκότων
1114 1204 1355 1254 ἐποιεῖτο
1404 1202 1505 1271 τὴν
1532 1204 1672 1256 κατὰ

93 1292 338 1361 τὸάκρον
352 1292 659 1355 οίκείωσιν;
705 1292 878 1361 Είμὲν
894 1294 1003 1344 τῶν
1029 1292 1304 1356 ἑστώτων,
1319 1295 1415 1347 καὶ⁵
1442 1295 1495 1347 τί
1520 1294 1586 1349 ἂν
1610 1297 1673 1349 τὸ
1700 1300 1701 1303 “

95 1383 389 1445 πεπτωκὸς
405 1382 603 1449 ὢνητο;
619 1382 873 1437 Ἑκείνων
888 1384 998 1453 γὰρ
1015 1384 1113 1435 καὶ
1125 1386 1255 1454 πρὶν
1278 1385 1548 1451 μενόντων
1562 1387 1671 1455 (LI)

94 1476 156 1525 ὲν
188 1476 303 1534 τοῖς
328 1472 578 1540 ἀμείνοσι
604 1473 667 1525 τὸ
695 1472 970 1542 δαιμόνιον
989 1472 1362 1538 ταλανίζεται.
1392 1475 1455 1527 Εἰ
1478 1475 1537 1528 δὲ
1563 1476 1673 1528 τῶν

1774 650 1917 703 viam
1944 649 2105 704 nobis
2143 664 2237 719 per
2284 663 2385 711 ea,
2414 663 2536 718 qua!
2585 649 2812 719 agebat,
2860 658 3228 708 ostensurum,
3265 662 3359 714 per

1772 757 1937 812 quam
1973 742 2185 796 reditus
2233 743 2392 796 nobis
2434 742 2487 796 in
2519 741 2718 796 caelum
2751 749 2977 810 pateret.
3008 738 3359 792 Daemouilius

1770 851 1903 891 vero
1933 836 1986 890 in
2020 836 2331 905 exemplum
2365 835 2627 906 propositi
2658 844 2788 890 sunt
2815 833 3025 889 similes
3057 832 3166 885 illis
3195 846 3362 898 ango-

1772 930 1953 985 lorum
1984 929 2232 991 ordines,
2260 930 2545 998 pristinam
2578 929 2766 983 sedem
2795 936 3029 989 tuentes,
3054 936 3219 994 atque
3253 925 3360 976 illis

1773 1024 1941 1093 ipsis,
1979 1038 2103 1092 qua:
2144 1032 2348 1092 agunt,
2401 1022 2545 1075 viam
2596 1022 2662 1075 ad
2709 1019 3018 1075 beatitatem
3071 1031 3359 1073 common-

1772 1125 2030 1171 strantes.
2068 1115 2146 1170 llli
2202 1130 2368 1179 vero,
2419 1124 2599 1167 mente
2643 1112 2857 1175 aversi,
2906 1126 3006 1166 nec
3053 1118 3363 1177 sequuntur

1774 1207 1934 1271 illos,
1977 1221 2077 1260 nec
2107 1206 2173 1259 ad
2218 1206 2440 1259 eosdem
2476 1211 2890 1257 convertuntur.
2944 1201 3135 1270 Itaque
3168 1214 3361 1269 supcr-

1773 1312 2072 1352 vacaneum
2122 1296 2298 1357 foret.
2346 1298 2393 1350 si
2454 1294 2550 1349 Dei
2596 1304 2790 1347 natura
2839 1294 2987 1347 illam
3035 1292 3358 1361 angelorum

1775 1392 2105 1457 susciperet;
2140 1391 2253 1443 imo
2283 1389 2334 1442 id
2373 1389 2552 1455 ipsum
2588 1402 2803 1455 ptenam
2842 1385 3218 1439 imminentem
3248 1397 3359 1435 ma-

1771 1481 1943 1550 jorem
1992 1490 2047 1535 et
2096 1481 2426 1550 graviorem,
2481 1479 2745 1549 siquidmn
2796 1479 2922 1532 talis
2971 1477 3089 1531 dari
3146 1482 3363 1543 potest,

95 1568 490 1628 πεπτωκότων,
518 1566 620 1619 ποῦ
649 1566 712 1618 τὸ
736 1565 947 1619 δίκαιον
972 1582 989 1630 ;
1036 1565 1161 1629 Πῶς
1210 1566 1257 1619 δ’
1284 1565 1351 1619 ἂν
1377 1567 1480 1619 οὑκ
1517 1566 1677 1636 ἔσχεν

1789 1574 2044 1627 redderet.
2075 1572 2231 1638 Quod
2268 1572 2313 1626 si
2350 1582 2611 1641 praeterea
2649 1570 2883 1625 Verbum
2919 1570 3236 1636 angelorum
3270 1582 3367 1620 na-

92 1661 282 1729 χώραν
306 1657 628 1723 ἐκλέγεσθαι
642 1659 704 1711 τὸ
730 1657 1179 1728 κατεγνωσμένον
1197 1658 1399 1729 Παύλῳ
1419 1673 1435 1688 ·
1464 1676 1484 1710 ι
1508 1659 1674 1729 Ποιή-

1789 1681 1953 1720 auram
1978 1679 2262 1721 assumere
2288 1679 2531 1734 unquam
2560 1664 2840 1727 voluisset,
2866 1661 3143 1731 quomodo
3169 1659 3221 1714 id
3245 1658 3367 1714 sine

93 1766 283 1818 σωμεν
303 1748 373 1801 τὰ
397 1748 572 1813 κακά;
600 1747 826 1801 »Ἔτιᾶ
851 1748 1012 1801 τόκου
1035 1749 1157 1811 ταῖς
1171 1748 1491 1816 άγγελικαῖς
1516 1749 1678 1803 δυνά·

1789 1759 2143 1813 ιηιετεεὰρηιε
2190 1767 2348 1827 partu
2396 1758 2581 1825 aliquo
2612 1755 2726 1810 fieri
2767 1753 3072 1824 potuisset?
3102 1751 3159 1807 Si
3199 1765 3367 1821 porro

94 1862 230 1914 μεσι
259 1846 333 1915 μὴ
365 1841 767 1913 μεσιτεύοντος,
798 1841 921 1895 οὑδὲ
955 1840 1121 1909 φύσιν
1143 1836 1211 1911 ἧν
1240 1841 1466 1895 δυνατὸν
1493 1843 1674 1895 αὑτῶν

1789 1859 1986 1904 tantum
2018 1865 2117 1919 per
2147 1848 2647 1918 appropriationem
2688 1847 2925 1917 aliquam
2960 1853 3015 1900 et
3040 1846 3362 1898 relationem

94 1913 395 1989 ἀναλασεῖν
441 1936 534 1989 τὸν
563 1936 737 2003 Λόγον
782 1933 879 1987 τοῦ
907 1931 1067 1998 Θεοῦ,
1098 1933 1238 1986 άλλά
1254 1950 1379 1986 τινα
1395 1934 1486 1986 τὸν
1550 1935 1672 1987 καθ’

1789 1913 2038 1993 moralem
2072 1913 2477 1993 Verbum‘illud
2507 1953 2569 1994 se
2596 1953 2722 1993 cum
2744 1913 3090 1993 daemonibus
3120 1950 3367 1989 commn-

90 2029 462 2081 ἒκαστον.“¹ον
498 2027 543 2081 δ’
572 2026 639 2080 ἃν
668 2026 879 2091 ἐλαϐεν,
911 2026 1073 2095 μόνον
1105 2027 1315 2079 ἐκεῖνον
1334 2024 1402 2079 ἂν
1414 2027 1511 2080 καὶ
1537 2026 1675 2079 ἔσω-

1789 2032 2030 2097 iicasset,
2087 2030 2163 2085 illi
2210 2030 2295 2084 vel
2343 2030 2423 2084 sic
2467 2029 2536 2084 ab
2576 2044 2643 2085 eo
2683 2029 2918 2099 sejuncti
2956 2028 3209 2083 fuissent.
3248 2026 3366 2092 Qua

92 2120 213 2183 ξεν.
238 2117 407 2172 Ὥστε
465 2120 781 2172 συνέϐαινεν
809 2118 877 2171 ἂν
926 2117 1091 2171 αὑτὸν
1117 2118 1381 2188 μυριάκις
1430 2119 1678 2187 ἀγγέλων

1789 2139 1938 2180 Jorro
1984 2124 2051 2177 de
2097 2138 2263 2178 causa
2312 2120 2549 2177 Verbum
2600 2121 2783 2191 lapsos
2826 2120 2948 2175 illos
2987 2118 3091 2174 sibi
3124 2118 3363 2171 maxime

88 2212 278 2283 ἄτομα
305 2211 417 2281 (ιε)
456 2211 801 2265 ὑποδύεσθαι.
833 2210 1051 2264 Μᾶλλον
1090 2209 1149 2263 δὲ
1178 2210 1407 2274 ἁνίλεως
1437 2212 1525 2281 εῐη
1566 2212 1677 2283 (65)

1789 2215 2217 2287 ippropriassct?
2243 2213 2301 2269 Si
2338 2214 2542 2269 dixeris
2575 2234 2587 2269 :
2630 2212 2686 2267 In
2712 2213 2943 2284 gratiam
2998 2211 3239 2274 illorum,
3271 2207 3366 2277 qui

88 2302 449 2370 δαιμόνων,οῖ
470 2304 651 2372 πάσης
670 2301 872 2363 κακίας
888 2299 1118 2363 ἑαυτοὺς
1137 2300 1430 2368 ἀπέδειξαν
1444 2301 1673 2373 δργανα.

1789 2308 2067 2361 stationem
2115 2319 2271 2360 suam
2307 2304 2683 2365 retinuerant,
2740 2300 2871 2372 quid
2911 2298 3039 2354 inde
3091 2297 3366 2353 commodi

88 2397 160 2448 ad
190 2395 378 2462 lapsos
406 2392 773 2464 pervenisset?
807 2392 919 2447 Illis
947 2391 1092 2445 enim
1119 2392 1347 2447 meliore
1369 2395 1683 2453 conditione
1722 2400 1930 2470 pridem
1957 2398 2281 2460 fruentibus,
2309 2397 2589 2452 daemones
2616 2397 2761 2451 vices
2823 2410 2955 2450 suas
3012 2393 3363 2447 miserantur.

91 2486 152 2539 Si
186 2501 321 2539 vero
345 2486 397 2539 in
431 2486 659 2555 gratiam
696 2486 1003 2555 lapsorum;
1038 2487 1317 2555 quomodo
1351 2487 1403 2541 id
1432 2487 1515 2543 fas
1570 2490 1806 2547 fuisset?
1868 2490 2060 2546 Nonne
2124 2492 2305 2562 potius
2369 2488 2421 2543 id
2476 2489 2681 2544 factum
2718 2496 2884 2552 esset,
2950 2485 3098 2556 quod
3163 2483 3367 2537 Paulus

94 2586 395 2633 aversatur
430 2598 443 2633 :
493 2598 512 2629 ι
556 2576 844 2633 Faciamus
880 2579 1017 2632 mala
1065 2580 1107 2631 ’.
1147 2596 1168 2629 ι
1220 2580 1450 2644 Quando
1494 2582 1731 2652 denique
1769 2593 1959 2653 partus
2000 2584 2260 2653 angelicis
2304 2582 2475 2651 copiis
2528 2581 2735 2635 mederi
2790 2589 2846 2635 et
2879 2594 2984 2633 usu
3024 2578 3215 2631 venire
3254 2593 3364 2631 non

90 2672 307 2736 potuit,
355 2686 455 2724 ncc
489 2680 740 2725 naturam
781 2672 1103 2740 angelorum
1141 2667 1377 2731 Verbum
1417 2672 1508 2727 Dei
1537 2690 1838 2741 assumere,
1873 2677 1967 2731 sed
2038 2692 2211 2730 unum
2278 2677 2514 2744 aliquem
2550 2689 2765 2738 eorum,
2827 2676 3023 2741 potuit.
3056 2669 3370 2735 Quemcun-

91 2776 210 2831 que
243 2776 380 2817 vero
403 2777 594 2817 eorum
661 2763 1075 2831 assumpsisset,
1118 2763 1271 2817 illum
1341 2781 1509 2820 unum
1582 2769 1866 2824 salvasset.
1922 2769 1997 2823 Ita
2054 2782 2185 2822 vero
2242 2767 2490 2821 futurum
2547 2777 2705 2829 erat,
2772 2774 2832 2820 ut
2889 2763 2981 2817 illa
3047 2762 3368 2832 angelorum

93 2853 456 2906 indivisibilia
494 2854 693 2907 millies
745 2856 1067 2920 susciperet.
1106 2853 1297 2910 Satius
1343 2857 1523 2926 itaque
1557 2868 1697 2923 erat,
1738 2858 2046 2915 daemonum
2079 2876 2185 2913 non
2220 2860 2507 2923 misereri,
2559 2859 2651 2928 qui
2703 2872 2763 2912 se
2811 2857 2961 2927 ipsos
2999 2856 3183 2909 omnis
3244 2870 3371 2924 pra-

90 2946 291 3000 vitulis
314 2947 672 3001 instrumenta
698 2945 1093 3015 pmstitissent.

622 3040 954 3093 ΕΙὮΤΙΙΣΙΣ
983 3043 1078 3095 ΣΜ
1088 3042 1161 3095 Ε’.
1785 3041 2114 3110 ρυΑῑετιο
2126 3038 2349 3097 CCXLV
2366 3038 2550 3111 [CoisL
2575 3033 3058 3091 Tanr.XCllJlaio
3070 3030 3369 3105 CCXLIV].

93 3135 276 3187 Διατί
295 3132 696 3212 διδαᾳκᾴμερα
720 3131 1285 3212 ἀποτάσσερθαητῷ
1321 3133 1556 3203 Σατανᾷ
1583 3136 1681 3188 καί

1790 3137 1968 3201 Quare
2021 3135 2359 3205 pracipiamr
2406 3131 2564 3209 nobis.
2608 3129 2929 3212 renuntiatio
2962 3125 3203 3191 Salaria,
3263 3143 3373 3179 non

394 3203 531 3271 οὐχί
560 3203 685 3267 τοῖς
701 3204 990 3272 πονηροῖς
1009 3202 1339 3271 ἀνθρώποις
1365 3222 1383 3265 ;
1528 3200 1536 3203 ⁷

1814 3200 1826 3201 ί
2022 3200 2031 3205 ⁷
2183 3200 2380 3256 autem
2420 3202 2593 3268 pruris
2632 3200 2955 3252 hominibus.

754 3297 893 3347 Edita
916 3313 942 3346 a
971 3298 1095 3346 Ilaio
1125 3298 1277 3359 (Non.
1311 3298 1433 3349 Coll.
1457 3307 1494 3349 t.
1534 3299 1613 3359 IX,
1636 3314 1682 3361 p.
1714 3301 1841 3363 ιιι).
1874 3328 1935 3339 -
1959 3302 2033 3352 De
2059 3298 2487 3349 abrenuntiatloue
2516 3294 2712 3343 diaboli.

189 3384 646 3454 ’Δποτασσόμεθα
679 3384 757 3454 τῷ
781 3384 991 3454 Σατανᾷ
1014 3386 1110 3438 καὶ
1136 3389 1248 3449 τοῖς
1278 3387 1463 3456 ἔργοις
1496 3389 1683 3447 αὑτοῦ,

1858 3389 2075 3443 Satanae
2099 3398 2152 3441 et
2203 3386 2462 3455 operibus
2494 3384 2636 3452 ejus,
2666 3395 2775 3434 non
2819 3389 3006 3435 autem
3050 3379 3234 3450 pravis
3268 3379 3371 3435 bo-

94 3484 202 3534 καὶ
234 3479 360 3545 οὑχί
378 3480 489 3539 τοῖς
512 3479 769 3547 πονηροῖς
809 3475 1141 3547 ἀνθρώποις,
1191 3477 1409 3546 πρῶτον
1453 3479 1553 3545 μὲν
1597 3479 1687 3532 ἵνα

1791 3483 2032 3537 minibus
2070 3479 2473 3537 renuntiamus.
2518 3472 2964 3543 primoquidem,
3001 3487 3072 3526 ne
3100 3473 3370 3528 motivum

98 3573 185 3642 μὴ
225 3569 505 3639 ἀφορμὰς,
532 3569 580 3619 εί
604 3569 698 3621 καὶ
730 3569 804 3637 μὴ
825 3568 1105 3635 εὐλόγους.
1124 3570 1190 3621 εκ
1211 3568 1416 3639 ταύτης
1436 3568 1690 3640 λάϐωμεν

96 3666 208 3733 τῆς
241 3661 549 3729 ἁποταγῆς,
588 3662 767 3729 μισεῖν
796 3662 889 3714 καὶ
918 3660 1359 3730 ἀποστρέφεσθαι
1389 3661 1486 3714 καὶ
1506 3662 1693 3732 ἐκτρέ-

94 3757 323 3811 πεσθαι
352 3756 447 3807 καὶ
477 3753 883 3806 άποτάσσεσθαι
908 3753 970 3805 τὸ
992 3752 1283 3822 ὁμόφυλον.
1307 3752 1573 3823 Δεύτερον
1610 3754 1690 3816 δὲ,

96 3852 155 3901 εί
223 3844 659 3914 ἁπετασσόμεθα
712 3846 826 3907 τοῖς
884 3847 1143 3913 πονηροῖς
1203 3843 1534 3915 ἀνθρώποις,
1595 3846 1694 3913 οὐχ

94 3941 289 4008 ἡμεῖς
317 3938 374 3989 δὲ
397 3937 532 3989 ἀλλὰ
553 3937 648 3988 καὶ
682 3936 788 4006 πρὸ
815 3936 970 4005 ἡμῶν
1002 3936 1051 3988 οἱ
1080 3935 1397 3989 διδάσκαλοι
1438 3936 1532 3989 καὶ
1558 3936 1696 3989 άπό·

97 4028 324 4088 στολοι,
363 4026 448 4089 τίς
488 4025 555 4079 ἂν
601 4025 712 4077 τῶν
748 4024 1091 4095 ἁμαρτωλῶν
1122 4026 1414 4088 ἐσέσωστο,
1464 4026 1564 4095 τῆς
1595 4026 1697 4095 μὲν

96 4118 414 4187 ἀποταγῆς
460 4120 558 4188 τὴν
598 4118 949 4187 ἀποστροφὴν
988 4118 1317 4188 τικτούσης,
1366 4119 1467 4188 τῆς
1500 4119 1558 4172 δὲ
1598 4118 1698 4189 τὴν

97 4207 449 4280 παραίνεσιν
475 4209 565 4260 καὶ
602 4207 951 4260 διδασκαλίαν
979 4206 1431 4277 συναναιρούσης,
1531 4208 1627 4262 καὶ
1661 4210 1696 4278 ἡ

97 4302 435 4371 ἐπιστροφὴ
455 4300 550 4352 καὶ
581 4302 613 4369 ὴ
645 4299 983 4370 μεταμέλεια
1019 4301 1459 4371 συναναιρεῖταις
1485 4300 1555 4368 γ’.
1589 4302 1701 4355 Καὶ

94 4395 191 4459 τίς
216 4393 297 4448 ἂν
314 4394 558 4455 ἐκεῖνοςό
578 4392 777 4460 λέγων,
794 4392 1201 4460 Ἀποτάσσομαι
1222 4393 1334 4452 τοῖς
1358 4390 1701 4461 ἁμαρτωλοῖς

95 4488 134 4557 ἢ
166 4486 447 4554 πονηροῖς
516 4481 856 4553 άνθρώποιςς
907 4484 955 4535 εἰ
1001 4483 1100 4549 μὲν
1147 4482 1300 4549 λέγοι
1352 4482 1546 4534 ἑαυτὸν
1590 4481 1700 4535 τῶν

93 4575 494 4650 ἁμαρτωλῶν,
527 4574 707 4645 ἑαυτῷ
744 4576 809 4629 ἂν
848 4575 1185 4627 ἀπετάττετο
1222 4588 1239 4604 ·
1274 4574 1324 4626 el
1365 4574 1423 4627 δὲ
1474 4573 1585 4626 τῶν
1614 4572 1698 4625 δι-

96 4671 323 4724 καίων.
356 4668 444 4721 ἴνα
469 4667 636 4721 τᾶλλα
661 4668 828 4733 ἐάσω,
875 4666 992 4719 ἀλλ’
1013 4667 1070 4718 ὲν
1087 4664 1266 4735 καιρῷ
1285 4664 1385 4734 τῆς
1410 4664 1699 4734 μετανοίας

1790 3572 2040 3645 quamvis
2062 3586 2169 3625 non
2205 3569 2550 3631 rationabile,
2581 3580 2648 3620 ex
2682 3566 2787 3619 ista
2827 3563 3233 3619 renuntiatione
3273 3580 3372 3620 su-

1793 3678 2044 3724 mamus,
2100 3659 2437 3714 confratrnm
2515 3656 2642 3710 odio
2710 3654 3215 3725 persequendorum
3286 3654 3375 3708 vel

1794 3756 2161 3819 vitandorum,
2192 3754 2278 3807 vel
2312 3749 2773 3819 repellendorum,
2803 3748 2889 3802 vel
2920 3747 3368 3816 rejiciendorum.

1795 3846 2047 3902 Secundo
2072 3853 2276 3905 autem,
2299 3844 2345 3897 si
2370 3842 2811 3896 renuntiaremus
2833 3840 3017 3910 pravis
3034 3839 3369 3900 hominibus.

1797 3955 1897 3994 nec
1942 3953 2063 3999 nos,
2112 3951 2211 3989 nec
2248 3944 2373 3989 ante
2423 3949 2523 3987 nos
2572 3932 2819 4002 magistri
2856 3940 2913 3985 et
2959 3931 3213 4000 apostoli,
3248 3932 3373 3999 quis

1798 4041 2147 4101 peccatorum
2186 4027 2430 4081 salvatus
2455 4023 2685 4079 fuisset?
2711 4021 3118 4077 renuntiatione
3146 4023 3370 4092 quidem

1799 4122 2138 4177 aversionem
2184 4119 2538 4189 producente.
2598 4116 2694 4171 sed
2752 4124 2809 4169 et
2849 4114 3286 4169 exhortationem
3319 4125 3375 4168 et

1798 4214 2217 4269 instructionem
2269 4212 2576 4273 destruent,
2622 4216 2678 4263 et
2722 4208 2800 4263 ita
2848 4208 3272 4262 conversionem
3319 4218 3377 4260 ct

1800 4304 2171 4377 pmnitentiam
2208 4303 2449 4358 tollente.
2486 4302 2691 4365 Tertio,
2742 4309 2799 4355 et
2826 4300 2950 4369 quis
2977 4308 3060 4354 est
3094 4300 3186 4368 qui
3229 4298 3376 4352 dicat

1802 4398 2057 4453 renuntio
2109 4396 2506 4467 peccatoribus,
2556 4392 2639 4449 vel
2684 4393 2865 4463 pravis
2912 4391 3267 4445 hominibus?
3326 4392 3381 4443 si

1802 4492 2042 4561 seipsum
2091 4490 2225 4543 dicit
2270 4489 2413 4543 inter
2460 4496 2795 4555 peccatores,
2849 4500 3030 4538 nonne
3072 4485 3252 4552 seipso
3284 4499 3373 4535 re-

1804 4580 2110 4637 nuntiabit?
2137 4580 2182 4634 si
2212 4594 2343 4633 vero
2393 4578 2532 4632 inter
2563 4577 2765 4646 justus,
2794 4590 2862 4628 ne
2898 4576 3051 4644 plura
3082 4573 3281 4638 dicam,
3320 4573 3376 4626 in

1806 4688 2046 4745 tempore
2073 4671 2408 4743 pmuiteulia
2440 4679 2493 4722 et
2521 4668 2741 4730 salutis,
2781 4666 3051 4735 superbiae
3084 4674 3139 4719 et
3184 4666 3377 4733 phari-

94 4765 209 4817 καὶ
282 4758 579 4829 σωτηρίας,
639 4757 910 4829 βάραθρον
956 4756 1134 4826 ἑαυτῷ
1186 4757 1562 4827 μεγαλαυχίας
1606 4758 1690 4810 καὶ

1803 4768 1965 4823 saicas
2004 4762 2327 4834 perditionis
2355 4760 2622 4830 gurgitem
2676 4755 2781 4811 sibi
2826 4752 3108 4808 eﬂodiret.
3144 4750 3373 4819 Quarto,

94 4850 466 4924 φαρισαῖκῆς
499 4849 769 4913 ἀπωλείας
813 4850 1094 4919 διώρυττε.
1120 4850 1184 4903 δ’.
1217 4849 1329 4917 Οὐχ
1354 4850 1384 4902 ό
1417 4848 1702 4918 ἄνθρωπος

92 4947 207 5002 ἀπ’
243 4943 452 5015 ἀρχῆς,
480 4943 595 4996 ἀλλ’
620 4945 648 4996 ὀ
674 4943 908 5013 πονηρὸς
926 4942 1194 5012 ἡπάτησε.
1220 4940 1281 4995 ε’.
1310 4942 1371 4995 '0
1402 4942 1500 5011 μὲν
1530 4941 1705 4993 Σατα-

95 5043 210 5101 νᾶς
248 5038 358 5106 τὴν
392 5036 589 5089 κακίαν
624 5034 771 5089 ἐστὶν
801 5032 1199 5103 άμετάόλητος.
1229 5030 1305 5097 ς’.
1351 5030 1442 5084 Ἐν
1468 5033 1534 5101 τῇ
1565 5031 1703 5084 ἀπο-

92 5132 265 5200 ταγῇ
301 5127 412 5179 τῶν
432 5126 523 5179 τοῦ
556 5126 773 5178 Σατανᾶ
812 5124 986 5193 ἔργων
1013 5124 1105 5175 καὶ
1128 5124 1230 5177 ὅσα
1257 5122 1546 5192 ἄνθρωπος
1570 5122 1708 5193 πρά-

95 5226 218 5291 ξει,
265 5220 399 5272 ἐπεὶ
419 5218 626 5272 ἐκεῖθεν
656 5219 721 5269 ὲκ
743 5220 837 5288 τῆς
860 5217 1075 5285 ἀπάτης
1102 5216 1163 5267 τὸ
1192 5214 1436 5283 σπέρμα,
1472 5215 1530 5265 ὲν
1556 5212 1700 5265 ὲκεί-

94 5331 231 5378 vos;
274 5312 594 5384 περιέχεται
627 5325 641 5339 ·
673 5312 752 5371 εἰς
777 5324 885 5378 γλρ
918 5307 1124 5360 ἐκεῖνον
1152 5305 1505 5375 ἀναφέρεται.

1802 4874 1909 4913 non
1946 4860 2107 4911 homo
2131 4870 2159 4909 a
2191 4853 2479 4923 principio,
2515 4852 2608 4905 sed
2642 4847 2872 4902 Satanas
2893 4846 3127 4914 decepit.
3147 4844 3381 4910 Quinto,

1803 4950 2033 5005 Satanas
2062 4947 2279 5017 quidem
2316 4946 2368 4997 in
2400 4943 2547 4996 malo
2578 4950 2665 4996 est
2689 4940 3057 4994 ἱηνητίιὼίιιε.
3092 4935 3279 4998 Sesto,
3316 4936 3376 4989 lu

1803 5043 2214 5099 restitutiatinne
2269 5040 2485 5093 Satante
2552 5036 2848 5106 operibus,
2908 5043 2963 5087 et
3037 5046 3379 5101 quaecunque

1805 5136 1930 5191 facit
1970 5137 2154 5197 homo,
2196 5133 2465 5202 siquidem
2512 5129 2639 5182 hinc
2684 5127 2914 5181 fallaciae
2953 5139 3162 5189 semen,
3202 5123 3379 5177 conti~

1810 5238 2026 5283 nentur.
2050 5226 2108 5280 lu
2138 5226 2291 5279 illum
2323 5226 2469 5278 enim
2505 5220 2830 5276 relationem
2870 5220 3091 5271 habent.

1628 5390 1853 5451 ΝΟΤΔΕ.

181 5494 323 5565 (38)
356 5493 449 5547 S:c
472 5494 654 5548 scrilio
694 5508 811 5561 pro,
844 5492 1163 5562 ὑπέρχεται.

181 5567 325 5637 ‘39)
356 5565 432 5637 Ita
456 5565 613 5618 C0”).
643 5581 739 5637 pro
769 5567 863 5616 καὶ
892 5565 1230 5637 ἐῤῥάγησαν.

180 5630 321 5713 (40)
350 5630 733 5713 ξΓιίνοςιξειίιιιεί
764 5649 859 5713 pro
897 5630 1061 5713 τινόρ
1094 5630 1215 5713 Sed
1261 5630 1344 5686 vel
1386 5631 1465 5685 sic
1505 5643 1699 5684 sensus

94 5703 260 5775 lzizit,
298 5703 413 5759 itisi
445 5705 879 5775 subintellexeris
916 5705 1097 5773 χάριν,
1136 5703 1220 5755 vel
1258 5710 1699 5775 sequentem}..-

94 5768 256 5836 cum'
277 5776 657 5829 πεπτωκότων
685 5791 807 5828 cum
842 5768 1210 5840 ιιΙεᾶἀ”γγέ).ων
1244 5768 1533 5841 permutes.
1580 5768 1698 5820 Mox

94 5854 272 5907 enim
313 5845 493 5915 angeli
523 5849 574 5898 in
603 5844 843 5906 ἑστῶτας
879 5853 931 5915 et
966 5842 1702 5915 :anthdmgdistinguntu-

97 5938 227 5979 tur.
272 5918 365 5973 Ita
394 5909 536 5969 vvero
566 5916 846 5986 legendum
889 5914 1052 5968 fuerit
1084 5914 1229 5975 τίνος
1274 5912 1380 5965 τῶν
1421 5909 1699 5977 ἀγγέλωνς

1802 5498 1951 5553 quem
1968 5478 2296 5553 angelorum
2325 5472 2667 5553 claorumnsibj
2702 5468 3103 5553 appropriasset
3127 5466 3150 5518 2

1875 5550 1984 5622 (ὀί)
2021 5536 2110 5602 δῖε
2141 5548 2347 5622 st'ribo,
2381 5560 2504 5598 cum
2534 5540 2693 5621 βοή).
2730 5536 2826 5608 pro
2868 5539 2966 5617 p‘sv
2996 5536 3186 5599 δννων,
3213 5548 3383 5601 quam

1804 5611 2087 5677 lectionem
2122 5626 2303 5669 tunten
2338 5617 2388 5668 in
2414 5613 2664 5666 versinne
2691 5611 2955 5677 espressi.

1878 5674 1988 5761 (ιῖ)
2020 5688 2110 5761 _S_ic
2135 5674 2821 5761 Collngpr‘thomz‘quod
2852 5682 2957 5761 liuc
2992 5690 3097 5729 non
3122 5674 3383 5761 quadrat.

2021 5757 2214 5831 Noster
2242 5774 2255 5809 :
2293 5745 2541 5831 ᾆλλίλιως
2588 5745 2726 5831 εῖδη.
2758 5749 2922 5831 ιιυιιο
2970 5762 3147 5831 sensu
3181 5762 3193 5795 :
3221 5745 3381 5797 ιυιιι.

1812 5817 1908 5904 pro
1936 5817 2050 5900 είδη
2082 5828 2240 5883 habet
2266 5827 2377 5895 εἰη.
2411 5817 2723 5893 Legendum
2756 5822 2933 5888 itaque
2959 5817 3207 5877 ἁνίλεως.
