  <div class='ocr_page' id='page_1' title='image "/cluster/home/n/w/nwhite01/storage/ocr_20150623/101/nnc1.0046980164/548.png"; bbox 0 0 4162 6442; ppageno 0'>
   <div class='ocr_carea' id='block_1_1' title="bbox 100 408 244 474">
    <p class='ocr_par' dir='ltr' id='par_1_1' title="bbox 100 408 244 474">
     <span class='ocr_line' id='line_1_1' title="bbox 100 408 244 474; baseline 0.028 -4"><span class='ocrx_word' id='word_1_1' title='bbox 100 408 244 474; x_wconf 82' lang='lat'><strong>1053</strong></span> 
     </span>
    </p>
   </div>
   <div class='ocr_carea' id='block_1_2' title="bbox 929 412 2519 489">
    <p class='ocr_par' dir='ltr' id='par_1_2' title="bbox 929 412 2519 489">
     <span class='ocr_line' id='line_1_2' title="bbox 929 412 2519 489; baseline 0.002 -14"><span class='ocrx_word' id='word_1_2' title='bbox 929 416 1030 476; x_wconf 84' lang='lat' dir='ltr'><strong>AD</strong></span> <span class='ocrx_word' id='word_1_3' title='bbox 1056 415 1648 480; x_wconf 79' lang='lat' dir='ltr'><strong>AMPIIILOCIIIUM</strong></span> <span class='ocrx_word' id='word_1_4' title='bbox 1683 412 2029 489; x_wconf 68' lang='lat' dir='ltr'><strong>QUAESTIO</strong></span> <span class='ocrx_word' id='word_1_5' title='bbox 2064 415 2519 478; x_wconf 76' lang='lat' dir='ltr'><strong>CCXLVI-CCL.</strong></span> 
     </span>
    </p>
   </div>
   <div class='ocr_carea' id='block_1_3' title="bbox 3215 424 3350 490">
    <p class='ocr_par' dir='ltr' id='par_1_3' title="bbox 3215 424 3350 490">
     <span class='ocr_line' id='line_1_3' title="bbox 3215 424 3350 490; baseline 0.022 -3"><span class='ocrx_word' id='word_1_6' title='bbox 3215 424 3350 490; x_wconf 71' lang='lat'><strong>1054</strong></span> 
     </span>
    </p>
   </div>
   <div class='ocr_carea' id='block_1_4' title="bbox 92 520 1691 601">
    <p class='ocr_par' dir='ltr' id='par_1_4' title="bbox 92 520 1677 599">
     <span class='ocr_line' id='line_1_4' title="bbox 92 520 1677 599; baseline 0.004 -26"><span class='ocrx_word' id='word_1_7' title='bbox 92 520 320 574; x_wconf 81' lang='grc' dir='ltr'><strong>θέλουσι</strong></span> <span class='ocrx_word' id='word_1_8' title='bbox 346 521 434 576; x_wconf 79' lang='grc' dir='ltr'><strong>διὰ</strong></span> <span class='ocrx_word' id='word_1_9' title='bbox 458 521 567 576; x_wconf 83' lang='grc' dir='ltr'><strong>τῶν</strong></span> <span class='ocrx_word' id='word_1_10' title='bbox 607 522 851 595; x_wconf 82' lang='grc' dir='ltr'>σημείων</span> <span class='ocrx_word' id='word_1_11' title='bbox 906 527 1045 596; x_wconf 78' lang='grc' dir='ltr'>πρὸς</span> <span class='ocrx_word' id='word_1_12' title='bbox 1070 526 1170 597; x_wconf 80' lang='grc' dir='ltr'>τὴν</span> <span class='ocrx_word' id='word_1_13' title='bbox 1208 526 1494 582; x_wconf 77' lang='grc' dir='ltr'>εὐσέϐειαν</span> <span class='ocrx_word' id='word_1_14' title='bbox 1523 545 1677 599; x_wconf 78' lang='grc' dir='ltr'>χειρο</span> 
     </span>
    </p>
   </div>
   <div class='ocr_carea' id='block_1_5' title="bbox 1770 520 3353 601">
    <p class='ocr_par' dir='ltr' id='par_1_5' title="bbox 1780 526 3353 601">
     <span class='ocr_line' id='line_1_5' title="bbox 1780 526 3353 601; baseline 0.006 -19"><span class='ocrx_word' id='word_1_15' title='bbox 1780 535 1911 582; x_wconf 86' lang='lat' dir='ltr'><strong>suut</strong></span> <span class='ocrx_word' id='word_1_16' title='bbox 1937 526 2184 592; x_wconf 79' lang='lat' dir='ltr'><strong>obnoxii,</strong></span> <span class='ocrx_word' id='word_1_17' title='bbox 2216 542 2317 581; x_wconf 84' lang='lat' dir='ltr'><strong>nec</strong></span> <span class='ocrx_word' id='word_1_18' title='bbox 2365 527 2431 581; x_wconf 90' lang='lat' dir='ltr'><strong>ad</strong></span> <span class='ocrx_word' id='word_1_19' title='bbox 2467 528 2769 583; x_wconf 72' lang='lat' dir='ltr'><strong>doctrinam</strong></span> <span class='ocrx_word' id='word_1_20' title='bbox 2812 528 3027 600; x_wconf 83' lang='lat' dir='ltr'><strong>pietatis</strong></span> <span class='ocrx_word' id='word_1_21' title='bbox 3057 547 3154 601; x_wconf 83' lang='lat' dir='ltr'><strong>per</strong></span> <span class='ocrx_word' id='word_1_22' title='bbox 3184 536 3353 591; x_wconf 84' lang='lat' dir='ltr'><strong>mira-</strong></span> 
     </span>
    </p>
   </div>
   <div class='ocr_carea' id='block_1_6' title="bbox 91 610 1670 685">
    <p class='ocr_par' dir='ltr' id='par_1_6' title="bbox 91 610 1670 685">
     <span class='ocr_line' id='line_1_6' title="bbox 91 610 1670 685; baseline 0.003 -23"><span class='ocrx_word' id='word_1_23' title='bbox 91 610 479 680; x_wconf 77' lang='grc' dir='ltr'>ιιγωγηθῆναι,</span> <span class='ocrx_word' id='word_1_24' title='bbox 500 611 655 665; x_wconf 81' lang='grc' dir='ltr'>κενὸν</span> <span class='ocrx_word' id='word_1_25' title='bbox 692 614 789 665; x_wconf 80' lang='grc' dir='ltr'>καὶ</span> <span class='ocrx_word' id='word_1_26' title='bbox 812 614 1039 683; x_wconf 81' lang='grc' dir='ltr'>μάταιον</span> <span class='ocrx_word' id='word_1_27' title='bbox 1074 614 1108 685; x_wconf 75' lang='grc' dir='ltr'>ἡ</span> <span class='ocrx_word' id='word_1_28' title='bbox 1137 613 1246 667; x_wconf 82' lang='grc' dir='ltr'><strong>τῶν</strong></span> <span class='ocrx_word' id='word_1_29' title='bbox 1275 615 1515 684; x_wconf 85' lang='grc' dir='ltr'>σημείων</span> <span class='ocrx_word' id='word_1_30' title='bbox 1547 616 1670 681; x_wconf 74' lang='grc' dir='ltr'>επί-</span> 
     </span>
    </p>
   </div>
   <div class='ocr_carea' id='block_1_7' title="bbox 87 698 1666 776">
    <p class='ocr_par' dir='ltr' id='par_1_7' title="bbox 87 698 1666 776">
     <span class='ocr_line' id='line_1_7' title="bbox 87 698 1666 776; baseline 0.003 -24"><span class='ocrx_word' id='word_1_31' title='bbox 87 698 285 766; x_wconf 77' lang='grc' dir='ltr'>δειξις.</span> <span class='ocrx_word' id='word_1_32' title='bbox 318 700 441 765; x_wconf 75' lang='grc' dir='ltr'>Τοῖς</span> <span class='ocrx_word' id='word_1_33' title='bbox 467 701 525 754; x_wconf 71' lang='grc' dir='ltr'>δέ</span> <span class='ocrx_word' id='word_1_34' title='bbox 556 719 619 770; x_wconf 85' lang='grc' dir='ltr'><strong>γε</strong></span> <span class='ocrx_word' id='word_1_35' title='bbox 662 704 721 755; x_wconf 82' lang='grc' dir='ltr'>ἐν</span> <span class='ocrx_word' id='word_1_36' title='bbox 747 704 814 773; x_wconf 77' lang='grc' dir='ltr'>τῇ</span> <span class='ocrx_word' id='word_1_37' title='bbox 851 703 1079 775; x_wconf 76' lang='grc' dir='ltr'><strong>ἀπιστίᾳ</strong></span> <span class='ocrx_word' id='word_1_38' title='bbox 1114 704 1215 774; x_wconf 80' lang='grc' dir='ltr'>μὲν</span> <span class='ocrx_word' id='word_1_39' title='bbox 1250 704 1666 776; x_wconf 74' lang='grc' dir='ltr'>τεθραμμένοις,</span> 
     </span>
    </p>
   </div>
   <div class='ocr_carea' id='block_1_8' title="bbox 87 790 1671 866">
    <p class='ocr_par' dir='ltr' id='par_1_8' title="bbox 87 790 1671 866">
     <span class='ocr_line' id='line_1_8' title="bbox 87 790 1671 866; baseline 0.001 -20"><span class='ocrx_word' id='word_1_40' title='bbox 87 790 222 848; x_wconf 77' lang='grc' dir='ltr'>εἶτα</span> <span class='ocrx_word' id='word_1_41' title='bbox 247 797 431 866; x_wconf 76' lang='grc' dir='ltr'>ἡρέμα</span> <span class='ocrx_word' id='word_1_42' title='bbox 461 811 576 857; x_wconf 88' lang='grc' dir='ltr'><strong>πως</strong></span> <span class='ocrx_word' id='word_1_43' title='bbox 614 797 741 858; x_wconf 76' lang='grc' dir='ltr'>τοὺς</span> <span class='ocrx_word' id='word_1_44' title='bbox 771 796 1065 866; x_wconf 74' lang='grc' dir='ltr'><strong>λυγισμοὺς</strong></span> <span class='ocrx_word' id='word_1_45' title='bbox 1095 796 1231 866; x_wconf 71' lang='grc' dir='ltr'>πρὸς</span> <span class='ocrx_word' id='word_1_46' title='bbox 1261 796 1362 865; x_wconf 81' lang='grc' dir='ltr'>τὴν</span> <span class='ocrx_word' id='word_1_47' title='bbox 1389 795 1671 849; x_wconf 69' lang='grc' dir='ltr'>εὐσέϐειαν</span> 
     </span>
    </p>
   </div>
   <div class='ocr_carea' id='block_1_9' title="bbox 86 884 1672 954">
    <p class='ocr_par' dir='ltr' id='par_1_9' title="bbox 86 884 1672 954">
     <span class='ocr_line' id='line_1_9' title="bbox 86 884 1672 954; baseline 0 -18"><span class='ocrx_word' id='word_1_48' title='bbox 86 886 359 940; x_wconf 80' lang='grc' dir='ltr'>ἐνδιδόναι</span> <span class='ocrx_word' id='word_1_49' title='bbox 386 885 836 954; x_wconf 71' lang='grc' dir='ltr'>διανισταμὲνοις,</span> <span class='ocrx_word' id='word_1_50' title='bbox 869 884 1078 949; x_wconf 80' lang='grc' dir='ltr'><strong>τούτοις</strong></span> <span class='ocrx_word' id='word_1_51' title='bbox 1102 885 1277 938; x_wconf 86' lang='grc' dir='ltr'>οίκεία</span> <span class='ocrx_word' id='word_1_52' title='bbox 1308 886 1404 937; x_wconf 82' lang='grc' dir='ltr'>καὶ</span> <span class='ocrx_word' id='word_1_53' title='bbox 1432 889 1672 954; x_wconf 81' lang='grc' dir='ltr'>πρόσφο-</span> 
     </span>
    </p>
   </div>
   <div class='ocr_carea' id='block_1_10' title="bbox 88 964 1669 1050">
    <p class='ocr_par' dir='ltr' id='par_1_10' title="bbox 88 964 1669 1050">
     <span class='ocr_line' id='line_1_10' title="bbox 88 964 1669 1050; baseline -0.003 -18"><span class='ocrx_word' id='word_1_54' title='bbox 88 996 192 1050; x_wconf 88' lang='grc' dir='ltr'><strong>ρος</strong></span> <span class='ocrx_word' id='word_1_55' title='bbox 243 979 353 1030; x_wconf 83' lang='grc' dir='ltr'>τῶν</span> <span class='ocrx_word' id='word_1_56' title='bbox 401 976 719 1046; x_wconf 73' lang='grc' dir='ltr'><strong>παραδόξων</strong></span> <span class='ocrx_word' id='word_1_57' title='bbox 747 976 925 1047; x_wconf 71' lang='grc' dir='ltr'>ἔργων</span> <span class='ocrx_word' id='word_1_58' title='bbox 946 978 981 1048; x_wconf 79' lang='grc' dir='ltr'>ἡ</span> <span class='ocrx_word' id='word_1_59' title='bbox 1019 964 1347 1047; x_wconf 78' lang='grc' dir='ltr'>φανέρωσις.</span> <span class='ocrx_word' id='word_1_60' title='bbox 1382 977 1480 1029; x_wconf 80' lang='grc' dir='ltr'>Διὰ</span> <span class='ocrx_word' id='word_1_61' title='bbox 1513 975 1669 1028; x_wconf 81' lang='grc' dir='ltr'>τοῦτο</span> 
     </span>
    </p>
   </div>
   <div class='ocr_carea' id='block_1_11' title="bbox 86 1066 1667 1139">
    <p class='ocr_par' dir='ltr' id='par_1_11' title="bbox 86 1066 1667 1139">
     <span class='ocr_line' id='line_1_11' title="bbox 86 1066 1667 1139; baseline -0.003 -18"><span class='ocrx_word' id='word_1_62' title='bbox 86 1071 191 1121; x_wconf 80' lang='grc' dir='ltr'><strong>καὶ</strong></span> <span class='ocrx_word' id='word_1_63' title='bbox 218 1070 250 1120; x_wconf 99' lang='lat'><strong>6</strong></span> <span class='ocrx_word' id='word_1_64' title='bbox 282 1068 481 1139; x_wconf 70' lang='grc' dir='ltr'>Κύριος</span> <span class='ocrx_word' id='word_1_65' title='bbox 512 1067 638 1120; x_wconf 74' lang='grc' dir='ltr'>οὔτε</span> <span class='ocrx_word' id='word_1_66' title='bbox 674 1069 821 1139; x_wconf 83' lang='grc' dir='ltr'>παρὰ</span> <span class='ocrx_word' id='word_1_67' title='bbox 857 1067 966 1121; x_wconf 80' lang='grc' dir='ltr'><strong>τῶν</strong></span> <span class='ocrx_word' id='word_1_68' title='bbox 996 1067 1272 1128; x_wconf 80' lang='grc' dir='ltr'>παντελῶς</span> <span class='ocrx_word' id='word_1_69' title='bbox 1299 1066 1542 1119; x_wconf 79' lang='grc' dir='ltr'>ἀπίστων</span> <span class='ocrx_word' id='word_1_70' title='bbox 1572 1066 1667 1117; x_wconf 91' lang='grc' dir='ltr'>πί-</span> 
     </span>
    </p>
   </div>
   <div class='ocr_carea' id='block_1_12' title="bbox 85 1157 1665 1233">
    <p class='ocr_par' dir='ltr' id='par_1_12' title="bbox 85 1157 1665 1233">
     <span class='ocr_line' id='line_1_12' title="bbox 85 1157 1665 1233; baseline -0.003 -20"><span class='ocrx_word' id='word_1_71' title='bbox 85 1179 215 1213; x_wconf 78' lang='grc' dir='ltr'>στιν</span> <span class='ocrx_word' id='word_1_72' title='bbox 258 1162 522 1233; x_wconf 74' lang='grc' dir='ltr'>ἐπιζητεῖ.</span> <span class='ocrx_word' id='word_1_73' title='bbox 578 1160 737 1233; x_wconf 76' lang='grc' dir='ltr'>’ῌδει</span> <span class='ocrx_word' id='word_1_74' title='bbox 780 1162 889 1231; x_wconf 77' lang='grc' dir='ltr'><strong>γὰρ</strong></span> <span class='ocrx_word' id='word_1_75' title='bbox 914 1160 1013 1230; x_wconf 70' lang='grc' dir='ltr'><strong>οὐχ</strong></span> <span class='ocrx_word' id='word_1_76' title='bbox 1056 1160 1328 1230; x_wconf 73' lang='grc' dir='ltr'><strong>εὑρίσκων</strong></span> <span class='ocrx_word' id='word_1_77' title='bbox 1359 1160 1416 1210; x_wconf 76' lang='grc' dir='ltr'>ὲν</span> <span class='ocrx_word' id='word_1_78' title='bbox 1444 1157 1626 1218; x_wconf 76' lang='grc' dir='ltr'>αὐτοῖς</span> <span class='ocrx_word' id='word_1_79' title='bbox 1650 1172 1665 1187; x_wconf 91' lang='grc'><strong>·</strong></span> 
     </span>
    </p>
   </div>
   <div class='ocr_carea' id='block_1_13' title="bbox 84 1246 1707 1321">
    <p class='ocr_par' dir='ltr' id='par_1_13' title="bbox 84 1246 1707 1321">
     <span class='ocr_line' id='line_1_13' title="bbox 84 1246 1707 1321; baseline -0.004 -18"><span class='ocrx_word' id='word_1_80' title='bbox 84 1250 222 1303; x_wconf 74' lang='grc' dir='ltr'>οὔτε</span> <span class='ocrx_word' id='word_1_81' title='bbox 254 1251 406 1321; x_wconf 82' lang='grc' dir='ltr'>παρὰ</span> <span class='ocrx_word' id='word_1_82' title='bbox 431 1250 541 1303; x_wconf 86' lang='grc' dir='ltr'>τῶν</span> <span class='ocrx_word' id='word_1_83' title='bbox 561 1248 869 1319; x_wconf 73' lang='grc' dir='ltr'>εἰλικρινῶς</span> <span class='ocrx_word' id='word_1_84' title='bbox 906 1248 1373 1303; x_wconf 78' lang='grc' dir='ltr'><strong>πεπιστευκότων.</strong></span> <span class='ocrx_word' id='word_1_85' title='bbox 1411 1246 1671 1319; x_wconf 84' lang='grc' dir='ltr'>Προειλὴ-</span> <span class='ocrx_word' id='word_1_86' title='bbox 1702 1263 1707 1267; x_wconf 94' lang='grc'><strong>·</strong></span> 
     </span>
    </p>
   </div>
   <div class='ocr_carea' id='block_1_14' title="bbox 85 1339 1671 1411">
    <p class='ocr_par' dir='ltr' id='par_1_14' title="bbox 85 1339 1671 1411">
     <span class='ocr_line' id='line_1_14' title="bbox 85 1339 1671 1411; baseline -0.001 -18"><span class='ocrx_word' id='word_1_87' title='bbox 85 1360 187 1409; x_wconf 75' lang='grc' dir='ltr'><strong>φει</strong></span> <span class='ocrx_word' id='word_1_88' title='bbox 220 1343 330 1411; x_wconf 73' lang='grc' dir='ltr'><strong>γὰρ</strong></span> <span class='ocrx_word' id='word_1_89' title='bbox 354 1343 448 1395; x_wconf 75' lang='grc' dir='ltr'>καὶ</span> <span class='ocrx_word' id='word_1_90' title='bbox 480 1341 687 1409; x_wconf 78' lang='grc' dir='ltr'>ταύτην</span> <span class='ocrx_word' id='word_1_91' title='bbox 721 1340 1246 1411; x_wconf 82' lang='grc' dir='ltr'>προεισενεγκόντων</span> <span class='ocrx_word' id='word_1_92' title='bbox 1267 1339 1476 1406; x_wconf 61' lang='grc' dir='ltr'>αὐτῶν.</span> <span class='ocrx_word' id='word_1_93' title='bbox 1508 1342 1671 1407; x_wconf 82' lang='grc' dir='ltr'>Ζητεί</span> 
     </span>
    </p>
   </div>
   <div class='ocr_carea' id='block_1_15' title="bbox 80 1430 1670 1503">
    <p class='ocr_par' dir='ltr' id='par_1_15' title="bbox 80 1430 1670 1503">
     <span class='ocr_line' id='line_1_15' title="bbox 80 1430 1670 1503; baseline -0.001 -18"><span class='ocrx_word' id='word_1_94' title='bbox 80 1435 148 1485; x_wconf 77' lang='grc' dir='ltr'>δὲ</span> <span class='ocrx_word' id='word_1_95' title='bbox 177 1434 311 1503; x_wconf 73' lang='grc' dir='ltr'>παρ’</span> <span class='ocrx_word' id='word_1_96' title='bbox 339 1432 582 1497; x_wconf 71' lang='grc' dir='ltr'>ἐκείνων,</span> <span class='ocrx_word' id='word_1_97' title='bbox 616 1432 667 1485; x_wconf 86' lang='grc' dir='ltr'>οἳ</span> <span class='ocrx_word' id='word_1_98' title='bbox 695 1432 755 1496; x_wconf 70' lang='grc' dir='ltr'>εξ</span> <span class='ocrx_word' id='word_1_99' title='bbox 791 1432 1042 1495; x_wconf 72' lang='grc' dir='ltr'>ἀσεϐείας</span> <span class='ocrx_word' id='word_1_100' title='bbox 1073 1432 1153 1493; x_wconf 87' lang='grc' dir='ltr'><strong>είς</strong></span> <span class='ocrx_word' id='word_1_101' title='bbox 1192 1430 1474 1484; x_wconf 74' lang='grc' dir='ltr'>εὐσέϐειαν</span> <span class='ocrx_word' id='word_1_102' title='bbox 1507 1447 1670 1500; x_wconf 86' lang='grc' dir='ltr'>μετα·</span> 
     </span>
    </p>
   </div>
   <div class='ocr_carea' id='block_1_16' title="bbox 82 1521 1666 1595">
    <p class='ocr_par' dir='ltr' id='par_1_16' title="bbox 82 1521 1666 1595">
     <span class='ocr_line' id='line_1_16' title="bbox 82 1521 1666 1595; baseline -0.001 -19"><span class='ocrx_word' id='word_1_103' title='bbox 82 1525 438 1593; x_wconf 77' lang='grc' dir='ltr'>ϐαλλόμενοι,</span> <span class='ocrx_word' id='word_1_104' title='bbox 484 1524 586 1595; x_wconf 70' lang='grc' dir='ltr'><strong>ήδη</strong></span> <span class='ocrx_word' id='word_1_105' title='bbox 625 1525 739 1595; x_wconf 68' lang='grc'><strong>(44)</strong></span> <span class='ocrx_word' id='word_1_106' title='bbox 767 1523 865 1592; x_wconf 72' lang='grc' dir='ltr'>τὴν</span> <span class='ocrx_word' id='word_1_107' title='bbox 907 1523 1093 1576; x_wconf 84' lang='grc' dir='ltr'>πίστιν</span> <span class='ocrx_word' id='word_1_108' title='bbox 1121 1521 1404 1575; x_wconf 83' lang='grc' dir='ltr'>ὠδίνουσιν</span> <span class='ocrx_word' id='word_1_109' title='bbox 1443 1526 1502 1576; x_wconf 78' lang='grc' dir='ltr'><strong>εν</strong></span> <span class='ocrx_word' id='word_1_110' title='bbox 1535 1524 1666 1575; x_wconf 78' lang='grc' dir='ltr'>ἑαυ-</span> 
     </span>
    </p>
   </div>
   <div class='ocr_carea' id='block_1_17' title="bbox 79 1615 1668 1685">
    <p class='ocr_par' dir='ltr' id='par_1_17' title="bbox 79 1615 1668 1685">
     <span class='ocr_line' id='line_1_17' title="bbox 79 1615 1668 1685; baseline -0.001 -18"><span class='ocrx_word' id='word_1_111' title='bbox 79 1622 227 1679; x_wconf 75' lang='grc' dir='ltr'>τοῖς.</span> <span class='ocrx_word' id='word_1_112' title='bbox 253 1618 376 1679; x_wconf 78' lang='grc' dir='ltr'>Τοῖς</span> <span class='ocrx_word' id='word_1_113' title='bbox 404 1617 584 1671; x_wconf 78' lang='grc' dir='ltr'>τοίνυν</span> <span class='ocrx_word' id='word_1_114' title='bbox 616 1619 826 1680; x_wconf 81' lang='grc' dir='ltr'>πιστοῖς</span> <span class='ocrx_word' id='word_1_115' title='bbox 857 1616 918 1669; x_wconf 86' lang='grc' dir='ltr'>οὑ</span> <span class='ocrx_word' id='word_1_116' title='bbox 957 1616 1159 1669; x_wconf 78' lang='grc' dir='ltr'>δίδοται</span> <span class='ocrx_word' id='word_1_117' title='bbox 1206 1615 1274 1667; x_wconf 78' lang='grc' dir='ltr'>τὰ</span> <span class='ocrx_word' id='word_1_118' title='bbox 1310 1616 1533 1685; x_wconf 76' lang='grc' dir='ltr'>σημεῖα.</span> <span class='ocrx_word' id='word_1_119' title='bbox 1563 1617 1668 1669; x_wconf 82' lang='grc' dir='ltr'><strong>Πε-</strong></span> 
     </span>
    </p>
   </div>
   <div class='ocr_carea' id='block_1_18' title="bbox 86 1706 1665 1779">
    <p class='ocr_par' dir='ltr' id='par_1_18' title="bbox 86 1706 1665 1779">
     <span class='ocr_line' id='line_1_18' title="bbox 86 1706 1665 1779; baseline 0.003 -23"><span class='ocrx_word' id='word_1_120' title='bbox 86 1706 277 1773; x_wconf 69' lang='grc' dir='ltr'>ριττδν</span> <span class='ocrx_word' id='word_1_121' title='bbox 302 1706 430 1778; x_wconf 78' lang='grc' dir='ltr'>γάρ.</span> <span class='ocrx_word' id='word_1_122' title='bbox 469 1706 603 1761; x_wconf 69' lang='grc' dir='ltr'>Οὐδὲ</span> <span class='ocrx_word' id='word_1_123' title='bbox 636 1710 747 1771; x_wconf 79' lang='grc' dir='ltr'><strong>τοίς</strong></span> <span class='ocrx_word' id='word_1_124' title='bbox 781 1706 1179 1778; x_wconf 76' lang='grc' dir='ltr'>ἀμεταόλὴτως</span> <span class='ocrx_word' id='word_1_125' title='bbox 1200 1706 1413 1779; x_wconf 79' lang='grc' dir='ltr'>ἔχουσιν</span> <span class='ocrx_word' id='word_1_126' title='bbox 1436 1709 1542 1761; x_wconf 82' lang='grc' dir='ltr'><strong>ἀπὸ</strong></span> <span class='ocrx_word' id='word_1_127' title='bbox 1567 1708 1665 1778; x_wconf 83' lang='grc' dir='ltr'>τῆς</span> 
     </span>
    </p>
   </div>
   <div class='ocr_carea' id='block_1_19' title="bbox 80 1797 1666 1869">
    <p class='ocr_par' dir='ltr' id='par_1_19' title="bbox 80 1797 1666 1869">
     <span class='ocr_line' id='line_1_19' title="bbox 80 1797 1666 1869; baseline 0.003 -21"><span class='ocrx_word' id='word_1_128' title='bbox 80 1798 374 1862; x_wconf 83' lang='grc' dir='ltr'>ἀπιστίας.</span> <span class='ocrx_word' id='word_1_129' title='bbox 402 1798 495 1862; x_wconf 69' lang='lat' dir='ltr'><strong>Et;</strong></span> <span class='ocrx_word' id='word_1_130' title='bbox 520 1798 677 1852; x_wconf 74' lang='grc' dir='ltr'>κενὸν</span> <span class='ocrx_word' id='word_1_131' title='bbox 707 1797 836 1869; x_wconf 75' lang='grc' dir='ltr'>γάρ.</span> <span class='ocrx_word' id='word_1_132' title='bbox 886 1798 1045 1852; x_wconf 77' lang='grc' dir='ltr'>Ἀλλὰ</span> <span class='ocrx_word' id='word_1_133' title='bbox 1071 1802 1183 1864; x_wconf 81' lang='grc' dir='ltr'>τοῖς</span> <span class='ocrx_word' id='word_1_134' title='bbox 1212 1799 1269 1866; x_wconf 78' lang='grc' dir='ltr'><strong>ιε</strong></span> <span class='ocrx_word' id='word_1_135' title='bbox 1309 1800 1564 1863; x_wconf 82' lang='grc' dir='ltr'>ἀπιστίας</span> <span class='ocrx_word' id='word_1_136' title='bbox 1585 1803 1666 1863; x_wconf 83' lang='grc' dir='ltr'><strong>είς</strong></span> 
     </span>
    </p>
   </div>
   <div class='ocr_carea' id='block_1_20' title="bbox 1774 618 3347 690">
    <p class='ocr_par' dir='ltr' id='par_1_20' title="bbox 1774 618 3347 690">
     <span class='ocr_line' id='line_1_20' title="bbox 1774 618 3347 690; baseline 0.006 -18"><span class='ocrx_word' id='word_1_137' title='bbox 1774 620 1895 672; x_wconf 93' lang='lat' dir='ltr'><strong>cula</strong></span> <span class='ocrx_word' id='word_1_138' title='bbox 1922 618 2117 672; x_wconf 77' lang='lat' dir='ltr'><strong>adduci</strong></span> <span class='ocrx_word' id='word_1_139' title='bbox 2149 618 2394 687; x_wconf 89' lang='lat' dir='ltr'><strong>cupiunt,</strong></span> <span class='ocrx_word' id='word_1_140' title='bbox 2422 618 2697 690; x_wconf 76' lang='lat' dir='ltr'><strong>signorum</strong></span> <span class='ocrx_word' id='word_1_141' title='bbox 2722 621 3116 679; x_wconf 71' lang='lat' dir='ltr'><strong>demonstratio</strong></span> <span class='ocrx_word' id='word_1_142' title='bbox 3141 623 3347 681; x_wconf 39' lang='lat' dir='ltr'><strong>frusu‘a</strong></span> 
     </span>
    </p>
   </div>
   <div class='ocr_carea' id='block_1_21' title="bbox 1771 708 3348 788">
    <p class='ocr_par' dir='ltr' id='par_1_21' title="bbox 1771 708 3348 788">
     <span class='ocr_line' id='line_1_21' title="bbox 1771 708 3348 788; baseline 0.006 -26"><span class='ocrx_word' id='word_1_143' title='bbox 1771 718 1826 762; x_wconf 90' lang='lat' dir='ltr'><strong>et</strong></span> <span class='ocrx_word' id='word_1_144' title='bbox 1863 723 2002 762; x_wconf 76' lang='lat' dir='ltr'><strong>vano</strong></span> <span class='ocrx_word' id='word_1_145' title='bbox 2026 718 2223 762; x_wconf 90' lang='lat' dir='ltr'><strong>conatu</strong></span> <span class='ocrx_word' id='word_1_146' title='bbox 2256 708 2500 763; x_wconf 82' lang='lat' dir='ltr'><strong>offertur.</strong></span> <span class='ocrx_word' id='word_1_147' title='bbox 2546 714 2746 766; x_wconf 71' lang='lat' dir='ltr'><strong>tttmtra</strong></span> <span class='ocrx_word' id='word_1_148' title='bbox 2776 728 2904 769; x_wconf 76' lang='lat' dir='ltr'><strong>VCI‘O</strong></span> <span class='ocrx_word' id='word_1_149' title='bbox 2960 715 3069 770; x_wconf 88' lang='lat' dir='ltr'><strong>illis</strong></span> <span class='ocrx_word' id='word_1_150' title='bbox 3092 757 3108 783; x_wconf 94' lang='lat'><strong>,</strong></span> <span class='ocrx_word' id='word_1_151' title='bbox 3161 719 3257 788; x_wconf 93' lang='lat' dir='ltr'><strong>qui</strong></span> <span class='ocrx_word' id='word_1_152' title='bbox 3293 721 3348 771; x_wconf 87' lang='lat' dir='ltr'><strong>in</strong></span> 
     </span>
    </p>
   </div>
   <div class='ocr_carea' id='block_1_22' title="bbox 1771 800 3355 875">
    <p class='ocr_par' dir='ltr' id='par_1_22' title="bbox 1771 800 3355 875">
     <span class='ocr_line' id='line_1_22' title="bbox 1771 800 3355 875; baseline 0.007 -22"><span class='ocrx_word' id='word_1_153' title='bbox 1771 800 2155 854; x_wconf 82' lang='lat' dir='ltr'><strong>incredulitate</strong></span> <span class='ocrx_word' id='word_1_154' title='bbox 2215 800 2430 854; x_wconf 81' lang='lat' dir='ltr'><strong>educati</strong></span> <span class='ocrx_word' id='word_1_155' title='bbox 2498 804 2716 871; x_wconf 79' lang='lat' dir='ltr'><strong>quidem</strong></span> <span class='ocrx_word' id='word_1_156' title='bbox 2774 815 2937 871; x_wconf 83' lang='lat' dir='ltr'><strong>sunt,</strong></span> <span class='ocrx_word' id='word_1_157' title='bbox 2992 816 3181 875; x_wconf 87' lang='lat' dir='ltr'><strong>postea</strong></span> <span class='ocrx_word' id='word_1_158' title='bbox 3223 825 3355 865; x_wconf 83' lang='lat' dir='ltr'><strong>vero</strong></span> 
     </span>
    </p>
   </div>
   <div class='ocr_carea' id='block_1_23' title="bbox 1769 892 3355 965">
    <p class='ocr_par' dir='ltr' id='par_1_23' title="bbox 1769 892 3355 965">
     <span class='ocr_line' id='line_1_23' title="bbox 1769 892 3355 965; baseline 0.007 -20"><span class='ocrx_word' id='word_1_159' title='bbox 1769 892 1974 945; x_wconf 86' lang='lat' dir='ltr'><strong>sensim</strong></span> <span class='ocrx_word' id='word_1_160' title='bbox 2043 904 2281 944; x_wconf 87' lang='lat' dir='ltr'><strong>mentem</strong></span> <span class='ocrx_word' id='word_1_161' title='bbox 2346 908 2500 946; x_wconf 91' lang='lat' dir='ltr'><strong>suam</strong></span> <span class='ocrx_word' id='word_1_162' title='bbox 2568 895 2635 948; x_wconf 90' lang='lat' dir='ltr'><strong>ad</strong></span> <span class='ocrx_word' id='word_1_163' title='bbox 2704 898 2964 965; x_wconf 26' lang='lat' dir='ltr'><strong>pietatem,</strong></span> <span class='ocrx_word' id='word_1_164' title='bbox 3034 914 3355 956; x_wconf 71' lang='lat' dir='ltr'><strong>convertere</strong></span> 
     </span>
    </p>
   </div>
   <div class='ocr_carea' id='block_1_24' title="bbox 1768 983 3351 1051">
    <p class='ocr_par' dir='ltr' id='par_1_24' title="bbox 1768 983 3351 1051">
     <span class='ocr_line' id='line_1_24' title="bbox 1768 983 3351 1051; baseline 0.007 -14"><span class='ocrx_word' id='word_1_165' title='bbox 1768 983 2062 1044; x_wconf 86' lang='lat' dir='ltr'><strong>sustinent,</strong></span> <span class='ocrx_word' id='word_1_166' title='bbox 2087 998 2310 1051; x_wconf 88' lang='lat' dir='ltr'><strong>operum</strong></span> <span class='ocrx_word' id='word_1_167' title='bbox 2342 985 2711 1041; x_wconf 85' lang='lat' dir='ltr'><strong>mirandorum</strong></span> <span class='ocrx_word' id='word_1_168' title='bbox 2736 989 3107 1047; x_wconf 87' lang='lat' dir='ltr'><strong>manifestatio</strong></span> <span class='ocrx_word' id='word_1_169' title='bbox 3128 1008 3351 1049; x_wconf 77' lang='lat' dir='ltr'><strong>aCCom-</strong></span> 
     </span>
    </p>
   </div>
   <div class='ocr_carea' id='block_1_25' title="bbox 1769 1074 3354 1148">
    <p class='ocr_par' dir='ltr' id='par_1_25' title="bbox 1769 1074 3354 1148">
     <span class='ocr_line' id='line_1_25' title="bbox 1769 1074 3354 1148; baseline 0.008 -21"><span class='ocrx_word' id='word_1_170' title='bbox 1769 1074 1984 1128; x_wconf 87' lang='lat' dir='ltr'><strong>modata</strong></span> <span class='ocrx_word' id='word_1_171' title='bbox 2012 1088 2067 1129; x_wconf 89' lang='lat' dir='ltr'><strong>et</strong></span> <span class='ocrx_word' id='word_1_172' title='bbox 2096 1075 2336 1145; x_wconf 80' lang='lat' dir='ltr'><strong>proﬂcua</strong></span> <span class='ocrx_word' id='word_1_173' title='bbox 2370 1087 2469 1131; x_wconf 73' lang='lat' dir='ltr'><strong>est.</strong></span> <span class='ocrx_word' id='word_1_174' title='bbox 2508 1078 2797 1148; x_wconf 82' lang='lat' dir='ltr'><strong>Propterea</strong></span> <span class='ocrx_word' id='word_1_175' title='bbox 2828 1090 2883 1135; x_wconf 92' lang='lat' dir='ltr'><strong>et</strong></span> <span class='ocrx_word' id='word_1_176' title='bbox 2931 1082 3196 1140; x_wconf 83' lang='lat' dir='ltr'><strong>Dominus</strong></span> <span class='ocrx_word' id='word_1_177' title='bbox 3250 1102 3354 1141; x_wconf 90' lang='lat' dir='ltr'><strong>nec</strong></span> 
     </span>
    </p>
   </div>
   <div class='ocr_carea' id='block_1_26' title="bbox 1766 1166 3353 1246">
    <p class='ocr_par' dir='ltr' id='par_1_26' title="bbox 1766 1166 3353 1246">
     <span class='ocr_line' id='line_1_26' title="bbox 1766 1166 3353 1246; baseline 0.008 -27"><span class='ocrx_word' id='word_1_178' title='bbox 1766 1166 1835 1219; x_wconf 92' lang='lat' dir='ltr'><strong>ab</strong></span> <span class='ocrx_word' id='word_1_179' title='bbox 1864 1166 1994 1229; x_wconf 83' lang='lat' dir='ltr'><strong>illis,</strong></span> <span class='ocrx_word' id='word_1_180' title='bbox 2026 1169 2119 1236; x_wconf 86' lang='lat' dir='ltr'><strong>qui</strong></span> <span class='ocrx_word' id='word_1_181' title='bbox 2149 1172 2365 1235; x_wconf 81' lang='lat' dir='ltr'><strong>penitus</strong></span> <span class='ocrx_word' id='word_1_182' title='bbox 2392 1179 2548 1223; x_wconf 79' lang='lat' dir='ltr'><strong>erant</strong></span> <span class='ocrx_word' id='word_1_183' title='bbox 2579 1173 2861 1237; x_wconf 80' lang='lat' dir='ltr'><strong>increduli,</strong></span> <span class='ocrx_word' id='word_1_184' title='bbox 2899 1174 3057 1229; x_wconf 84' lang='lat' dir='ltr'><strong>fidem</strong></span> <span class='ocrx_word' id='word_1_185' title='bbox 3090 1178 3353 1246; x_wconf 85' lang='lat' dir='ltr'><strong>postulat;</strong></span> 
     </span>
    </p>
   </div>
   <div class='ocr_carea' id='block_1_27' title="bbox 1768 1260 3357 1338">
    <p class='ocr_par' dir='ltr' id='par_1_27' title="bbox 1768 1260 3357 1338">
     <span class='ocr_line' id='line_1_27' title="bbox 1768 1260 3357 1338; baseline 0.009 -27"><span class='ocrx_word' id='word_1_186' title='bbox 1768 1269 2001 1311; x_wconf 82' lang='lat' dir='ltr'><strong>noverat</strong></span> <span class='ocrx_word' id='word_1_187' title='bbox 2032 1260 2179 1312; x_wconf 90' lang='lat' dir='ltr'><strong>enim</strong></span> <span class='ocrx_word' id='word_1_188' title='bbox 2208 1275 2268 1313; x_wconf 83' lang='lat' dir='ltr'><strong>se</strong></span> <span class='ocrx_word' id='word_1_189' title='bbox 2294 1266 2435 1327; x_wconf 78' lang='lat' dir='ltr'><strong>apud</strong></span> <span class='ocrx_word' id='word_1_190' title='bbox 2469 1264 2587 1315; x_wconf 73' lang='lat' dir='ltr'><strong>illos</strong></span> <span class='ocrx_word' id='word_1_191' title='bbox 2614 1279 2719 1316; x_wconf 89' lang='lat' dir='ltr'><strong>non</strong></span> <span class='ocrx_word' id='word_1_192' title='bbox 2753 1265 3098 1320; x_wconf 87' lang='lat' dir='ltr'><strong>inventurum</strong></span> <span class='ocrx_word' id='word_1_193' title='bbox 3130 1286 3144 1322; x_wconf 90' lang='lat'><strong>:</strong></span> <span class='ocrx_word' id='word_1_194' title='bbox 3179 1285 3357 1338; x_wconf 86' lang='lat' dir='ltr'><strong>neque</strong></span> 
     </span>
    </p>
   </div>
   <div class='ocr_carea' id='block_1_28' title="bbox 1768 1346 3355 1418">
    <p class='ocr_par' dir='ltr' id='par_1_28' title="bbox 1768 1346 3355 1418">
     <span class='ocr_line' id='line_1_28' title="bbox 1768 1346 3355 1418; baseline 0.009 -21"><span class='ocrx_word' id='word_1_195' title='bbox 1768 1346 1837 1397; x_wconf 87' lang='lat' dir='ltr'><strong>ab</strong></span> <span class='ocrx_word' id='word_1_196' title='bbox 1870 1346 1997 1411; x_wconf 88' lang='lat' dir='ltr'><strong>illis,</strong></span> <span class='ocrx_word' id='word_1_197' title='bbox 2037 1347 2128 1415; x_wconf 90' lang='lat' dir='ltr'><strong>qui</strong></span> <span class='ocrx_word' id='word_1_198' title='bbox 2194 1347 2407 1402; x_wconf 86' lang='lat' dir='ltr'><strong>sincere</strong></span> <span class='ocrx_word' id='word_1_199' title='bbox 2440 1351 2727 1405; x_wconf 81' lang='lat' dir='ltr'><strong>credebant</strong></span> <span class='ocrx_word' id='word_1_200' title='bbox 2756 1370 2770 1418; x_wconf 87' lang='lat'><strong>;</strong></span> <span class='ocrx_word' id='word_1_201' title='bbox 2817 1366 3044 1409; x_wconf 83' lang='lat' dir='ltr'><strong>noverat</strong></span> <span class='ocrx_word' id='word_1_202' title='bbox 3076 1358 3223 1410; x_wconf 84' lang='lat' dir='ltr'><strong>enim</strong></span> <span class='ocrx_word' id='word_1_203' title='bbox 3258 1373 3355 1413; x_wconf 87' lang='lat' dir='ltr'><strong>eos</strong></span> 
     </span>
    </p>
   </div>
   <div class='ocr_carea' id='block_1_29' title="bbox 1767 1436 3354 1516">
    <p class='ocr_par' dir='ltr' id='par_1_29' title="bbox 1767 1436 3354 1516">
     <span class='ocr_line' id='line_1_29' title="bbox 1767 1436 3354 1516; baseline 0.008 -28"><span class='ocrx_word' id='word_1_204' title='bbox 1767 1436 1913 1489; x_wconf 84' lang='lat' dir='ltr'><strong>illam</strong></span> <span class='ocrx_word' id='word_1_205' title='bbox 1944 1437 2055 1505; x_wconf 87' lang='lat' dir='ltr'><strong>jam</strong></span> <span class='ocrx_word' id='word_1_206' title='bbox 2088 1448 2214 1492; x_wconf 82' lang='lat' dir='ltr'><strong>ante</strong></span> <span class='ocrx_word' id='word_1_207' title='bbox 2241 1443 2524 1509; x_wconf 79' lang='lat' dir='ltr'><strong>probasse.</strong></span> <span class='ocrx_word' id='word_1_208' title='bbox 2558 1442 2804 1497; x_wconf 80' lang='lat' dir='ltr'><strong>Postulat</strong></span> <span class='ocrx_word' id='word_1_209' title='bbox 2829 1460 2957 1497; x_wconf 89' lang='lat' dir='ltr'><strong>vero</strong></span> <span class='ocrx_word' id='word_1_210' title='bbox 2982 1446 3052 1499; x_wconf 91' lang='lat' dir='ltr'><strong>ab</strong></span> <span class='ocrx_word' id='word_1_211' title='bbox 3081 1446 3214 1510; x_wconf 89' lang='lat' dir='ltr'><strong>illis,</strong></span> <span class='ocrx_word' id='word_1_212' title='bbox 3260 1448 3354 1516; x_wconf 89' lang='lat' dir='ltr'><strong>qui</strong></span> 
     </span>
    </p>
   </div>
   <div class='ocr_carea' id='block_1_30' title="bbox 1766 1525 3352 1605">
    <p class='ocr_par' dir='ltr' id='par_1_30' title="bbox 1766 1525 3352 1605">
     <span class='ocr_line' id='line_1_30' title="bbox 1766 1525 3352 1605; baseline 0.008 -25"><span class='ocrx_word' id='word_1_213' title='bbox 1766 1525 1835 1580; x_wconf 88' lang='lat' dir='ltr'><strong>ab</strong></span> <span class='ocrx_word' id='word_1_214' title='bbox 1883 1527 2161 1596; x_wconf 83' lang='lat' dir='ltr'><strong>impietate</strong></span> <span class='ocrx_word' id='word_1_215' title='bbox 2191 1530 2256 1583; x_wconf 91' lang='lat' dir='ltr'><strong>ad</strong></span> <span class='ocrx_word' id='word_1_216' title='bbox 2296 1532 2543 1598; x_wconf 84' lang='lat' dir='ltr'><strong>pietatem</strong></span> <span class='ocrx_word' id='word_1_217' title='bbox 2575 1533 2822 1588; x_wconf 79' lang='lat' dir='ltr'><strong>conversi</strong></span> <span class='ocrx_word' id='word_1_218' title='bbox 2869 1534 3031 1590; x_wconf 87' lang='lat' dir='ltr'><strong>fidem</strong></span> <span class='ocrx_word' id='word_1_219' title='bbox 3073 1538 3217 1605; x_wconf 90' lang='lat' dir='ltr'><strong>apud</strong></span> <span class='ocrx_word' id='word_1_220' title='bbox 3263 1552 3352 1591; x_wconf 72' lang='lat' dir='ltr'><strong>sr-</strong></span> 
     </span>
    </p>
   </div>
   <div class='ocr_carea' id='block_1_31' title="bbox 1768 1618 3352 1698">
    <p class='ocr_par' dir='ltr' id='par_1_31' title="bbox 1768 1618 3352 1698">
     <span class='ocr_line' id='line_1_31' title="bbox 1768 1618 3352 1698; baseline 0.004 -25"><span class='ocrx_word' id='word_1_221' title='bbox 1768 1618 1916 1689; x_wconf 83' lang='lat' dir='ltr'><strong>ipsos</strong></span> <span class='ocrx_word' id='word_1_222' title='bbox 1954 1622 2351 1689; x_wconf 81' lang='lat' dir='ltr'><strong>parturiehant.</strong></span> <span class='ocrx_word' id='word_1_223' title='bbox 2393 1624 2755 1679; x_wconf 76' lang='lat' dir='ltr'><strong>Credentihus</strong></span> <span class='ocrx_word' id='word_1_224' title='bbox 2806 1626 2993 1696; x_wconf 79' lang='lat' dir='ltr'><strong>itaque</strong></span> <span class='ocrx_word' id='word_1_225' title='bbox 3046 1630 3200 1698; x_wconf 77' lang='lat' dir='ltr'><strong>signa</strong></span> <span class='ocrx_word' id='word_1_226' title='bbox 3243 1644 3352 1681; x_wconf 86' lang='lat' dir='ltr'><strong>non</strong></span> 
     </span>
    </p>
   </div>
   <div class='ocr_carea' id='block_1_32' title="bbox 1765 1710 3357 1787">
    <p class='ocr_par' dir='ltr' id='par_1_32' title="bbox 1765 1710 3357 1787">
     <span class='ocr_line' id='line_1_32' title="bbox 1765 1710 3357 1787; baseline 0.008 -26"><span class='ocrx_word' id='word_1_227' title='bbox 1765 1710 2043 1778; x_wconf 81' lang='lat' dir='ltr'><strong>eduntur;</strong></span> <span class='ocrx_word' id='word_1_228' title='bbox 2119 1713 2171 1768; x_wconf 90' lang='lat' dir='ltr'><strong>id</strong></span> <span class='ocrx_word' id='word_1_229' title='bbox 2214 1715 2363 1768; x_wconf 88' lang='lat' dir='ltr'><strong>enim</strong></span> <span class='ocrx_word' id='word_1_230' title='bbox 2414 1731 2876 1783; x_wconf 63' lang='lat' dir='ltr'><strong>supervacaneum</strong></span> <span class='ocrx_word' id='word_1_231' title='bbox 2926 1719 3067 1773; x_wconf 87' lang='lat' dir='ltr'><strong>foret</strong></span> <span class='ocrx_word' id='word_1_232' title='bbox 3115 1739 3127 1773; x_wconf 92' lang='lat'>:</span> <span class='ocrx_word' id='word_1_233' title='bbox 3177 1735 3357 1787; x_wconf 88' lang='lat' dir='ltr'><strong>neque</strong></span> 
     </span>
    </p>
   </div>
   <div class='ocr_carea' id='block_1_33' title="bbox 1765 1804 3355 1881">
    <p class='ocr_par' dir='ltr' id='par_1_33' title="bbox 1765 1804 3355 1881">
     <span class='ocr_line' id='line_1_33' title="bbox 1765 1804 3355 1881; baseline 0.004 -23"><span class='ocrx_word' id='word_1_234' title='bbox 1765 1804 1904 1868; x_wconf 85' lang='lat' dir='ltr'><strong>illis,</strong></span> <span class='ocrx_word' id='word_1_235' title='bbox 1956 1807 2053 1875; x_wconf 86' lang='lat' dir='ltr'><strong>qui</strong></span> <span class='ocrx_word' id='word_1_236' title='bbox 2115 1807 2185 1860; x_wconf 89' lang='lat' dir='ltr'><strong>ab</strong></span> <span class='ocrx_word' id='word_1_237' title='bbox 2259 1806 2641 1863; x_wconf 86' lang='lat' dir='ltr'><strong>incredulitate</strong></span> <span class='ocrx_word' id='word_1_238' title='bbox 2722 1810 2940 1865; x_wconf 88' lang='lat' dir='ltr'><strong>avocari</strong></span> <span class='ocrx_word' id='word_1_239' title='bbox 3031 1827 3140 1864; x_wconf 84' lang='lat' dir='ltr'><strong>non</strong></span> <span class='ocrx_word' id='word_1_240' title='bbox 3223 1826 3355 1881; x_wconf 86' lang='lat' dir='ltr'><strong>pos-</strong></span> 
     </span>
    </p>
   </div>
   <div class='ocr_carea' id='block_1_34' title="bbox 80 1871 1691 1966">
    <p class='ocr_par' dir='ltr' id='par_1_34' title="bbox 80 1883 1665 1963">
     <span class='ocr_line' id='line_1_34' title="bbox 80 1883 1665 1963; baseline 0.001 -21"><span class='ocrx_word' id='word_1_241' title='bbox 80 1894 278 1945; x_wconf 75' lang='grc' dir='ltr'>πίστιν</span> <span class='ocrx_word' id='word_1_242' title='bbox 307 1889 824 1961; x_wconf 75' lang='grc' dir='ltr'>μεταϐαλλομένοις.</span> <span class='ocrx_word' id='word_1_243' title='bbox 856 1883 957 1944; x_wconf 78' lang='grc' dir='ltr'>Ὧν</span> <span class='ocrx_word' id='word_1_244' title='bbox 981 1891 1076 1945; x_wconf 74' lang='grc' dir='ltr'>καὶ</span> <span class='ocrx_word' id='word_1_245' title='bbox 1119 1894 1152 1962; x_wconf 75' lang='grc' dir='ltr'>ἡ</span> <span class='ocrx_word' id='word_1_246' title='bbox 1184 1891 1363 1956; x_wconf 86' lang='grc' dir='ltr'>πίστις</span> <span class='ocrx_word' id='word_1_247' title='bbox 1393 1890 1665 1963; x_wconf 75' lang='grc' dir='ltr'>ῑπιζητεί-</span> 
     </span>
    </p>
   </div>
   <div class='ocr_carea' id='block_1_35' title="bbox 1770 1871 3355 1966">
    <p class='ocr_par' dir='ltr' id='par_1_35' title="bbox 1770 1871 3355 1966">
     <span class='ocr_line' id='line_1_35' title="bbox 1770 1871 3355 1966; baseline 0.003 -16"><span class='ocrx_word' id='word_1_248' title='bbox 1770 1904 1924 1962; x_wconf 83' lang='lat' dir='ltr'><strong>sunt;</strong></span> <span class='ocrx_word' id='word_1_249' title='bbox 1977 1871 2218 1953; x_wconf 33' lang='lat' dir='ltr'><strong>&#39;frustra</strong></span> <span class='ocrx_word' id='word_1_250' title='bbox 2327 1899 2472 1952; x_wconf 91' lang='lat' dir='ltr'><strong>enim</strong></span> <span class='ocrx_word' id='word_1_251' title='bbox 2540 1899 2592 1954; x_wconf 89' lang='lat' dir='ltr'><strong>id</strong></span> <span class='ocrx_word' id='word_1_252' title='bbox 2678 1900 2859 1966; x_wconf 81' lang='lat' dir='ltr'><strong>ﬂeret;</strong></span> <span class='ocrx_word' id='word_1_253' title='bbox 2923 1899 3015 1956; x_wconf 84' lang='lat' dir='ltr'><strong>sed</strong></span> <span class='ocrx_word' id='word_1_254' title='bbox 3063 1901 3172 1956; x_wconf 84' lang='lat' dir='ltr'><strong>illis</strong></span> <span class='ocrx_word' id='word_1_255' title='bbox 3225 1871 3355 1954; x_wconf 73' lang='lat' dir='ltr'><strong>tan-</strong></span> 
     </span>
    </p>
   </div>
   <div class='ocr_carea' id='block_1_36' title="bbox 76 1981 1667 2056">
    <p class='ocr_par' dir='ltr' id='par_1_36' title="bbox 76 1981 1667 2056">
     <span class='ocr_line' id='line_1_36' title="bbox 76 1981 1667 2056; baseline 0.004 -25"><span class='ocrx_word' id='word_1_256' title='bbox 76 2001 178 2035; x_wconf 85' lang='grc' dir='ltr'><strong>ται</strong></span> <span class='ocrx_word' id='word_1_257' title='bbox 234 1982 719 2052; x_wconf 65' lang='grc' dir='ltr'>τελεσφορηθῆναι,</span> <span class='ocrx_word' id='word_1_258' title='bbox 766 1982 861 2035; x_wconf 82' lang='grc' dir='ltr'>καὶ</span> <span class='ocrx_word' id='word_1_259' title='bbox 890 1981 1361 2053; x_wconf 80' lang='grc' dir='ltr'>τελεσφορουμένη</span> <span class='ocrx_word' id='word_1_260' title='bbox 1408 1984 1667 2056; x_wconf 81' lang='grc' dir='ltr'>πρόξενος</span> 
     </span>
    </p>
   </div>
   <div class='ocr_carea' id='block_1_37' title="bbox 78 2072 1667 2147">
    <p class='ocr_par' dir='ltr' id='par_1_37' title="bbox 78 2072 1667 2147">
     <span class='ocr_line' id='line_1_37' title="bbox 78 2072 1667 2147; baseline 0.003 -21"><span class='ocrx_word' id='word_1_261' title='bbox 78 2075 305 2141; x_wconf 84' lang='grc' dir='ltr'>γίνεται</span> <span class='ocrx_word' id='word_1_262' title='bbox 334 2074 433 2143; x_wconf 74' lang='grc' dir='ltr'>τῆς</span> <span class='ocrx_word' id='word_1_263' title='bbox 463 2073 815 2137; x_wconf 76' lang='grc' dir='ltr'>ἀπολαύσεως</span> <span class='ocrx_word' id='word_1_264' title='bbox 836 2073 946 2127; x_wconf 80' lang='grc' dir='ltr'><strong>τῶν</strong></span> <span class='ocrx_word' id='word_1_265' title='bbox 984 2073 1341 2147; x_wconf 77' lang='grc' dir='ltr'>θεοσημειῶν.</span> <span class='ocrx_word' id='word_1_266' title='bbox 1376 2075 1546 2133; x_wconf 78' lang='grc' dir='ltr'>Οὐδὲν</span> <span class='ocrx_word' id='word_1_267' title='bbox 1573 2072 1667 2130; x_wconf 76' lang='grc' dir='ltr'>οὖν</span> 
     </span>
    </p>
   </div>
   <div class='ocr_carea' id='block_1_38' title="bbox 78 2163 1668 2238">
    <p class='ocr_par' dir='ltr' id='par_1_38' title="bbox 78 2163 1668 2238">
     <span class='ocr_line' id='line_1_38' title="bbox 78 2163 1668 2238; baseline 0.004 -23"><span class='ocrx_word' id='word_1_268' title='bbox 78 2165 423 2234; x_wconf 79' lang='grc' dir='ltr'>διαμάχεται</span> <span class='ocrx_word' id='word_1_269' title='bbox 484 2164 580 2217; x_wconf 80' lang='grc' dir='ltr'>τοῦ</span> <span class='ocrx_word' id='word_1_270' title='bbox 638 2163 925 2219; x_wconf 83' lang='grc' dir='ltr'>θεσπεσίου</span> <span class='ocrx_word' id='word_1_271' title='bbox 992 2164 1211 2219; x_wconf 83' lang='grc' dir='ltr'><strong>Παύλοῦ</strong></span> <span class='ocrx_word' id='word_1_272' title='bbox 1263 2168 1298 2238; x_wconf 77' lang='grc' dir='ltr'>ή</span> <span class='ocrx_word' id='word_1_273' title='bbox 1352 2168 1506 2237; x_wconf 80' lang='grc' dir='ltr'>φωνὴ</span> <span class='ocrx_word' id='word_1_274' title='bbox 1555 2171 1668 2231; x_wconf 80' lang='grc' dir='ltr'>τοῖς</span> 
     </span>
    </p>
   </div>
   <div class='ocr_carea' id='block_1_39' title="bbox 76 2257 1668 2331">
    <p class='ocr_par' dir='ltr' id='par_1_39' title="bbox 76 2257 1668 2331">
     <span class='ocr_line' id='line_1_39' title="bbox 76 2257 1668 2331; baseline 0.004 -24"><span class='ocrx_word' id='word_1_275' title='bbox 76 2257 467 2325; x_wconf 75' lang='grc' dir='ltr'>εὐαγγελικοῖς</span> <span class='ocrx_word' id='word_1_276' title='bbox 496 2258 728 2329; x_wconf 75' lang='grc' dir='ltr'>ῥήμασι.</span> <span class='ocrx_word' id='word_1_277' title='bbox 764 2257 906 2327; x_wconf 81' lang='grc' dir='ltr'>Πρὸς</span> <span class='ocrx_word' id='word_1_278' title='bbox 947 2259 1059 2329; x_wconf 71' lang='grc'><strong>(45)</strong></span> <span class='ocrx_word' id='word_1_279' title='bbox 1108 2258 1206 2329; x_wconf 73' lang='grc' dir='ltr'><strong>μὲν</strong></span> <span class='ocrx_word' id='word_1_280' title='bbox 1244 2259 1354 2330; x_wconf 81' lang='grc' dir='ltr'>γὰρ</span> <span class='ocrx_word' id='word_1_281' title='bbox 1399 2277 1668 2331; x_wconf 86' lang='grc' dir='ltr'>πεπωρω-</span> 
     </span>
    </p>
   </div>
   <div class='ocr_carea' id='block_1_40' title="bbox 80 2348 1667 2421">
    <p class='ocr_par' dir='ltr' id='par_1_40' title="bbox 80 2348 1667 2421">
     <span class='ocr_line' id='line_1_40' title="bbox 80 2348 1667 2421; baseline 0.001 -21"><span class='ocrx_word' id='word_1_282' title='bbox 80 2349 291 2416; x_wconf 79' lang='grc' dir='ltr'>μένους</span> <span class='ocrx_word' id='word_1_283' title='bbox 326 2348 421 2415; x_wconf 84' lang='grc' dir='ltr'><strong>τὴν</strong></span> <span class='ocrx_word' id='word_1_284' title='bbox 446 2348 674 2417; x_wconf 82' lang='grc' dir='ltr'>καρδίαν</span> <span class='ocrx_word' id='word_1_285' title='bbox 707 2349 808 2401; x_wconf 82' lang='grc' dir='ltr'>οὐκ</span> <span class='ocrx_word' id='word_1_286' title='bbox 862 2348 1012 2417; x_wconf 71' lang='grc' dir='ltr'>ἠξίου</span> <span class='ocrx_word' id='word_1_287' title='bbox 1040 2349 1488 2421; x_wconf 75' lang='grc' dir='ltr'>παραδοξοποιεϊν</span> <span class='ocrx_word' id='word_1_288' title='bbox 1519 2354 1548 2404; x_wconf 92' lang='lat'><strong>6</strong></span> <span class='ocrx_word' id='word_1_289' title='bbox 1575 2351 1667 2404; x_wconf 75' lang='grc' dir='ltr'><strong>ἐπὶ</strong></span> 
     </span>
    </p>
   </div>
   <div class='ocr_carea' id='block_1_41' title="bbox 78 2438 1665 2513">
    <p class='ocr_par' dir='ltr' id='par_1_41' title="bbox 78 2438 1665 2513">
     <span class='ocr_line' id='line_1_41' title="bbox 78 2438 1665 2513; baseline 0.003 -22"><span class='ocrx_word' id='word_1_290' title='bbox 78 2440 339 2510; x_wconf 70' lang='grc' dir='ltr'>σιριτηρία</span> <span class='ocrx_word' id='word_1_291' title='bbox 360 2440 469 2493; x_wconf 82' lang='grc' dir='ltr'>τῶν</span> <span class='ocrx_word' id='word_1_292' title='bbox 498 2438 801 2511; x_wconf 80' lang='grc' dir='ltr'>ἀνθρώπων</span> <span class='ocrx_word' id='word_1_293' title='bbox 847 2442 1023 2495; x_wconf 80' lang='grc' dir='ltr'>πάντα</span> <span class='ocrx_word' id='word_1_294' title='bbox 1058 2442 1312 2513; x_wconf 79' lang='grc' dir='ltr'>πράττων</span> <span class='ocrx_word' id='word_1_295' title='bbox 1336 2442 1489 2508; x_wconf 88' lang='grc' dir='ltr'>Θεός.</span> <span class='ocrx_word' id='word_1_296' title='bbox 1519 2445 1582 2495; x_wconf 88' lang='grc' dir='ltr'><strong>υί</strong></span> <span class='ocrx_word' id='word_1_297' title='bbox 1611 2442 1665 2495; x_wconf 79' lang='grc' dir='ltr'>δὲ</span> 
     </span>
    </p>
   </div>
   <div class='ocr_carea' id='block_1_42' title="bbox 76 2530 1668 2600">
    <p class='ocr_par' dir='ltr' id='par_1_42' title="bbox 76 2530 1668 2600">
     <span class='ocr_line' id='line_1_42' title="bbox 76 2530 1668 2600; baseline 0.004 -18"><span class='ocrx_word' id='word_1_298' title='bbox 76 2530 404 2600; x_wconf 83' lang='grc' dir='ltr'>εἰλικρινῶς</span> <span class='ocrx_word' id='word_1_299' title='bbox 430 2533 859 2597; x_wconf 82' lang='grc' dir='ltr'>πεπιστευκότες</span> <span class='ocrx_word' id='word_1_300' title='bbox 892 2534 991 2587; x_wconf 84' lang='grc' dir='ltr'>οὐκ</span> <span class='ocrx_word' id='word_1_301' title='bbox 1026 2535 1236 2587; x_wconf 71' lang='grc' dir='ltr'>ἐδέοντο</span> <span class='ocrx_word' id='word_1_302' title='bbox 1266 2534 1471 2588; x_wconf 82' lang='grc' dir='ltr'>τούτων</span> <span class='ocrx_word' id='word_1_303' title='bbox 1499 2537 1579 2599; x_wconf 87' lang='grc' dir='ltr'><strong>είς</strong></span> <span class='ocrx_word' id='word_1_304' title='bbox 1606 2535 1668 2588; x_wconf 80' lang='grc' dir='ltr'>τὸ</span> 
     </span>
    </p>
   </div>
   <div class='ocr_carea' id='block_1_43' title="bbox 78 2620 1669 2696">
    <p class='ocr_par' dir='ltr' id='par_1_43' title="bbox 78 2620 1669 2696">
     <span class='ocr_line' id='line_1_43' title="bbox 78 2620 1669 2696; baseline 0.004 -24"><span class='ocrx_word' id='word_1_305' title='bbox 78 2620 400 2675; x_wconf 82' lang='grc' dir='ltr'>πιστεῦσαι.</span> <span class='ocrx_word' id='word_1_306' title='bbox 426 2622 768 2687; x_wconf 82' lang='grc' dir='ltr'>’Υπόλοιπον,</span> <span class='ocrx_word' id='word_1_307' title='bbox 800 2625 937 2695; x_wconf 81' lang='grc' dir='ltr'>πρὸς</span> <span class='ocrx_word' id='word_1_308' title='bbox 965 2624 1204 2688; x_wconf 73' lang='grc' dir='ltr'>ἐκείνους</span> <span class='ocrx_word' id='word_1_309' title='bbox 1228 2624 1669 2696; x_wconf 80' lang='grc' dir='ltr'>θαυματουργίας</span> 
     </span>
    </p>
   </div>
   <div class='ocr_carea' id='block_1_44' title="bbox 77 2711 1669 2787">
    <p class='ocr_par' dir='ltr' id='par_1_44' title="bbox 77 2711 1669 2787">
     <span class='ocr_line' id='line_1_44' title="bbox 77 2711 1669 2787; baseline 0.004 -25"><span class='ocrx_word' id='word_1_310' title='bbox 77 2712 183 2764; x_wconf 74' lang='grc' dir='ltr'><strong>τὸν</strong></span> <span class='ocrx_word' id='word_1_311' title='bbox 209 2711 306 2765; x_wconf 83' lang='grc' dir='ltr'>τοῦ</span> <span class='ocrx_word' id='word_1_312' title='bbox 334 2714 521 2781; x_wconf 78' lang='grc' dir='ltr'>γένους</span> <span class='ocrx_word' id='word_1_313' title='bbox 549 2714 706 2785; x_wconf 80' lang='grc' dir='ltr'>ἡμῶν</span> <span class='ocrx_word' id='word_1_314' title='bbox 735 2716 964 2785; x_wconf 81' lang='grc' dir='ltr'>Σωτῆρα</span> <span class='ocrx_word' id='word_1_315' title='bbox 982 2714 1275 2779; x_wconf 76' lang='grc' dir='ltr'>ἐπιτελεῖν,</span> <span class='ocrx_word' id='word_1_316' title='bbox 1300 2715 1349 2768; x_wconf 82' lang='grc' dir='ltr'>οἳ</span> <span class='ocrx_word' id='word_1_317' title='bbox 1390 2716 1541 2771; x_wconf 75' lang='grc' dir='ltr'>οὔπω</span> <span class='ocrx_word' id='word_1_318' title='bbox 1569 2716 1669 2787; x_wconf 79' lang='grc' dir='ltr'>μὲν</span> 
     </span>
    </p>
   </div>
   <div class='ocr_carea' id='block_1_45' title="bbox 76 2804 1669 2882">
    <p class='ocr_par' dir='ltr' id='par_1_45' title="bbox 76 2804 1669 2882">
     <span class='ocr_line' id='line_1_45' title="bbox 76 2804 1669 2882; baseline 0.004 -26"><span class='ocrx_word' id='word_1_319' title='bbox 76 2807 518 2873; x_wconf 69' lang='grc' dir='ltr'>πεπιστευκότες</span> <span class='ocrx_word' id='word_1_320' title='bbox 554 2804 718 2880; x_wconf 74' lang='grc' dir='ltr'>ἦσαν,</span> <span class='ocrx_word' id='word_1_321' title='bbox 747 2809 844 2879; x_wconf 82' lang='grc' dir='ltr'>τὴν</span> <span class='ocrx_word' id='word_1_322' title='bbox 871 2807 928 2861; x_wconf 76' lang='grc' dir='ltr'>δὲ</span> <span class='ocrx_word' id='word_1_323' title='bbox 958 2808 1067 2863; x_wconf 84' lang='grc' dir='ltr'><strong>τῶν</strong></span> <span class='ocrx_word' id='word_1_324' title='bbox 1099 2809 1344 2863; x_wconf 79' lang='grc' dir='ltr'>ἀπίστων</span> <span class='ocrx_word' id='word_1_325' title='bbox 1372 2809 1452 2863; x_wconf 79' lang='grc' dir='ltr'>ἔτι</span> <span class='ocrx_word' id='word_1_326' title='bbox 1486 2810 1669 2882; x_wconf 81' lang='grc' dir='ltr'>χώραν</span> 
     </span>
    </p>
   </div>
   <div class='ocr_carea' id='block_1_46' title="bbox 77 2893 1670 2971">
    <p class='ocr_par' dir='ltr' id='par_1_46' title="bbox 77 2893 1670 2971">
     <span class='ocr_line' id='line_1_46' title="bbox 77 2893 1670 2971; baseline 0.003 -21"><span class='ocrx_word' id='word_1_327' title='bbox 77 2897 454 2970; x_wconf 82' lang='grc' dir='ltr'>ἀνεπλήρουν,</span> <span class='ocrx_word' id='word_1_328' title='bbox 494 2901 643 2971; x_wconf 80' lang='grc' dir='ltr'>ὅμως</span> <span class='ocrx_word' id='word_1_329' title='bbox 676 2900 920 2971; x_wconf 72' lang='grc' dir='ltr'>ἐζήτουν.</span> <span class='ocrx_word' id='word_1_330' title='bbox 942 2900 1009 2955; x_wconf 83' lang='grc' dir='ltr'>δι’</span> <span class='ocrx_word' id='word_1_331' title='bbox 1040 2893 1117 2954; x_wconf 81' lang='grc' dir='ltr'>ὧν</span> <span class='ocrx_word' id='word_1_332' title='bbox 1157 2900 1504 2955; x_wconf 82' lang='grc' dir='ltr'>πιστεύουσιν</span> <span class='ocrx_word' id='word_1_333' title='bbox 1529 2942 1545 2965; x_wconf 90' lang='grc'><strong>,</strong></span> <span class='ocrx_word' id='word_1_334' title='bbox 1574 2903 1670 2955; x_wconf 79' lang='grc' dir='ltr'>καὶ</span> 
     </span>
    </p>
   </div>
   <div class='ocr_carea' id='block_1_47' title="bbox 80 2990 1670 3063">
    <p class='ocr_par' dir='ltr' id='par_1_47' title="bbox 80 2990 1670 3063">
     <span class='ocr_line' id='line_1_47' title="bbox 80 2990 1670 3063; baseline 0.002 -23"><span class='ocrx_word' id='word_1_335' title='bbox 80 2990 429 3059; x_wconf 78' lang='grc' dir='ltr'>χειραγωγὸν</span> <span class='ocrx_word' id='word_1_336' title='bbox 454 2990 821 3060; x_wconf 78' lang='grc' dir='ltr'>)αμ6ἀνοντες</span> <span class='ocrx_word' id='word_1_337' title='bbox 851 2992 921 3044; x_wconf 80' lang='grc' dir='ltr'>τὰ</span> <span class='ocrx_word' id='word_1_338' title='bbox 944 2993 1167 3062; x_wconf 79' lang='grc' dir='ltr'>σημεῖα,</span> <span class='ocrx_word' id='word_1_339' title='bbox 1196 2992 1275 3054; x_wconf 89' lang='grc' dir='ltr'><strong>είς</strong></span> <span class='ocrx_word' id='word_1_340' title='bbox 1304 2990 1403 3063; x_wconf 81' lang='grc' dir='ltr'>τὴν</span> <span class='ocrx_word' id='word_1_341' title='bbox 1430 2992 1539 3045; x_wconf 84' lang='grc' dir='ltr'>τῶν</span> <span class='ocrx_word' id='word_1_342' title='bbox 1579 3009 1670 3043; x_wconf 76' lang='grc' dir='ltr'>πιο</span> 
     </span>
    </p>
   </div>
   <div class='ocr_carea' id='block_1_48' title="bbox 80 3080 944 3154">
    <p class='ocr_par' dir='ltr' id='par_1_48' title="bbox 80 3080 944 3154">
     <span class='ocr_line' id='line_1_48' title="bbox 80 3080 944 3154; baseline 0.003 -21"><span class='ocrx_word' id='word_1_343' title='bbox 80 3082 242 3133; x_wconf 79' lang='grc' dir='ltr'>στῶν</span> <span class='ocrx_word' id='word_1_344' title='bbox 274 3080 702 3152; x_wconf 75' lang='grc' dir='ltr'>μετηλλάττοντο</span> <span class='ocrx_word' id='word_1_345' title='bbox 725 3084 944 3154; x_wconf 82' lang='grc' dir='ltr'>μοῖραν.</span> 
     </span>
    </p>
   </div>
   <div class='ocr_carea' id='block_1_49' title="bbox 605 3279 1154 3335">
    <p class='ocr_par' dir='ltr' id='par_1_49' title="bbox 605 3279 1154 3335">
     <span class='ocr_line' id='line_1_49' title="bbox 605 3279 1154 3335; baseline 0.002 -3"><span class='ocrx_word' id='word_1_346' title='bbox 605 3279 945 3333; x_wconf 81' lang='grc' dir='ltr'><strong>ΕΡΩἹῊΤΙΣ</strong></span> <span class='ocrx_word' id='word_1_347' title='bbox 977 3280 1154 3335; x_wconf 68' lang='grc' dir='ltr'><strong>ΣΜΘθ.</strong></span> 
     </span>
    </p>
   </div>
   <div class='ocr_carea' id='block_1_50' title="bbox 1768 1989 3353 2063">
    <p class='ocr_par' dir='ltr' id='par_1_50' title="bbox 1768 1989 3353 2063">
     <span class='ocr_line' id='line_1_50' title="bbox 1768 1989 3353 2063; baseline 0.005 -24"><span class='ocrx_word' id='word_1_348' title='bbox 1768 1996 1922 2054; x_wconf 89' lang='lat' dir='ltr'><strong>tum,</strong></span> <span class='ocrx_word' id='word_1_349' title='bbox 1980 1990 2071 2058; x_wconf 88' lang='lat' dir='ltr'><strong>qui</strong></span> <span class='ocrx_word' id='word_1_350' title='bbox 2127 1989 2198 2043; x_wconf 87' lang='lat' dir='ltr'><strong>ab</strong></span> <span class='ocrx_word' id='word_1_351' title='bbox 2250 1989 2630 2046; x_wconf 86' lang='lat' dir='ltr'><strong>incredulitate</strong></span> <span class='ocrx_word' id='word_1_352' title='bbox 2656 1992 2723 2045; x_wconf 88' lang='lat' dir='ltr'><strong>ad</strong></span> <span class='ocrx_word' id='word_1_353' title='bbox 2775 1992 2934 2046; x_wconf 86' lang='lat' dir='ltr'><strong>fidem</strong></span> <span class='ocrx_word' id='word_1_354' title='bbox 2958 1992 3353 2063; x_wconf 88' lang='lat' dir='ltr'><strong>perducuntur.</strong></span> 
     </span>
    </p>
   </div>
   <div class='ocr_carea' id='block_1_51' title="bbox 1770 2079 3353 2151">
    <p class='ocr_par' dir='ltr' id='par_1_51' title="bbox 1770 2079 3353 2151">
     <span class='ocr_line' id='line_1_51' title="bbox 1770 2079 3353 2151; baseline 0.003 -18"><span class='ocrx_word' id='word_1_355' title='bbox 1770 2079 1974 2134; x_wconf 86' lang='lat' dir='ltr'><strong>Horum</strong></span> <span class='ocrx_word' id='word_1_356' title='bbox 2022 2080 2169 2135; x_wconf 92' lang='lat' dir='ltr'><strong>enim</strong></span> <span class='ocrx_word' id='word_1_357' title='bbox 2219 2080 2353 2135; x_wconf 82' lang='lat' dir='ltr'><strong>ﬁdes</strong></span> <span class='ocrx_word' id='word_1_358' title='bbox 2404 2081 2696 2151; x_wconf 80' lang='lat' dir='ltr'><strong>perfectior</strong></span> <span class='ocrx_word' id='word_1_359' title='bbox 2744 2082 2896 2136; x_wconf 87' lang='lat' dir='ltr'><strong>reddi</strong></span> <span class='ocrx_word' id='word_1_360' title='bbox 2951 2082 3148 2147; x_wconf 89' lang='lat' dir='ltr'><strong>debet,</strong></span> <span class='ocrx_word' id='word_1_361' title='bbox 3209 2081 3353 2137; x_wconf 86' lang='lat' dir='ltr'><strong>facta</strong></span> 
     </span>
    </p>
   </div>
   <div class='ocr_carea' id='block_1_52' title="bbox 1767 2172 3356 2243">
    <p class='ocr_par' dir='ltr' id='par_1_52' title="bbox 1767 2172 3356 2243">
     <span class='ocr_line' id='line_1_52' title="bbox 1767 2172 3356 2243; baseline 0.003 -19"><span class='ocrx_word' id='word_1_362' title='bbox 1767 2188 1897 2228; x_wconf 79' lang='lat' dir='ltr'><strong>vero</strong></span> <span class='ocrx_word' id='word_1_363' title='bbox 1956 2173 2252 2243; x_wconf 82' lang='lat' dir='ltr'><strong>perfectior</strong></span> <span class='ocrx_word' id='word_1_364' title='bbox 2297 2172 2363 2227; x_wconf 88' lang='lat' dir='ltr'><strong>ad</strong></span> <span class='ocrx_word' id='word_1_365' title='bbox 2424 2172 2657 2228; x_wconf 90' lang='lat' dir='ltr'><strong>fructum</strong></span> <span class='ocrx_word' id='word_1_366' title='bbox 2703 2189 2771 2229; x_wconf 79' lang='lat' dir='ltr'><strong>es</strong></span> <span class='ocrx_word' id='word_1_367' title='bbox 2821 2174 3024 2229; x_wconf 84' lang='lat' dir='ltr'><strong>divinis</strong></span> <span class='ocrx_word' id='word_1_368' title='bbox 3072 2176 3356 2229; x_wconf 82' lang='lat' dir='ltr'><strong>miraculis</strong></span> 
     </span>
    </p>
   </div>
   <div class='ocr_carea' id='block_1_53' title="bbox 1767 2264 3354 2333">
    <p class='ocr_par' dir='ltr' id='par_1_53' title="bbox 1767 2264 3354 2333">
     <span class='ocr_line' id='line_1_53' title="bbox 1767 2264 3354 2333; baseline 0.003 -16"><span class='ocrx_word' id='word_1_369' title='bbox 1767 2266 2087 2332; x_wconf 72' lang='lat' dir='ltr'><strong>rapiendum</strong></span> <span class='ocrx_word' id='word_1_370' title='bbox 2118 2266 2472 2333; x_wconf 86' lang='lat' dir='ltr'><strong>perducitur.</strong></span> <span class='ocrx_word' id='word_1_371' title='bbox 2520 2264 2639 2320; x_wconf 85' lang='lat' dir='ltr'><strong>Divi</strong></span> <span class='ocrx_word' id='word_1_372' title='bbox 2678 2266 2861 2332; x_wconf 87' lang='lat' dir='ltr'><strong>itaque</strong></span> <span class='ocrx_word' id='word_1_373' title='bbox 2888 2265 3037 2320; x_wconf 86' lang='lat' dir='ltr'><strong>Pauli</strong></span> <span class='ocrx_word' id='word_1_374' title='bbox 3069 2267 3354 2321; x_wconf 88' lang='lat' dir='ltr'><strong>oraculum</strong></span> 
     </span>
    </p>
   </div>
   <div class='ocr_carea' id='block_1_54' title="bbox 1766 2356 3352 2428">
    <p class='ocr_par' dir='ltr' id='par_1_54' title="bbox 1766 2356 3352 2428">
     <span class='ocr_line' id='line_1_54' title="bbox 1766 2356 3352 2428; baseline -0.001 -15"><span class='ocrx_word' id='word_1_375' title='bbox 1766 2374 1890 2413; x_wconf 90' lang='lat' dir='ltr'><strong>cum</strong></span> <span class='ocrx_word' id='word_1_376' title='bbox 1918 2358 2097 2412; x_wconf 85' lang='lat' dir='ltr'><strong>verbis</strong></span> <span class='ocrx_word' id='word_1_377' title='bbox 2128 2356 2405 2428; x_wconf 77' lang='lat' dir='ltr'><strong>Evangelii</strong></span> <span class='ocrx_word' id='word_1_378' title='bbox 2439 2373 2545 2412; x_wconf 92' lang='lat' dir='ltr'><strong>non</strong></span> <span class='ocrx_word' id='word_1_379' title='bbox 2600 2368 2821 2428; x_wconf 74' lang='lat' dir='ltr'><strong>pugnat.</strong></span> <span class='ocrx_word' id='word_1_380' title='bbox 2856 2358 2913 2413; x_wconf 83' lang='lat' dir='ltr'><strong>in</strong></span> <span class='ocrx_word' id='word_1_381' title='bbox 2954 2374 3145 2414; x_wconf 89' lang='lat' dir='ltr'><strong>eorum</strong></span> <span class='ocrx_word' id='word_1_382' title='bbox 3180 2362 3352 2423; x_wconf 89' lang='lat' dir='ltr'><strong>enim,</strong></span> 
     </span>
    </p>
   </div>
   <div class='ocr_carea' id='block_1_55' title="bbox 1766 2449 3351 2522">
    <p class='ocr_par' dir='ltr' id='par_1_55' title="bbox 1766 2449 3351 2522">
     <span class='ocr_line' id='line_1_55' title="bbox 1766 2449 3351 2522; baseline 0 -18"><span class='ocrx_word' id='word_1_383' title='bbox 1766 2452 1858 2520; x_wconf 90' lang='lat' dir='ltr'><strong>qui</strong></span> <span class='ocrx_word' id='word_1_384' title='bbox 1887 2449 2054 2505; x_wconf 87' lang='lat' dir='ltr'><strong>corde</strong></span> <span class='ocrx_word' id='word_1_385' title='bbox 2084 2453 2299 2519; x_wconf 86' lang='lat' dir='ltr'><strong>penitus</strong></span> <span class='ocrx_word' id='word_1_386' title='bbox 2331 2450 2585 2505; x_wconf 84' lang='lat' dir='ltr'><strong>obdurati</strong></span> <span class='ocrx_word' id='word_1_387' title='bbox 2613 2460 2793 2515; x_wconf 90' lang='lat' dir='ltr'><strong>erant,</strong></span> <span class='ocrx_word' id='word_1_388' title='bbox 2825 2450 3058 2522; x_wconf 77' lang='lat' dir='ltr'><strong>gratiam</strong></span> <span class='ocrx_word' id='word_1_389' title='bbox 3090 2449 3254 2512; x_wconf 87' lang='lat' dir='ltr'><strong>Deus.</strong></span> <span class='ocrx_word' id='word_1_390' title='bbox 3296 2452 3351 2504; x_wconf 86' lang='lat' dir='ltr'><strong>in</strong></span> 
     </span>
    </p>
   </div>
   <div class='ocr_carea' id='block_1_56' title="bbox 1771 2543 3353 2609">
    <p class='ocr_par' dir='ltr' id='par_1_56' title="bbox 1771 2543 3353 2609">
     <span class='ocr_line' id='line_1_56' title="bbox 1771 2543 3353 2609; baseline -0.001 -12"><span class='ocrx_word' id='word_1_391' title='bbox 1771 2544 2052 2597; x_wconf 84' lang='lat' dir='ltr'><strong>hominum</strong></span> <span class='ocrx_word' id='word_1_392' title='bbox 2088 2543 2320 2597; x_wconf 83' lang='lat' dir='ltr'><strong>salutem</strong></span> <span class='ocrx_word' id='word_1_393' title='bbox 2370 2544 2551 2598; x_wconf 91' lang='lat' dir='ltr'><strong>omnia</strong></span> <span class='ocrx_word' id='word_1_394' title='bbox 2608 2544 2837 2609; x_wconf 90' lang='lat' dir='ltr'><strong>faciens,</strong></span> <span class='ocrx_word' id='word_1_395' title='bbox 2896 2543 3159 2597; x_wconf 87' lang='lat' dir='ltr'><strong>miracula</strong></span> <span class='ocrx_word' id='word_1_396' title='bbox 3193 2544 3353 2597; x_wconf 88' lang='lat' dir='ltr'><strong>edere</strong></span> 
     </span>
    </p>
   </div>
   <div class='ocr_carea' id='block_1_57' title="bbox 1769 2634 3349 2699">
    <p class='ocr_par' dir='ltr' id='par_1_57' title="bbox 1769 2634 3349 2699">
     <span class='ocr_line' id='line_1_57' title="bbox 1769 2634 3349 2699; baseline -0.003 -10"><span class='ocrx_word' id='word_1_397' title='bbox 1769 2651 1874 2689; x_wconf 85' lang='lat' dir='ltr'><strong>non</strong></span> <span class='ocrx_word' id='word_1_398' title='bbox 1925 2636 2249 2690; x_wconf 85' lang='lat' dir='ltr'><strong>sustinebat.</strong></span> <span class='ocrx_word' id='word_1_399' title='bbox 2291 2634 2394 2699; x_wconf 88' lang='lat' dir='ltr'><strong>Qui</strong></span> <span class='ocrx_word' id='word_1_400' title='bbox 2426 2649 2554 2689; x_wconf 82' lang='lat' dir='ltr'><strong>vero</strong></span> <span class='ocrx_word' id='word_1_401' title='bbox 2581 2636 2795 2690; x_wconf 78' lang='lat' dir='ltr'><strong>sincere</strong></span> <span class='ocrx_word' id='word_1_402' title='bbox 2844 2634 3209 2696; x_wconf 83' lang='lat' dir='ltr'><strong>crediderant,</strong></span> <span class='ocrx_word' id='word_1_403' title='bbox 3242 2634 3349 2686; x_wconf 79' lang='lat' dir='ltr'><strong>illis</strong></span> 
     </span>
    </p>
   </div>
   <div class='ocr_carea' id='block_1_58' title="bbox 1769 2723 3352 2796">
    <p class='ocr_par' dir='ltr' id='par_1_58' title="bbox 1769 2723 3352 2796">
     <span class='ocr_line' id='line_1_58' title="bbox 1769 2723 3352 2796; baseline -0.002 -17"><span class='ocrx_word' id='word_1_404' title='bbox 1769 2728 1833 2779; x_wconf 81' lang='lat' dir='ltr'><strong>ad</strong></span> <span class='ocrx_word' id='word_1_405' title='bbox 1859 2726 2187 2781; x_wconf 88' lang='lat' dir='ltr'><strong>credendum</strong></span> <span class='ocrx_word' id='word_1_406' title='bbox 2216 2740 2323 2780; x_wconf 91' lang='lat' dir='ltr'><strong>non</strong></span> <span class='ocrx_word' id='word_1_407' title='bbox 2360 2726 2697 2795; x_wconf 75' lang='lat' dir='ltr'><strong>indigebant.</strong></span> <span class='ocrx_word' id='word_1_408' title='bbox 2764 2723 3120 2796; x_wconf 79' lang='lat' dir='ltr'><strong>Relinquitur</strong></span> <span class='ocrx_word' id='word_1_409' title='bbox 3168 2726 3352 2793; x_wconf 85' lang='lat' dir='ltr'><strong>itaque</strong></span> 
     </span>
    </p>
   </div>
   <div class='ocr_carea' id='block_1_59' title="bbox 1771 2818 3352 2887">
    <p class='ocr_par' dir='ltr' id='par_1_59' title="bbox 1771 2818 3352 2887">
     <span class='ocr_line' id='line_1_59' title="bbox 1771 2818 3352 2887; baseline -0.001 -15"><span class='ocrx_word' id='word_1_410' title='bbox 1771 2820 2109 2872; x_wconf 84' lang='lat' dir='ltr'><strong>Salvatorem</strong></span> <span class='ocrx_word' id='word_1_411' title='bbox 2160 2826 2409 2872; x_wconf 87' lang='lat' dir='ltr'><strong>nostrum</strong></span> <span class='ocrx_word' id='word_1_412' title='bbox 2463 2832 2652 2872; x_wconf 89' lang='lat' dir='ltr'><strong>eorum</strong></span> <span class='ocrx_word' id='word_1_413' title='bbox 2709 2833 2872 2872; x_wconf 90' lang='lat' dir='ltr'><strong>causa</strong></span> <span class='ocrx_word' id='word_1_414' title='bbox 2936 2818 3199 2873; x_wconf 85' lang='lat' dir='ltr'><strong>miracula</strong></span> <span class='ocrx_word' id='word_1_415' title='bbox 3251 2834 3352 2887; x_wconf 89' lang='lat' dir='ltr'><strong>pa-</strong></span> 
     </span>
    </p>
   </div>
   <div class='ocr_carea' id='block_1_60' title="bbox 1774 2909 3351 2980">
    <p class='ocr_par' dir='ltr' id='par_1_60' title="bbox 1774 2909 3351 2980">
     <span class='ocr_line' id='line_1_60' title="bbox 1774 2909 3351 2980; baseline 0 -17"><span class='ocrx_word' id='word_1_416' title='bbox 1774 2924 1963 2975; x_wconf 82' lang='lat' dir='ltr'><strong>trasse,</strong></span> <span class='ocrx_word' id='word_1_417' title='bbox 1994 2914 2089 2980; x_wconf 89' lang='lat' dir='ltr'><strong>qui</strong></span> <span class='ocrx_word' id='word_1_418' title='bbox 2137 2913 2380 2965; x_wconf 89' lang='lat' dir='ltr'><strong>nondum</strong></span> <span class='ocrx_word' id='word_1_419' title='bbox 2426 2910 2787 2976; x_wconf 84' lang='lat' dir='ltr'><strong>crediderant,</strong></span> <span class='ocrx_word' id='word_1_420' title='bbox 2829 2909 2921 2965; x_wconf 84' lang='lat' dir='ltr'><strong>sed</strong></span> <span class='ocrx_word' id='word_1_421' title='bbox 2946 2910 3351 2965; x_wconf 86' lang='lat' dir='ltr'><strong>incredulorum</strong></span> 
     </span>
    </p>
   </div>
   <div class='ocr_carea' id='block_1_61' title="bbox 1772 2998 3355 3070">
    <p class='ocr_par' dir='ltr' id='par_1_61' title="bbox 1772 2998 3355 3070">
     <span class='ocr_line' id='line_1_61' title="bbox 1772 2998 3355 3070; baseline 0.001 -19"><span class='ocrx_word' id='word_1_422' title='bbox 1772 2999 2038 3052; x_wconf 74' lang='lat' dir='ltr'><strong>hactenus</strong></span> <span class='ocrx_word' id='word_1_423' title='bbox 2112 2998 2292 3052; x_wconf 88' lang='lat' dir='ltr'><strong>locum</strong></span> <span class='ocrx_word' id='word_1_424' title='bbox 2344 3010 2672 3068; x_wconf 81' lang='lat' dir='ltr'><strong>occupantes</strong></span> <span class='ocrx_word' id='word_1_425' title='bbox 2723 3014 2787 3052; x_wconf 83' lang='lat' dir='ltr'><strong>ea</strong></span> <span class='ocrx_word' id='word_1_426' title='bbox 2836 2999 3209 3068; x_wconf 82' lang='lat' dir='ltr'><strong>requirebant,</strong></span> <span class='ocrx_word' id='word_1_427' title='bbox 3259 3015 3355 3070; x_wconf 85' lang='lat' dir='ltr'><strong>per</strong></span> 
     </span>
    </p>
   </div>
   <div class='ocr_carea' id='block_1_62' title="bbox 1770 3089 3355 3161">
    <p class='ocr_par' dir='ltr' id='par_1_62' title="bbox 1770 3089 3355 3161">
     <span class='ocr_line' id='line_1_62' title="bbox 1770 3089 3355 3161; baseline 0.001 -19"><span class='ocrx_word' id='word_1_428' title='bbox 1770 3106 1891 3161; x_wconf 65' lang='lat' dir='ltr'><strong>qua!</strong></span> <span class='ocrx_word' id='word_1_429' title='bbox 1920 3090 1987 3144; x_wconf 90' lang='lat' dir='ltr'><strong>ad</strong></span> <span class='ocrx_word' id='word_1_430' title='bbox 2020 3089 2179 3144; x_wconf 88' lang='lat' dir='ltr'><strong>tidem</strong></span> <span class='ocrx_word' id='word_1_431' title='bbox 2208 3090 2587 3160; x_wconf 76' lang='lat' dir='ltr'><strong>pervenirent.</strong></span> <span class='ocrx_word' id='word_1_432' title='bbox 2640 3091 2904 3145; x_wconf 87' lang='lat' dir='ltr'><strong>miracula</strong></span> <span class='ocrx_word' id='word_1_433' title='bbox 2949 3101 3131 3145; x_wconf 88' lang='lat' dir='ltr'><strong>autem</strong></span> <span class='ocrx_word' id='word_1_434' title='bbox 3177 3091 3355 3146; x_wconf 76' lang='lat' dir='ltr'><strong>inStar</strong></span> 
     </span>
    </p>
   </div>
   <div class='ocr_carea' id='block_1_63' title="bbox 1772 3182 3350 3238">
    <p class='ocr_par' dir='ltr' id='par_1_63' title="bbox 1772 3182 3350 3238">
     <span class='ocr_line' id='line_1_63' title="bbox 1772 3182 3350 3238; baseline 0 0"><span class='ocrx_word' id='word_1_435' title='bbox 1772 3183 1927 3238; x_wconf 85' lang='lat' dir='ltr'><strong>ducis</strong></span> <span class='ocrx_word' id='word_1_436' title='bbox 1956 3182 2097 3237; x_wconf 85' lang='lat' dir='ltr'><strong>nacti</strong></span> <span class='ocrx_word' id='word_1_437' title='bbox 2129 3183 2183 3236; x_wconf 89' lang='lat' dir='ltr'><strong>in</strong></span> <span class='ocrx_word' id='word_1_438' title='bbox 2230 3184 2564 3236; x_wconf 89' lang='lat' dir='ltr'><strong>credentium</strong></span> <span class='ocrx_word' id='word_1_439' title='bbox 2608 3193 2808 3237; x_wconf 79' lang='lat' dir='ltr'><strong>emtum</strong></span> <span class='ocrx_word' id='word_1_440' title='bbox 2858 3182 3350 3238; x_wconf 87' lang='lat' dir='ltr'><strong>transferebantur.</strong></span> 
     </span>
    </p>
   </div>
   <div class='ocr_carea' id='block_1_64' title="bbox 1847 3271 3277 3416">
    <p class='ocr_par' dir='ltr' id='par_1_64' title="bbox 1847 3271 3277 3416">
     <span class='ocr_line' id='line_1_64' title="bbox 1847 3271 3277 3416; baseline -0.002 -85"><span class='ocrx_word' id='word_1_441' title='bbox 1847 3271 2172 3343; x_wconf 62' lang='lat' dir='ltr'><strong>QUESTIO</strong></span> <span class='ocrx_word' id='word_1_442' title='bbox 2206 3271 2691 3416; x_wconf 50' lang='lat' dir='ltr'><strong>CCXLIECLC;:{tj</strong></span> <span class='ocrx_word' id='word_1_443' title='bbox 2735 3273 3062 3331; x_wconf 80' lang='lat' dir='ltr'><strong>CCLXXIV.</strong></span> <span class='ocrx_word' id='word_1_444' title='bbox 3108 3274 3277 3329; x_wconf 77' lang='lat' dir='ltr'><strong>Taur.</strong></span> 
     </span>
    </p>
   </div>
   <div class='ocr_carea' id='block_1_65' title="bbox 71 3434 1691 3523">
    <p class='ocr_par' dir='ltr' id='par_1_65' title="bbox 71 3434 1676 3523">
     <span class='ocr_line' id='line_1_65' title="bbox 71 3434 1676 3523; baseline 0.003 -37"><span class='ocrx_word' id='word_1_445' title='bbox 71 3436 147 3487; x_wconf 84' lang='grc' dir='ltr'><strong>Εὶ</strong></span> <span class='ocrx_word' id='word_1_446' title='bbox 188 3435 273 3502; x_wconf 77' lang='grc' dir='ltr'><strong>ἦν</strong></span> <span class='ocrx_word' id='word_1_447' title='bbox 307 3436 344 3503; x_wconf 74' lang='grc' dir='ltr'><strong><em>ἡ</em></strong></span> <span class='ocrx_word' id='word_1_448' title='bbox 393 3434 501 3504; x_wconf 75' lang='grc' dir='ltr'><strong>τῆ,</strong></span> <span class='ocrx_word' id='word_1_449' title='bbox 542 3435 669 3502; x_wconf 73' lang='grc' dir='ltr'>πῶς</span> <span class='ocrx_word' id='word_1_450' title='bbox 704 3437 983 3523; x_wconf 49' lang='lat' dir='ltr'><strong>tiret-ego;</strong></span> <span class='ocrx_word' id='word_1_451' title='bbox 1027 3436 1187 3507; x_wconf 69' lang='grc' dir='ltr'>λέγει</span> <span class='ocrx_word' id='word_1_452' title='bbox 1240 3439 1383 3509; x_wconf 77' lang='grc' dir='ltr'>γάρ’</span> <span class='ocrx_word' id='word_1_453' title='bbox 1428 3457 1447 3490; x_wconf 84' lang='grc' dir='ltr'><strong>ι</strong></span> <span class='ocrx_word' id='word_1_454' title='bbox 1508 3441 1572 3493; x_wconf 88' lang='lat' dir='ltr'><strong>&#39;H</strong></span> <span class='ocrx_word' id='word_1_455' title='bbox 1604 3438 1676 3491; x_wconf 74' lang='grc' dir='ltr'>δὲ</span> 
     </span>
    </p>
   </div>
   <div class='ocr_carea' id='block_1_66' title="bbox 1770 3434 3348 3523">
    <p class='ocr_par' dir='ltr' id='par_1_66' title="bbox 1778 3436 3348 3523">
     <span class='ocr_line' id='line_1_66' title="bbox 1778 3436 3348 3523; baseline 0.001 -29"><span class='ocrx_word' id='word_1_456' title='bbox 1778 3438 1837 3495; x_wconf 90' lang='lat' dir='ltr'><strong>Si</strong></span> <span class='ocrx_word' id='word_1_457' title='bbox 1869 3448 2009 3493; x_wconf 82' lang='lat' dir='ltr'><strong>terra</strong></span> <span class='ocrx_word' id='word_1_458' title='bbox 2030 3439 2149 3509; x_wconf 79' lang='lat' dir='ltr'><strong>jam</strong></span> <span class='ocrx_word' id='word_1_459' title='bbox 2174 3446 2307 3492; x_wconf 79' lang='lat' dir='ltr'><strong>esset</strong></span> <span class='ocrx_word' id='word_1_460' title='bbox 2325 3436 2584 3507; x_wconf 71' lang='lat' dir='ltr'><strong>quomodo</strong></span> <span class='ocrx_word' id='word_1_461' title='bbox 2612 3438 2969 3523; x_wconf 57' lang='grc' dir='ltr'>[πιαίνει-ἔτ,</span> <span class='ocrx_word' id='word_1_462' title='bbox 3004 3441 3141 3494; x_wconf 75' lang='lat' dir='ltr'><strong>dixit</strong></span> <span class='ocrx_word' id='word_1_463' title='bbox 3162 3441 3302 3494; x_wconf 79' lang='lat' dir='ltr'><strong>enim</strong></span> <span class='ocrx_word' id='word_1_464' title='bbox 3329 3457 3348 3496; x_wconf 90' lang='lat'><strong><em>:</em></strong></span> 
     </span>
    </p>
   </div>
   <div class='ocr_carea' id='block_1_67' title="bbox 759 3526 1005 3577">
    <p class='ocr_par' dir='ltr' id='par_1_67' title="bbox 759 3526 1005 3577">
     <span class='ocr_line' id='line_1_67' title="bbox 759 3526 1005 3577; baseline -0.012 -15"><span class='ocrx_word' id='word_1_465' title='bbox 759 3526 835 3575; x_wconf 78' lang='grc' dir='ltr'>γη</span> <span class='ocrx_word' id='word_1_466' title='bbox 866 3527 963 3577; x_wconf 78' lang='grc' dir='ltr'><strong>ην.</strong></span> <span class='ocrx_word' id='word_1_467' title='bbox 987 3527 1005 3559; x_wconf 73' lang='grc' dir='ltr'><strong>ι</strong></span> 
     </span>
    </p>
   </div>
   <div class='ocr_carea' id='block_1_68' title="bbox 2203 3509 2874 3579">
    <p class='ocr_par' dir='ltr' id='par_1_68' title="bbox 2203 3509 2874 3579">
     <span class='ocr_line' id='line_1_68' title="bbox 2203 3509 2874 3579; baseline 0.001 -18"><span class='ocrx_word' id='word_1_468' title='bbox 2203 3519 2348 3563; x_wconf 78' lang='lat' dir='ltr'><strong>terra</strong></span> <span class='ocrx_word' id='word_1_469' title='bbox 2376 3519 2553 3561; x_wconf 81' lang='lat' dir='ltr'><strong>autem</strong></span> <span class='ocrx_word' id='word_1_470' title='bbox 2583 3520 2694 3561; x_wconf 84' lang='lat' dir='ltr'><strong>erat</strong></span> <span class='ocrx_word' id='word_1_471' title='bbox 2723 3509 2874 3579; x_wconf 65' lang='lat'><strong>(£6)?</strong></span> 
     </span>
    </p>
   </div>
   <div class='ocr_carea' id='block_1_69' title="bbox 735 3600 2697 3666">
    <p class='ocr_par' dir='ltr' id='par_1_69' title="bbox 735 3600 2697 3666">
     <span class='ocr_line' id='line_1_69' title="bbox 735 3600 2697 3666; baseline 0 -17"><span class='ocrx_word' id='word_1_472' title='bbox 735 3600 878 3650; x_wconf 82' lang='lat' dir='ltr'><strong>Edita</strong></span> <span class='ocrx_word' id='word_1_473' title='bbox 904 3616 932 3650; x_wconf 92' lang='lat' dir='ltr'><strong>a</strong></span> <span class='ocrx_word' id='word_1_474' title='bbox 960 3602 1081 3651; x_wconf 72' lang='lat' dir='ltr'><strong>Maio</strong></span> <span class='ocrx_word' id='word_1_475' title='bbox 1108 3604 1259 3665; x_wconf 81' lang='lat' dir='ltr'><strong>(Nov.</strong></span> <span class='ocrx_word' id='word_1_476' title='bbox 1297 3601 1421 3654; x_wconf 82' lang='lat' dir='ltr'><strong>Coll.</strong></span> <span class='ocrx_word' id='word_1_477' title='bbox 1456 3610 1491 3651; x_wconf 93' lang='lat' dir='ltr'><strong>t.</strong></span> <span class='ocrx_word' id='word_1_478' title='bbox 1523 3602 1601 3661; x_wconf 81' lang='lat' dir='ltr'><strong>IX,</strong></span> <span class='ocrx_word' id='word_1_479' title='bbox 1630 3617 1677 3665; x_wconf 90' lang='lat' dir='ltr'><strong>p-</strong></span> <span class='ocrx_word' id='word_1_480' title='bbox 1706 3604 1812 3666; x_wconf 74' lang='lat' dir='ltr'><strong>tlﬁ)</strong></span> <span class='ocrx_word' id='word_1_481' title='bbox 1857 3600 1989 3650; x_wconf 86' lang='grc' dir='ltr'>-ιιι</span> <span class='ocrx_word' id='word_1_482' title='bbox 2013 3602 2139 3651; x_wconf 84' lang='lat' dir='ltr'><strong>Gen.</strong></span> <span class='ocrx_word' id='word_1_483' title='bbox 2165 3613 2201 3659; x_wconf 83' lang='grc' dir='ltr'><strong>ι,</strong></span> <span class='ocrx_word' id='word_1_484' title='bbox 2226 3600 2274 3648; x_wconf 72' lang='lat'><strong>2.</strong></span> <span class='ocrx_word' id='word_1_485' title='bbox 2301 3600 2375 3649; x_wconf 87' lang='lat' dir='ltr'><strong>De</strong></span> <span class='ocrx_word' id='word_1_486' title='bbox 2396 3606 2507 3647; x_wconf 88' lang='lat' dir='ltr'><strong>ortu</strong></span> <span class='ocrx_word' id='word_1_487' title='bbox 2534 3607 2697 3649; x_wconf 75' lang='lat' dir='ltr'><strong>term.</strong></span> 
     </span>
    </p>
   </div>
   <div class='ocr_carea' id='block_1_70' title="bbox 155 3678 1691 3754">
    <p class='ocr_par' dir='ltr' id='par_1_70' title="bbox 155 3678 1675 3754">
     <span class='ocr_line' id='line_1_70' title="bbox 155 3678 1675 3754; baseline 0.006 -24"><span class='ocrx_word' id='word_1_488' title='bbox 155 3679 399 3731; x_wconf 76' lang='grc' dir='ltr'>’ῐῐλίθιον</span> <span class='ocrx_word' id='word_1_489' title='bbox 449 3678 510 3732; x_wconf 78' lang='grc' dir='ltr'>τὸ</span> <span class='ocrx_word' id='word_1_490' title='bbox 559 3678 823 3751; x_wconf 73' lang='grc' dir='ltr'>ἐρώτημα</span> <span class='ocrx_word' id='word_1_491' title='bbox 850 3698 865 3713; x_wconf 91' lang='grc'><strong>·</strong></span> <span class='ocrx_word' id='word_1_492' title='bbox 896 3684 925 3736; x_wconf 93' lang='lat'><strong>6</strong></span> <span class='ocrx_word' id='word_1_493' title='bbox 957 3684 1068 3754; x_wconf 81' lang='grc' dir='ltr'><strong>γὰρ</strong></span> <span class='ocrx_word' id='word_1_494' title='bbox 1118 3684 1312 3737; x_wconf 72' lang='grc' dir='ltr'>εἰπών’</span> <span class='ocrx_word' id='word_1_495' title='bbox 1347 3702 1366 3735; x_wconf 82' lang='grc' dir='ltr'><strong>ι</strong></span> <span class='ocrx_word' id='word_1_496' title='bbox 1408 3684 1500 3737; x_wconf 84' lang='grc' dir='ltr'>Ἐν</span> <span class='ocrx_word' id='word_1_497' title='bbox 1531 3687 1675 3753; x_wconf 79' lang='grc' dir='ltr'><strong>ἀρχῂ</strong></span> 
     </span>
    </p>
   </div>
   <div class='ocr_carea' id='block_1_71' title="bbox 1770 3678 3350 3754">
    <p class='ocr_par' dir='ltr' id='par_1_71' title="bbox 1851 3681 3350 3751">
     <span class='ocr_line' id='line_1_71' title="bbox 1851 3681 3350 3751; baseline 0.001 -14"><span class='ocrx_word' id='word_1_498' title='bbox 1851 3683 2030 3737; x_wconf 88' lang='lat' dir='ltr'><strong>Stulta</strong></span> <span class='ocrx_word' id='word_1_499' title='bbox 2062 3691 2145 3735; x_wconf 87' lang='lat' dir='ltr'><strong>est</strong></span> <span class='ocrx_word' id='word_1_500' title='bbox 2172 3683 2287 3735; x_wconf 69' lang='lat' dir='ltr'><strong>haec</strong></span> <span class='ocrx_word' id='word_1_501' title='bbox 2312 3681 2577 3748; x_wconf 73' lang='lat' dir='ltr'><strong>quaestio;</strong></span> <span class='ocrx_word' id='word_1_502' title='bbox 2607 3681 2699 3749; x_wconf 86' lang='lat' dir='ltr'><strong>qui</strong></span> <span class='ocrx_word' id='word_1_503' title='bbox 2727 3696 2871 3734; x_wconf 83' lang='lat' dir='ltr'><strong>enim</strong></span> <span class='ocrx_word' id='word_1_504' title='bbox 2894 3682 3033 3736; x_wconf 80' lang='lat' dir='ltr'><strong>dixit</strong></span> <span class='ocrx_word' id='word_1_505' title='bbox 3064 3702 3078 3737; x_wconf 91' lang='lat'><strong>:</strong></span> <span class='ocrx_word' id='word_1_506' title='bbox 3114 3681 3169 3736; x_wconf 92' lang='lat' dir='ltr'><strong>ln</strong></span> <span class='ocrx_word' id='word_1_507' title='bbox 3199 3684 3350 3751; x_wconf 88' lang='lat' dir='ltr'><strong>prin-</strong></span> 
     </span>
    </p>
   </div>
   <div class='ocr_carea' id='block_1_72' title="bbox 76 3770 1667 3846">
    <p class='ocr_par' dir='ltr' id='par_1_72' title="bbox 76 3770 1667 3846">
     <span class='ocr_line' id='line_1_72' title="bbox 76 3770 1667 3846; baseline 0.002 -23"><span class='ocrx_word' id='word_1_508' title='bbox 76 3771 347 3841; x_wconf 74' lang='grc' dir='ltr'>ἐποίησεν</span> <span class='ocrx_word' id='word_1_509' title='bbox 372 3770 545 3835; x_wconf 77' lang='grc' dir='ltr'>ὀΘεὸς</span> <span class='ocrx_word' id='word_1_510' title='bbox 562 3772 655 3825; x_wconf 78' lang='grc' dir='ltr'>τὸν</span> <span class='ocrx_word' id='word_1_511' title='bbox 680 3772 906 3844; x_wconf 69' lang='grc' dir='ltr'>οὐρανὸν</span> <span class='ocrx_word' id='word_1_512' title='bbox 933 3776 1029 3828; x_wconf 83' lang='grc' dir='ltr'>καὶ</span> <span class='ocrx_word' id='word_1_513' title='bbox 1050 3776 1149 3846; x_wconf 81' lang='grc' dir='ltr'>τὴν</span> <span class='ocrx_word' id='word_1_514' title='bbox 1176 3776 1301 3845; x_wconf 83' lang='grc' dir='ltr'>γῆν,</span> <span class='ocrx_word' id='word_1_515' title='bbox 1330 3794 1348 3826; x_wconf 74' lang='grc' dir='ltr'><strong>ι</strong></span> <span class='ocrx_word' id='word_1_516' title='bbox 1369 3775 1471 3828; x_wconf 80' lang='grc' dir='ltr'>οὐκ</span> <span class='ocrx_word' id='word_1_517' title='bbox 1498 3774 1667 3828; x_wconf 76' lang='grc' dir='ltr'>ἀίδιον</span> 
     </span>
    </p>
   </div>
   <div class='ocr_carea' id='block_1_73' title="bbox 74 3862 1666 3937">
    <p class='ocr_par' dir='ltr' id='par_1_73' title="bbox 74 3862 1666 3937">
     <span class='ocr_line' id='line_1_73' title="bbox 74 3862 1666 3937; baseline 0.012 -34"><span class='ocrx_word' id='word_1_518' title='bbox 74 3863 334 3929; x_wconf 72' lang='grc' dir='ltr'><strong>δηλονότι</strong></span> <span class='ocrx_word' id='word_1_519' title='bbox 396 3863 500 3935; x_wconf 81' lang='grc' dir='ltr'>εφη</span> <span class='ocrx_word' id='word_1_520' title='bbox 559 3866 657 3935; x_wconf 68' lang='grc' dir='ltr'>τὴν</span> <span class='ocrx_word' id='word_1_521' title='bbox 699 3865 804 3935; x_wconf 82' lang='grc' dir='ltr'>γῆν</span> <span class='ocrx_word' id='word_1_522' title='bbox 864 3882 879 3897; x_wconf 79' lang='grc'><em>’</em></span> <span class='ocrx_word' id='word_1_523' title='bbox 924 3864 1029 3936; x_wconf 71' lang='grc' dir='ltr'><strong>ἔφη</strong></span> <span class='ocrx_word' id='word_1_524' title='bbox 1078 3866 1136 3918; x_wconf 70' lang='grc' dir='ltr'>δὲ</span> <span class='ocrx_word' id='word_1_525' title='bbox 1164 3867 1265 3936; x_wconf 79' lang='grc' dir='ltr'><strong>οὐχ</strong></span> <span class='ocrx_word' id='word_1_526' title='bbox 1296 3867 1379 3919; x_wconf 83' lang='grc' dir='ltr'>ὅτι</span> <span class='ocrx_word' id='word_1_527' title='bbox 1417 3862 1485 3937; x_wconf 76' lang='grc' dir='ltr'>ἦν</span> <span class='ocrx_word' id='word_1_528' title='bbox 1519 3866 1553 3936; x_wconf 76' lang='grc' dir='ltr'><strong>ἡ</strong></span> <span class='ocrx_word' id='word_1_529' title='bbox 1590 3865 1666 3934; x_wconf 77' lang='grc' dir='ltr'>γῆ</span> 
     </span>
    </p>
   </div>
   <div class='ocr_carea' id='block_1_74' title="bbox 76 3950 1669 4026">
    <p class='ocr_par' dir='ltr' id='par_1_74' title="bbox 76 3950 1669 4026">
     <span class='ocr_line' id='line_1_74' title="bbox 76 3950 1669 4026; baseline 0 -19"><span class='ocrx_word' id='word_1_530' title='bbox 76 3954 397 4017; x_wconf 79' lang='grc' dir='ltr'>ἁπολύτως,</span> <span class='ocrx_word' id='word_1_531' title='bbox 431 3954 545 4007; x_wconf 78' lang='grc' dir='ltr'>ἀλλ’</span> <span class='ocrx_word' id='word_1_532' title='bbox 574 3957 657 4008; x_wconf 76' lang='grc' dir='ltr'>ὅτι</span> <span class='ocrx_word' id='word_1_533' title='bbox 677 3950 747 4026; x_wconf 79' lang='grc' dir='ltr'>ἦν</span> <span class='ocrx_word' id='word_1_534' title='bbox 775 3956 1251 4019; x_wconf 72' lang='grc' dir='ltr'>ἀκατασκεύαστος</span> <span class='ocrx_word' id='word_1_535' title='bbox 1289 3970 1302 3985; x_wconf 91' lang='grc'><strong>·</strong></span> <span class='ocrx_word' id='word_1_536' title='bbox 1333 3956 1413 4009; x_wconf 75' lang='grc' dir='ltr'>ἔτι</span> <span class='ocrx_word' id='word_1_537' title='bbox 1437 3956 1546 4026; x_wconf 87' lang='grc' dir='ltr'><strong>γὰρ</strong></span> <span class='ocrx_word' id='word_1_538' title='bbox 1577 3956 1669 4007; x_wconf 80' lang='grc' dir='ltr'><strong>ἀό-</strong></span> 
     </span>
    </p>
   </div>
   <div class='ocr_carea' id='block_1_75' title="bbox 82 4043 1669 4118">
    <p class='ocr_par' dir='ltr' id='par_1_75' title="bbox 82 4043 1669 4118">
     <span class='ocr_line' id='line_1_75' title="bbox 82 4043 1669 4118; baseline 0 -19"><span class='ocrx_word' id='word_1_539' title='bbox 82 4064 259 4117; x_wconf 80' lang='grc' dir='ltr'>ρατος</span> <span class='ocrx_word' id='word_1_540' title='bbox 286 4043 354 4117; x_wconf 81' lang='grc' dir='ltr'>ἦν</span> <span class='ocrx_word' id='word_1_541' title='bbox 377 4048 723 4118; x_wconf 69' lang='grc' dir='ltr'>ἐπικειμένου</span> <span class='ocrx_word' id='word_1_542' title='bbox 751 4047 847 4101; x_wconf 80' lang='grc' dir='ltr'>τοῦ</span> <span class='ocrx_word' id='word_1_543' title='bbox 881 4048 1071 4111; x_wconf 81' lang='grc' dir='ltr'>ὓδατος</span> <span class='ocrx_word' id='word_1_544' title='bbox 1098 4065 1113 4079; x_wconf 75' lang='grc' dir='ltr'><strong>ο</strong></span> <span class='ocrx_word' id='word_1_545' title='bbox 1147 4052 1242 4102; x_wconf 70' lang='grc' dir='ltr'>καὶ</span> <span class='ocrx_word' id='word_1_546' title='bbox 1286 4046 1669 4103; x_wconf 83' lang='grc' dir='ltr'>ἀκατασκεύα-</span> 
     </span>
    </p>
   </div>
   <div class='ocr_carea' id='block_1_76' title="bbox 80 4137 1667 4213">
    <p class='ocr_par' dir='ltr' id='par_1_76' title="bbox 80 4137 1667 4213">
     <span class='ocr_line' id='line_1_76' title="bbox 80 4137 1667 4213; baseline 0 -21"><span class='ocrx_word' id='word_1_547' title='bbox 80 4157 243 4203; x_wconf 83' lang='grc' dir='ltr'>στος,</span> <span class='ocrx_word' id='word_1_548' title='bbox 292 4141 516 4211; x_wconf 72' lang='grc' dir='ltr'>μηδέπω</span> <span class='ocrx_word' id='word_1_549' title='bbox 560 4139 900 4211; x_wconf 75' lang='grc' dir='ltr'>κοσμηθεῖσα</span> <span class='ocrx_word' id='word_1_550' title='bbox 949 4139 1192 4213; x_wconf 69' lang='grc' dir='ltr'>βλάστῃθ</span> <span class='ocrx_word' id='word_1_551' title='bbox 1243 4141 1337 4193; x_wconf 85' lang='grc' dir='ltr'>καὶ</span> <span class='ocrx_word' id='word_1_552' title='bbox 1382 4140 1527 4193; x_wconf 86' lang='grc' dir='ltr'>διατί</span> <span class='ocrx_word' id='word_1_553' title='bbox 1572 4137 1667 4193; x_wconf 83' lang='grc' dir='ltr'><strong>τοῦ</strong></span> 
     </span>
    </p>
   </div>
   <div class='ocr_carea' id='block_1_77' title="bbox 80 4213 1670 4303">
    <p class='ocr_par' dir='ltr' id='par_1_77' title="bbox 80 4213 1670 4303">
     <span class='ocr_line' id='line_1_77' title="bbox 80 4213 1670 4303; baseline -0.001 -20"><span class='ocrx_word' id='word_1_554' title='bbox 80 4232 275 4300; x_wconf 75' lang='grc' dir='ltr'>φωτὸς</span> <span class='ocrx_word' id='word_1_555' title='bbox 325 4232 543 4303; x_wconf 82' lang='grc' dir='ltr'>πρῶτον</span> <span class='ocrx_word' id='word_1_556' title='bbox 572 4228 734 4295; x_wconf 79' lang='grc' dir='ltr'>εἶδος,</span> <span class='ocrx_word' id='word_1_557' title='bbox 784 4213 904 4285; x_wconf 72' lang='grc' dir='ltr'>εἶτα</span> <span class='ocrx_word' id='word_1_558' title='bbox 960 4232 1023 4284; x_wconf 80' lang='grc' dir='ltr'>τὸ</span> <span class='ocrx_word' id='word_1_559' title='bbox 1066 4232 1423 4301; x_wconf 80' lang='grc' dir='ltr'>ὑποκείμενον</span> <span class='ocrx_word' id='word_1_560' title='bbox 1464 4232 1583 4302; x_wconf 70' lang='grc' dir='ltr'>ἦτοι</span> <span class='ocrx_word' id='word_1_561' title='bbox 1609 4229 1670 4282; x_wconf 77' lang='grc' dir='ltr'><strong>τὸ</strong></span> 
     </span>
    </p>
   </div>
   <div class='ocr_carea' id='block_1_78' title="bbox 82 4322 1669 4394">
    <p class='ocr_par' dir='ltr' id='par_1_78' title="bbox 82 4322 1669 4394">
     <span class='ocr_line' id='line_1_78' title="bbox 82 4322 1669 4394; baseline 0.003 -20"><span class='ocrx_word' id='word_1_562' title='bbox 82 4324 321 4394; x_wconf 72' lang='grc' dir='ltr'>ἡλιακὸν</span> <span class='ocrx_word' id='word_1_563' title='bbox 349 4324 507 4393; x_wconf 83' lang='grc' dir='ltr'>σῶμα</span> <span class='ocrx_word' id='word_1_564' title='bbox 540 4323 848 4394; x_wconf 74' lang='grc' dir='ltr'>ὑπέστησεν</span> <span class='ocrx_word' id='word_1_565' title='bbox 873 4342 888 4389; x_wconf 87' lang='lat'><strong>;</strong></span> <span class='ocrx_word' id='word_1_566' title='bbox 915 4324 1004 4377; x_wconf 85' lang='grc' dir='ltr'>ἶνα</span> <span class='ocrx_word' id='word_1_567' title='bbox 1038 4322 1527 4394; x_wconf 69' lang='grc' dir='ltr'>θαυματουργήσῃ,</span> <span class='ocrx_word' id='word_1_568' title='bbox 1560 4337 1669 4392; x_wconf 81' lang='grc' dir='ltr'><strong>φη·</strong></span> 
     </span>
    </p>
   </div>
   <div class='ocr_carea' id='block_1_79' title="bbox 86 4410 1671 4484">
    <p class='ocr_par' dir='ltr' id='par_1_79' title="bbox 86 4410 1671 4484">
     <span class='ocr_line' id='line_1_79' title="bbox 86 4410 1671 4484; baseline -0.004 -16"><span class='ocrx_word' id='word_1_569' title='bbox 86 4418 187 4469; x_wconf 77' lang='grc' dir='ltr'><strong>σίν</strong></span> <span class='ocrx_word' id='word_1_570' title='bbox 211 4418 241 4468; x_wconf 90' lang='lat'><strong>6</strong></span> <span class='ocrx_word' id='word_1_571' title='bbox 269 4413 547 4482; x_wconf 60' lang='grc' dir='ltr'>θεολόγος,</span> <span class='ocrx_word' id='word_1_572' title='bbox 575 4414 797 4484; x_wconf 80' lang='grc' dir='ltr'>μείζονα</span> <span class='ocrx_word' id='word_1_573' title='bbox 822 4429 837 4445; x_wconf 76' lang='grc' dir='ltr'><strong>ο</strong></span> <span class='ocrx_word' id='word_1_574' title='bbox 861 4414 1049 4482; x_wconf 65' lang='grc' dir='ltr'>ἐπειδὴ</span> <span class='ocrx_word' id='word_1_575' title='bbox 1073 4414 1180 4483; x_wconf 78' lang='grc' dir='ltr'>γὰρ</span> <span class='ocrx_word' id='word_1_576' title='bbox 1203 4415 1315 4475; x_wconf 75' lang='grc' dir='ltr'>τοῖς</span> <span class='ocrx_word' id='word_1_577' title='bbox 1332 4412 1509 4475; x_wconf 73' lang='grc' dir='ltr'>ἄλλοις</span> <span class='ocrx_word' id='word_1_578' title='bbox 1538 4410 1671 4481; x_wconf 83' lang='grc' dir='ltr'>ὓλην</span> 
     </span>
    </p>
   </div>
   <div class='ocr_carea' id='block_1_80' title="bbox 86 4502 1671 4577">
    <p class='ocr_par' dir='ltr' id='par_1_80' title="bbox 86 4502 1671 4577">
     <span class='ocr_line' id='line_1_80' title="bbox 86 4502 1671 4577; baseline -0.003 -18"><span class='ocrx_word' id='word_1_579' title='bbox 86 4508 519 4577; x_wconf 70' lang='grc' dir='ltr'>προῦποστήσας</span> <span class='ocrx_word' id='word_1_580' title='bbox 570 4505 928 4575; x_wconf 83' lang='grc' dir='ltr'>εἰδοποίησεν,</span> <span class='ocrx_word' id='word_1_581' title='bbox 980 4504 1207 4574; x_wconf 77' lang='grc' dir='ltr'>ὕστερον</span> <span class='ocrx_word' id='word_1_582' title='bbox 1254 4503 1405 4568; x_wconf 73' lang='grc' dir='ltr'>τάξιν</span> <span class='ocrx_word' id='word_1_583' title='bbox 1455 4502 1671 4573; x_wconf 70' lang='grc' dir='ltr'>ἑκάστῳ</span> 
     </span>
    </p>
   </div>
   <div class='ocr_carea' id='block_1_81' title="bbox 81 4594 1671 4668">
    <p class='ocr_par' dir='ltr' id='par_1_81' title="bbox 81 4594 1671 4668">
     <span class='ocr_line' id='line_1_81' title="bbox 81 4594 1671 4668; baseline -0.004 -16"><span class='ocrx_word' id='word_1_584' title='bbox 81 4602 191 4652; x_wconf 77' lang='grc' dir='ltr'>καὶ</span> <span class='ocrx_word' id='word_1_585' title='bbox 219 4598 404 4668; x_wconf 82' lang='grc' dir='ltr'>σχῆμα</span> <span class='ocrx_word' id='word_1_586' title='bbox 440 4599 537 4651; x_wconf 78' lang='grc' dir='ltr'>καὶ</span> <span class='ocrx_word' id='word_1_587' title='bbox 585 4597 815 4667; x_wconf 75' lang='grc' dir='ltr'>μέγεθος</span> <span class='ocrx_word' id='word_1_588' title='bbox 861 4595 1107 4666; x_wconf 77' lang='grc' dir='ltr'>περιθεὶς</span> <span class='ocrx_word' id='word_1_589' title='bbox 1130 4633 1144 4657; x_wconf 87' lang='grc'><strong>,</strong></span> <span class='ocrx_word' id='word_1_590' title='bbox 1179 4594 1410 4647; x_wconf 74' lang='grc' dir='ltr'>ἐνταῦθα</span> <span class='ocrx_word' id='word_1_591' title='bbox 1438 4594 1671 4665; x_wconf 85' lang='grc' dir='ltr'>παραδο-</span> 
     </span>
    </p>
   </div>
   <div class='ocr_carea' id='block_1_82' title="bbox 80 4684 1672 4759">
    <p class='ocr_par' dir='ltr' id='par_1_82' title="bbox 80 4684 1672 4759">
     <span class='ocr_line' id='line_1_82' title="bbox 80 4684 1672 4759; baseline -0.002 -18"><span class='ocrx_word' id='word_1_592' title='bbox 80 4691 318 4759; x_wconf 72' lang='grc' dir='ltr'>ξότερον</span> <span class='ocrx_word' id='word_1_593' title='bbox 376 4691 474 4759; x_wconf 80' lang='grc' dir='ltr'>τῆς</span> <span class='ocrx_word' id='word_1_594' title='bbox 531 4690 663 4759; x_wconf 77' lang='grc' dir='ltr'>ὕλης</span> <span class='ocrx_word' id='word_1_595' title='bbox 717 4689 778 4742; x_wconf 83' lang='grc' dir='ltr'>τὸ</span> <span class='ocrx_word' id='word_1_596' title='bbox 826 4684 961 4751; x_wconf 84' lang='grc' dir='ltr'>εἶδος</span> <span class='ocrx_word' id='word_1_597' title='bbox 998 4690 1483 4757; x_wconf 78' lang='grc' dir='ltr'>προῦπεστήσατο·</span> <span class='ocrx_word' id='word_1_598' title='bbox 1533 4684 1672 4749; x_wconf 84' lang='grc' dir='ltr'>εἶδος</span> 
     </span>
    </p>
   </div>
   <div class='ocr_carea' id='block_1_83' title="bbox 79 4781 649 4853">
    <p class='ocr_par' dir='ltr' id='par_1_83' title="bbox 79 4781 649 4853">
     <span class='ocr_line' id='line_1_83' title="bbox 79 4781 649 4853; baseline -0.002 -19"><span class='ocrx_word' id='word_1_599' title='bbox 79 4783 206 4851; x_wconf 76' lang='grc' dir='ltr'><strong>γὰρ</strong></span> <span class='ocrx_word' id='word_1_600' title='bbox 232 4782 383 4853; x_wconf 72' lang='grc' dir='ltr'>ἡλίου</span> <span class='ocrx_word' id='word_1_601' title='bbox 418 4782 481 4833; x_wconf 79' lang='grc' dir='ltr'>τὸ</span> <span class='ocrx_word' id='word_1_602' title='bbox 514 4781 649 4850; x_wconf 82' lang='grc' dir='ltr'>φῶς.</span> 
     </span>
    </p>
   </div>
   <div class='ocr_carea' id='block_1_84' title="bbox 638 4869 1131 4924">
    <p class='ocr_par' dir='ltr' id='par_1_84' title="bbox 638 4869 1131 4924">
     <span class='ocr_line' id='line_1_84' title="bbox 638 4869 1131 4924; baseline -0.006 0"><span class='ocrx_word' id='word_1_603' title='bbox 638 4869 970 4924; x_wconf 78' lang='grc' dir='ltr'><strong>ΕΡΩΤΗΣΙΣ</strong></span> <span class='ocrx_word' id='word_1_604' title='bbox 1004 4869 1131 4921; x_wconf 71' lang='grc' dir='ltr'><strong>ΣΝ.</strong></span> 
     </span>
    </p>
   </div>
   <div class='ocr_carea' id='block_1_85' title="bbox 1772 3772 3351 3845">
    <p class='ocr_par' dir='ltr' id='par_1_85' title="bbox 1772 3772 3351 3845">
     <span class='ocr_line' id='line_1_85' title="bbox 1772 3772 3351 3845; baseline -0.001 -13"><span class='ocrx_word' id='word_1_605' title='bbox 1772 3776 1919 3845; x_wconf 91' lang='lat' dir='ltr'><strong>cipio</strong></span> <span class='ocrx_word' id='word_1_606' title='bbox 1946 3777 2154 3830; x_wconf 87' lang='lat' dir='ltr'><strong>creavit</strong></span> <span class='ocrx_word' id='word_1_607' title='bbox 2184 3772 2330 3829; x_wconf 83' lang='lat' dir='ltr'><strong>Deus</strong></span> <span class='ocrx_word' id='word_1_608' title='bbox 2363 3774 2561 3827; x_wconf 74' lang='lat' dir='ltr'><strong>emtum</strong></span> <span class='ocrx_word' id='word_1_609' title='bbox 2596 3784 2652 3826; x_wconf 90' lang='lat' dir='ltr'><strong>et</strong></span> <span class='ocrx_word' id='word_1_610' title='bbox 2677 3782 2898 3837; x_wconf 82' lang='lat' dir='ltr'><strong>terram,</strong></span> <span class='ocrx_word' id='word_1_611' title='bbox 2934 3790 3041 3828; x_wconf 90' lang='lat' dir='ltr'><strong>non</strong></span> <span class='ocrx_word' id='word_1_612' title='bbox 3069 3776 3351 3831; x_wconf 82' lang='lat' dir='ltr'><strong>evidenter</strong></span> 
     </span>
    </p>
   </div>
   <div class='ocr_carea' id='block_1_86' title="bbox 1775 3863 3349 3935">
    <p class='ocr_par' dir='ltr' id='par_1_86' title="bbox 1775 3863 3349 3935">
     <span class='ocr_line' id='line_1_86' title="bbox 1775 3863 3349 3935; baseline 0 -15"><span class='ocrx_word' id='word_1_613' title='bbox 1775 3875 1975 3920; x_wconf 84' lang='lat' dir='ltr'><strong>terram</strong></span> <span class='ocrx_word' id='word_1_614' title='bbox 2020 3874 2279 3920; x_wconf 66' lang='lat' dir='ltr'><strong>aeternam</strong></span> <span class='ocrx_word' id='word_1_615' title='bbox 2323 3879 2447 3919; x_wconf 84' lang='lat' dir='ltr'><strong>esse</strong></span> <span class='ocrx_word' id='word_1_616' title='bbox 2476 3864 2616 3917; x_wconf 75' lang='lat' dir='ltr'><strong>dixit</strong></span> <span class='ocrx_word' id='word_1_617' title='bbox 2650 3863 2828 3917; x_wconf 78' lang='lat' dir='ltr'><strong>:dixit</strong></span> <span class='ocrx_word' id='word_1_618' title='bbox 2860 3867 3006 3919; x_wconf 88' lang='lat' dir='ltr'><strong>cnim</strong></span> <span class='ocrx_word' id='word_1_619' title='bbox 3055 3882 3163 3920; x_wconf 89' lang='lat' dir='ltr'><strong>non</strong></span> <span class='ocrx_word' id='word_1_620' title='bbox 3204 3867 3349 3935; x_wconf 91' lang='lat' dir='ltr'><strong>quod</strong></span> 
     </span>
    </p>
   </div>
   <div class='ocr_carea' id='block_1_87' title="bbox 1774 3952 3348 4022">
    <p class='ocr_par' dir='ltr' id='par_1_87' title="bbox 1774 3952 3348 4022">
     <span class='ocr_line' id='line_1_87' title="bbox 1774 3952 3348 4022; baseline 0.001 -13"><span class='ocrx_word' id='word_1_621' title='bbox 1774 3963 1917 4009; x_wconf 88' lang='lat' dir='ltr'><strong>terra</strong></span> <span class='ocrx_word' id='word_1_622' title='bbox 1950 3964 2072 4009; x_wconf 89' lang='lat' dir='ltr'><strong>erat</strong></span> <span class='ocrx_word' id='word_1_623' title='bbox 2103 3954 2374 4019; x_wconf 87' lang='lat' dir='ltr'><strong>absolute,</strong></span> <span class='ocrx_word' id='word_1_624' title='bbox 2399 3953 2495 4008; x_wconf 86' lang='lat' dir='ltr'><strong>sed</strong></span> <span class='ocrx_word' id='word_1_625' title='bbox 2520 3952 2666 4022; x_wconf 86' lang='lat' dir='ltr'><strong>quod</strong></span> <span class='ocrx_word' id='word_1_626' title='bbox 2690 3962 2809 4006; x_wconf 87' lang='lat' dir='ltr'><strong>erat</strong></span> <span class='ocrx_word' id='word_1_627' title='bbox 2839 3953 3117 4008; x_wconf 87' lang='lat' dir='ltr'><strong>inornata.</strong></span> <span class='ocrx_word' id='word_1_628' title='bbox 3147 3954 3348 4011; x_wconf 79' lang='lat' dir='ltr'><strong>Adhuc</strong></span> 
     </span>
    </p>
   </div>
   <div class='ocr_carea' id='block_1_88' title="bbox 1772 4044 3347 4113">
    <p class='ocr_par' dir='ltr' id='par_1_88' title="bbox 1772 4044 3347 4113">
     <span class='ocr_line' id='line_1_88' title="bbox 1772 4044 3347 4113; baseline 0.001 -13"><span class='ocrx_word' id='word_1_629' title='bbox 1772 4045 1918 4100; x_wconf 88' lang='lat' dir='ltr'><strong>enim</strong></span> <span class='ocrx_word' id='word_1_630' title='bbox 1943 4044 2237 4100; x_wconf 85' lang='lat' dir='ltr'><strong>invisibilis</strong></span> <span class='ocrx_word' id='word_1_631' title='bbox 2260 4052 2399 4106; x_wconf 85' lang='lat' dir='ltr'><strong>erat.</strong></span> <span class='ocrx_word' id='word_1_632' title='bbox 2451 4044 2609 4112; x_wconf 88' lang='lat' dir='ltr'><strong>aquis</strong></span> <span class='ocrx_word' id='word_1_633' title='bbox 2632 4044 2968 4099; x_wconf 89' lang='lat' dir='ltr'><strong>circumdata</strong></span> <span class='ocrx_word' id='word_1_634' title='bbox 2992 4055 3045 4098; x_wconf 81' lang='lat' dir='ltr'><strong>et</strong></span> <span class='ocrx_word' id='word_1_635' title='bbox 3073 4048 3347 4113; x_wconf 85' lang='lat' dir='ltr'><strong>inornata,</strong></span> 
     </span>
    </p>
   </div>
   <div class='ocr_carea' id='block_1_89' title="bbox 1774 4135 3350 4206">
    <p class='ocr_par' dir='ltr' id='par_1_89' title="bbox 1774 4135 3350 4206">
     <span class='ocr_line' id='line_1_89' title="bbox 1774 4135 3350 4206; baseline 0.003 -15"><span class='ocrx_word' id='word_1_636' title='bbox 1774 4138 1924 4191; x_wconf 90' lang='lat' dir='ltr'><strong>nullo</strong></span> <span class='ocrx_word' id='word_1_637' title='bbox 1982 4136 2147 4191; x_wconf 87' lang='lat' dir='ltr'><strong>modo</strong></span> <span class='ocrx_word' id='word_1_638' title='bbox 2204 4135 2275 4190; x_wconf 84' lang='lat' dir='ltr'><strong>ad</strong></span> <span class='ocrx_word' id='word_1_639' title='bbox 2339 4136 2816 4190; x_wconf 85' lang='lat' dir='ltr'><strong>fructificationem</strong></span> <span class='ocrx_word' id='word_1_640' title='bbox 2891 4150 3220 4206; x_wconf 65' lang='lat' dir='ltr'><strong>praeparata.</strong></span> <span class='ocrx_word' id='word_1_641' title='bbox 3282 4139 3350 4195; x_wconf 81' lang='lat' dir='ltr'><strong>Et</strong></span> 
     </span>
    </p>
   </div>
   <div class='ocr_carea' id='block_1_90' title="bbox 1774 4226 3350 4300">
    <p class='ocr_par' dir='ltr' id='par_1_90' title="bbox 1774 4226 3350 4300">
     <span class='ocr_line' id='line_1_90' title="bbox 1774 4226 3350 4300; baseline 0.001 -19"><span class='ocrx_word' id='word_1_642' title='bbox 1774 4242 1948 4297; x_wconf 87' lang='lat' dir='ltr'><strong>quare</strong></span> <span class='ocrx_word' id='word_1_643' title='bbox 1970 4226 2197 4281; x_wconf 90' lang='lat' dir='ltr'><strong>luminis</strong></span> <span class='ocrx_word' id='word_1_644' title='bbox 2238 4226 2475 4295; x_wconf 82' lang='lat' dir='ltr'><strong>primunt</strong></span> <span class='ocrx_word' id='word_1_645' title='bbox 2513 4228 2781 4283; x_wconf 85' lang='lat' dir='ltr'><strong>visionem</strong></span> <span class='ocrx_word' id='word_1_646' title='bbox 2817 4238 3005 4297; x_wconf 87' lang='lat' dir='ltr'><strong>postea</strong></span> <span class='ocrx_word' id='word_1_647' title='bbox 3043 4244 3174 4283; x_wconf 88' lang='lat' dir='ltr'><strong>vero</strong></span> <span class='ocrx_word' id='word_1_648' title='bbox 3216 4245 3350 4300; x_wconf 88' lang='lat' dir='ltr'><strong>sup-</strong></span> 
     </span>
    </p>
   </div>
   <div class='ocr_carea' id='block_1_91' title="bbox 1774 4317 3353 4390">
    <p class='ocr_par' dir='ltr' id='par_1_91' title="bbox 1774 4317 3353 4390">
     <span class='ocr_line' id='line_1_91' title="bbox 1774 4317 3353 4390; baseline 0.001 -16"><span class='ocrx_word' id='word_1_649' title='bbox 1774 4319 2037 4390; x_wconf 82' lang='lat' dir='ltr'><strong>positum,</strong></span> <span class='ocrx_word' id='word_1_650' title='bbox 2088 4318 2140 4373; x_wconf 90' lang='lat' dir='ltr'><strong>id</strong></span> <span class='ocrx_word' id='word_1_651' title='bbox 2185 4325 2293 4383; x_wconf 85' lang='lat' dir='ltr'><strong>est,</strong></span> <span class='ocrx_word' id='word_1_652' title='bbox 2324 4317 2459 4373; x_wconf 88' lang='lat' dir='ltr'><strong>solis</strong></span> <span class='ocrx_word' id='word_1_653' title='bbox 2504 4318 2867 4374; x_wconf 84' lang='lat' dir='ltr'><strong>substantiam</strong></span> <span class='ocrx_word' id='word_1_654' title='bbox 2902 4321 3242 4375; x_wconf 84' lang='lat' dir='ltr'><strong>constituat?</strong></span> <span class='ocrx_word' id='word_1_655' title='bbox 3292 4332 3353 4376; x_wconf 84' lang='lat' dir='ltr'><strong>ut</strong></span> 
     </span>
    </p>
   </div>
   <div class='ocr_carea' id='block_1_92' title="bbox 1777 4408 3348 4482">
    <p class='ocr_par' dir='ltr' id='par_1_92' title="bbox 1777 4408 3348 4482">
     <span class='ocr_line' id='line_1_92' title="bbox 1777 4408 3348 4482; baseline 0.001 -16"><span class='ocrx_word' id='word_1_656' title='bbox 1777 4411 2008 4481; x_wconf 80' lang='lat' dir='ltr'><strong>majora.</strong></span> <span class='ocrx_word' id='word_1_657' title='bbox 2032 4411 2166 4466; x_wconf 91' lang='lat' dir='ltr'><strong>dicit</strong></span> <span class='ocrx_word' id='word_1_658' title='bbox 2191 4408 2521 4479; x_wconf 76' lang='lat' dir='ltr'><strong>Theologus,</strong></span> <span class='ocrx_word' id='word_1_659' title='bbox 2550 4410 2714 4465; x_wconf 82' lang='lat' dir='ltr'><strong>faciat</strong></span> <span class='ocrx_word' id='word_1_660' title='bbox 2738 4412 3033 4466; x_wconf 79' lang='lat' dir='ltr'><strong>mirabilia.</strong></span> <span class='ocrx_word' id='word_1_661' title='bbox 3069 4410 3348 4482; x_wconf 88' lang='lat' dir='ltr'><strong>Siquidem</strong></span> 
     </span>
    </p>
   </div>
   <div class='ocr_carea' id='block_1_93' title="bbox 1777 4502 3350 4574">
    <p class='ocr_par' dir='ltr' id='par_1_93' title="bbox 1777 4502 3350 4574">
     <span class='ocr_line' id='line_1_93' title="bbox 1777 4502 3350 4574; baseline 0.001 -16"><span class='ocrx_word' id='word_1_662' title='bbox 1777 4504 1899 4559; x_wconf 89' lang='lat' dir='ltr'><strong>aliis</strong></span> <span class='ocrx_word' id='word_1_663' title='bbox 1934 4502 2191 4563; x_wconf 83' lang='lat' dir='ltr'><strong>formam,</strong></span> <span class='ocrx_word' id='word_1_664' title='bbox 2216 4508 2634 4570; x_wconf 65' lang='lat' dir='ltr'><strong>praeesslstente</strong></span> <span class='ocrx_word' id='word_1_665' title='bbox 2665 4502 2913 4568; x_wconf 86' lang='lat' dir='ltr'><strong>materia,</strong></span> <span class='ocrx_word' id='word_1_666' title='bbox 2948 4504 3119 4567; x_wconf 84' lang='lat' dir='ltr'><strong>dedit,</strong></span> <span class='ocrx_word' id='word_1_667' title='bbox 3162 4516 3350 4574; x_wconf 80' lang='lat' dir='ltr'><strong>postea</strong></span> 
     </span>
    </p>
   </div>
   <div class='ocr_carea' id='block_1_94' title="bbox 1776 4593 3349 4663">
    <p class='ocr_par' dir='ltr' id='par_1_94' title="bbox 1776 4593 3349 4663">
     <span class='ocr_line' id='line_1_94' title="bbox 1776 4593 3349 4663; baseline 0.001 -13"><span class='ocrx_word' id='word_1_668' title='bbox 1776 4595 2027 4650; x_wconf 91' lang='lat' dir='ltr'><strong>ordinem</strong></span> <span class='ocrx_word' id='word_1_669' title='bbox 2081 4593 2381 4662; x_wconf 86' lang='lat' dir='ltr'><strong>unicuique</strong></span> <span class='ocrx_word' id='word_1_670' title='bbox 2432 4602 2488 4647; x_wconf 90' lang='lat' dir='ltr'><strong>et</strong></span> <span class='ocrx_word' id='word_1_671' title='bbox 2539 4602 2745 4649; x_wconf 85' lang='lat' dir='ltr'><strong>statum</strong></span> <span class='ocrx_word' id='word_1_672' title='bbox 2797 4604 2853 4649; x_wconf 88' lang='lat' dir='ltr'><strong>et</strong></span> <span class='ocrx_word' id='word_1_673' title='bbox 2908 4597 3349 4663; x_wconf 75' lang='lat' dir='ltr'><strong>magnitudinem</strong></span> 
     </span>
    </p>
   </div>
   <div class='ocr_carea' id='block_1_95' title="bbox 1780 4682 3350 4755">
    <p class='ocr_par' dir='ltr' id='par_1_95' title="bbox 1780 4682 3350 4755">
     <span class='ocr_line' id='line_1_95' title="bbox 1780 4682 3350 4755; baseline 0.002 -14"><span class='ocrx_word' id='word_1_674' title='bbox 1780 4687 2075 4755; x_wconf 86' lang='lat' dir='ltr'><strong>disposuit.</strong></span> <span class='ocrx_word' id='word_1_675' title='bbox 2128 4682 2230 4738; x_wconf 83' lang='lat' dir='ltr'><strong>Hic</strong></span> <span class='ocrx_word' id='word_1_676' title='bbox 2274 4691 2457 4738; x_wconf 90' lang='lat' dir='ltr'><strong>autem</strong></span> <span class='ocrx_word' id='word_1_677' title='bbox 2504 4686 2650 4753; x_wconf 88' lang='lat' dir='ltr'><strong>quod</strong></span> <span class='ocrx_word' id='word_1_678' title='bbox 2699 4694 2785 4741; x_wconf 87' lang='lat' dir='ltr'><strong>est</strong></span> <span class='ocrx_word' id='word_1_679' title='bbox 2822 4686 3131 4743; x_wconf 82' lang='lat' dir='ltr'><strong>mirabilius</strong></span> <span class='ocrx_word' id='word_1_680' title='bbox 3177 4700 3350 4745; x_wconf 83' lang='lat' dir='ltr'><strong>mate-</strong></span> 
     </span>
    </p>
   </div>
   <div class='ocr_carea' id='block_1_96' title="bbox 1779 4775 3345 4843">
    <p class='ocr_par' dir='ltr' id='par_1_96' title="bbox 1779 4775 3345 4843">
     <span class='ocr_line' id='line_1_96' title="bbox 1779 4775 3345 4843; baseline 0.003 -12"><span class='ocrx_word' id='word_1_681' title='bbox 1779 4779 1875 4831; x_wconf 63' lang='lat' dir='ltr'><strong>rias</strong></span> <span class='ocrx_word' id='word_1_682' title='bbox 1898 4776 2130 4829; x_wconf 89' lang='lat' dir='ltr'><strong>formam</strong></span> <span class='ocrx_word' id='word_1_683' title='bbox 2150 4776 2302 4843; x_wconf 85' lang='lat' dir='ltr'><strong>prius</strong></span> <span class='ocrx_word' id='word_1_684' title='bbox 2322 4785 2493 4836; x_wconf 87' lang='lat' dir='ltr'><strong>creat,</strong></span> <span class='ocrx_word' id='word_1_685' title='bbox 2518 4775 2691 4830; x_wconf 90' lang='lat' dir='ltr'><strong>forma</strong></span> <span class='ocrx_word' id='word_1_686' title='bbox 2712 4777 2857 4830; x_wconf 89' lang='lat' dir='ltr'><strong>enim</strong></span> <span class='ocrx_word' id='word_1_687' title='bbox 2882 4779 3017 4833; x_wconf 86' lang='lat' dir='ltr'><strong>solis</strong></span> <span class='ocrx_word' id='word_1_688' title='bbox 3039 4790 3123 4834; x_wconf 88' lang='lat' dir='ltr'><strong>est</strong></span> <span class='ocrx_word' id='word_1_689' title='bbox 3142 4780 3345 4836; x_wconf 88' lang='lat' dir='ltr'><strong>lumen.</strong></span> 
     </span>
    </p>
   </div>
   <div class='ocr_carea' id='block_1_97' title="bbox 1777 4862 3345 4940">
    <p class='ocr_par' dir='ltr' id='par_1_97' title="bbox 1777 4862 3345 4940">
     <span class='ocr_line' id='line_1_97' title="bbox 1777 4862 3345 4940; baseline 0.002 -19"><span class='ocrx_word' id='word_1_690' title='bbox 1777 4862 2101 4931; x_wconf 66' lang='lat' dir='ltr'><strong>QUIESTIO</strong></span> <span class='ocrx_word' id='word_1_691' title='bbox 2128 4862 2259 4918; x_wconf 85' lang='lat' dir='ltr'><strong>CCL</strong></span> <span class='ocrx_word' id='word_1_692' title='bbox 2290 4862 2478 4935; x_wconf 75' lang='lat' dir='ltr'><strong>[CoisL</strong></span> <span class='ocrx_word' id='word_1_693' title='bbox 2509 4864 2809 4919; x_wconf 73' lang='lat' dir='ltr'><strong>CCLXXV.</strong></span> <span class='ocrx_word' id='word_1_694' title='bbox 2852 4865 3019 4922; x_wconf 81' lang='lat' dir='ltr'><strong>Taur.</strong></span> <span class='ocrx_word' id='word_1_695' title='bbox 3068 4867 3345 4940; x_wconf 73' lang='lat' dir='ltr'><strong>CCLXVJ.</strong></span> 
     </span>
    </p>
   </div>
   <div class='ocr_carea' id='block_1_98' title="bbox 81 4955 1691 5047">
    <p class='ocr_par' dir='ltr' id='par_1_98' title="bbox 81 4958 1672 5047">
     <span class='ocr_line' id='line_1_98' title="bbox 81 4958 1672 5047; baseline -0.005 -29"><span class='ocrx_word' id='word_1_696' title='bbox 81 4968 162 5020; x_wconf 75' lang='lat' dir='ltr'><strong>El</strong></span> <span class='ocrx_word' id='word_1_697' title='bbox 204 4965 284 5047; x_wconf 57' lang='lat' dir='ltr'><strong>td</strong></span> <span class='ocrx_word' id='word_1_698' title='bbox 308 4963 433 5047; x_wconf 63' lang='grc' dir='ltr'>φῶς</span> <span class='ocrx_word' id='word_1_699' title='bbox 458 4967 491 5018; x_wconf 84' lang='grc' dir='ltr'><strong>ό</strong></span> <span class='ocrx_word' id='word_1_700' title='bbox 527 4964 694 5047; x_wconf 72' lang='grc' dir='ltr'><strong>⁸Θεὸς</strong></span> <span class='ocrx_word' id='word_1_701' title='bbox 741 4958 1582 5047; x_wconf 49' lang='grc' dir='ltr'>ξδηιιιούρηισεν.,οὐκιιξιξςός</span> <span class='ocrx_word' id='word_1_702' title='bbox 1610 4960 1672 5011; x_wconf 83' lang='grc' dir='ltr'>τὸ</span> 
     </span>
    </p>
   </div>
   <div class='ocr_carea' id='block_1_99' title="bbox 1770 4955 3351 5047">
    <p class='ocr_par' dir='ltr' id='par_1_99' title="bbox 1785 4955 3351 5047">
     <span class='ocr_line' id='line_1_99' title="bbox 1785 4955 3351 5047; baseline 0.003 -36"><span class='ocrx_word' id='word_1_703' title='bbox 1785 4959 1845 5029; x_wconf 75' lang='lat' dir='ltr'><strong>Si</strong></span> <span class='ocrx_word' id='word_1_704' title='bbox 1877 4960 2047 5011; x_wconf 76' lang='lat' dir='ltr'><strong>iuruen</strong></span> <span class='ocrx_word' id='word_1_705' title='bbox 2084 4955 2470 5036; x_wconf 52' lang='lat' dir='ltr'><strong>Deuscreavit.</strong></span> <span class='ocrx_word' id='word_1_706' title='bbox 2500 4972 2605 5009; x_wconf 81' lang='lat' dir='ltr'><strong>non</strong></span> <span class='ocrx_word' id='word_1_707' title='bbox 2642 4959 2750 5023; x_wconf 81' lang='lat' dir='ltr'><strong>ipse</strong></span> <span class='ocrx_word' id='word_1_708' title='bbox 2782 4959 3019 5047; x_wconf 34' lang='lat' dir='ltr'><strong>tentaturus</strong></span> <span class='ocrx_word' id='word_1_709' title='bbox 3051 4962 3208 5030; x_wconf 78' lang='lat' dir='ltr'><strong>fecit;</strong></span> <span class='ocrx_word' id='word_1_710' title='bbox 3240 4962 3351 5016; x_wconf 75' lang='grc' dir='ltr'>Ιιιισ</span> 
     </span>
    </p>
   </div>
   <div class='ocr_carea' id='block_1_100' title="bbox 162 5029 1691 5101">
    <p class='ocr_par' dir='ltr' id='par_1_100' title="bbox 162 5029 1675 5101">
     <span class='ocr_line' id='line_1_100' title="bbox 162 5029 1675 5101; baseline -0.005 -12"><span class='ocrx_word' id='word_1_711' title='bbox 162 5029 384 5101; x_wconf 61' lang='grc' dir='ltr'>σκότος</span> <span class='ocrx_word' id='word_1_712' title='bbox 404 5037 714 5101; x_wconf 60' lang='grc' dir='ltr'>ἐποίησεν</span> <span class='ocrx_word' id='word_1_713' title='bbox 734 5033 979 5085; x_wconf 74' lang='grc' dir='ltr'>ἐναντία</span> <span class='ocrx_word' id='word_1_714' title='bbox 1019 5034 1131 5098; x_wconf 72' lang='grc' dir='ltr'>γὰρ</span> <span class='ocrx_word' id='word_1_715' title='bbox 1147 5029 1336 5083; x_wconf 81' lang='grc' dir='ltr'>ταῦτα</span> <span class='ocrx_word' id='word_1_716' title='bbox 1357 5029 1675 5093; x_wconf 67' lang='grc' dir='ltr'>ἀλλήλοις.</span> 
     </span>
    </p>
   </div>
   <div class='ocr_carea' id='block_1_101' title="bbox 1770 5029 2969 5101">
    <p class='ocr_par' dir='ltr' id='par_1_101' title="bbox 2158 5029 2969 5099">
     <span class='ocr_line' id='line_1_101' title="bbox 2158 5029 2969 5099; baseline 0.005 -20"><span class='ocrx_word' id='word_1_717' title='bbox 2158 5029 2298 5079; x_wconf 84' lang='lat' dir='ltr'><strong>enim</strong></span> <span class='ocrx_word' id='word_1_718' title='bbox 2324 5029 2461 5079; x_wconf 79' lang='lat' dir='ltr'><strong>iutcr</strong></span> <span class='ocrx_word' id='word_1_719' title='bbox 2488 5044 2541 5080; x_wconf 71' lang='lat' dir='ltr'><strong>se</strong></span> <span class='ocrx_word' id='word_1_720' title='bbox 2569 5036 2805 5097; x_wconf 80' lang='lat' dir='ltr'><strong>pugnant</strong></span> <span class='ocrx_word' id='word_1_721' title='bbox 2833 5029 2969 5099; x_wconf 68' lang='lat'><strong>(67).</strong></span> 
     </span>
    </p>
   </div>
   <div class='ocr_carea' id='block_1_102' title="bbox 524 5116 2911 5187">
    <p class='ocr_par' dir='ltr' id='par_1_102' title="bbox 524 5116 2911 5187">
     <span class='ocr_line' id='line_1_102' title="bbox 524 5116 2911 5187; baseline -0.003 -11"><span class='ocrx_word' id='word_1_722' title='bbox 524 5125 664 5177; x_wconf 81' lang='lat' dir='ltr'><strong>Edita</strong></span> <span class='ocrx_word' id='word_1_723' title='bbox 685 5141 712 5174; x_wconf 89' lang='lat' dir='ltr'><strong>a</strong></span> <span class='ocrx_word' id='word_1_724' title='bbox 744 5125 869 5174; x_wconf 71' lang='lat' dir='ltr'><strong>Maio</strong></span> <span class='ocrx_word' id='word_1_725' title='bbox 900 5126 958 5187; x_wconf 95' lang='lat' dir='ltr'><strong>(l.</strong></span> <span class='ocrx_word' id='word_1_726' title='bbox 985 5137 1029 5173; x_wconf 91' lang='lat' dir='ltr'><strong>c.</strong></span> <span class='ocrx_word' id='word_1_727' title='bbox 1056 5138 1107 5186; x_wconf 87' lang='lat' dir='ltr'><strong>p.</strong></span> <span class='ocrx_word' id='word_1_728' title='bbox 1136 5123 1240 5183; x_wconf 85' lang='lat' dir='ltr'><strong>ll&#39;l,</strong></span> <span class='ocrx_word' id='word_1_729' title='bbox 1266 5135 1317 5184; x_wconf 87' lang='lat' dir='ltr'><strong>q.</strong></span> <span class='ocrx_word' id='word_1_730' title='bbox 1349 5121 1485 5185; x_wconf 78' lang='lat' dir='ltr'><strong>2l9).</strong></span> <span class='ocrx_word' id='word_1_731' title='bbox 1509 5149 1568 5157; x_wconf 96' lang='lat'><strong>—</strong></span> <span class='ocrx_word' id='word_1_732' title='bbox 1589 5123 1664 5170; x_wconf 73' lang='lat' dir='ltr'><strong>An</strong></span> <span class='ocrx_word' id='word_1_733' title='bbox 1702 5120 1837 5170; x_wconf 87' lang='lat' dir='ltr'><strong>Deus</strong></span> <span class='ocrx_word' id='word_1_734' title='bbox 1876 5123 2046 5167; x_wconf 86' lang='lat' dir='ltr'><strong>auctor</strong></span> <span class='ocrx_word' id='word_1_735' title='bbox 2072 5118 2195 5167; x_wconf 85' lang='lat' dir='ltr'><strong>lucis</strong></span> <span class='ocrx_word' id='word_1_736' title='bbox 2219 5116 2450 5166; x_wconf 86' lang='lat' dir='ltr'><strong>tenebras</strong></span> <span class='ocrx_word' id='word_1_737' title='bbox 2473 5130 2645 5167; x_wconf 83' lang='lat' dir='ltr'><strong>creare</strong></span> <span class='ocrx_word' id='word_1_738' title='bbox 2672 5120 2911 5180; x_wconf 81' lang='lat' dir='ltr'><strong>potuerit.</strong></span> 
     </span>
    </p>
   </div>
   <div class='ocr_carea' id='block_1_103' title="bbox 176 5202 1691 5282">
    <p class='ocr_par' dir='ltr' id='par_1_103' title="bbox 176 5209 1671 5282">
     <span class='ocr_line' id='line_1_103' title="bbox 176 5209 1671 5282; baseline -0.004 -17"><span class='ocrx_word' id='word_1_739' title='bbox 176 5211 425 5265; x_wconf 82' lang='grc' dir='ltr'>Ἐναντία</span> <span class='ocrx_word' id='word_1_740' title='bbox 478 5212 578 5282; x_wconf 76' lang='grc' dir='ltr'>μὶν</span> <span class='ocrx_word' id='word_1_741' title='bbox 618 5212 889 5282; x_wconf 78' lang='grc' dir='ltr'>ἀλλήλοις,</span> <span class='ocrx_word' id='word_1_742' title='bbox 938 5209 1054 5263; x_wconf 78' lang='grc' dir='ltr'>ἀλλ’</span> <span class='ocrx_word' id='word_1_743' title='bbox 1107 5210 1383 5275; x_wconf 78' lang='grc' dir='ltr'>ἀναγκαία</span> <span class='ocrx_word' id='word_1_744' title='bbox 1420 5210 1531 5269; x_wconf 74' lang='grc' dir='ltr'>τοῖς</span> <span class='ocrx_word' id='word_1_745' title='bbox 1576 5210 1671 5260; x_wconf 82' lang='grc' dir='ltr'><strong>ἁν-</strong></span> 
     </span>
    </p>
   </div>
   <div class='ocr_carea' id='block_1_104' title="bbox 1770 5202 3349 5282">
    <p class='ocr_par' dir='ltr' id='par_1_104' title="bbox 1846 5202 3349 5273">
     <span class='ocr_line' id='line_1_104' title="bbox 1846 5202 3349 5273; baseline 0 -14"><span class='ocrx_word' id='word_1_746' title='bbox 1846 5205 1985 5259; x_wconf 89' lang='lat' dir='ltr'><strong>Suut</strong></span> <span class='ocrx_word' id='word_1_747' title='bbox 2014 5204 2235 5273; x_wconf 88' lang='lat' dir='ltr'><strong>quidem</strong></span> <span class='ocrx_word' id='word_1_748' title='bbox 2272 5205 2412 5258; x_wconf 88' lang='lat' dir='ltr'><strong>inter</strong></span> <span class='ocrx_word' id='word_1_749' title='bbox 2449 5220 2510 5258; x_wconf 85' lang='lat' dir='ltr'><strong>se</strong></span> <span class='ocrx_word' id='word_1_750' title='bbox 2550 5205 2851 5269; x_wconf 84' lang='lat' dir='ltr'><strong>contraria,</strong></span> <span class='ocrx_word' id='word_1_751' title='bbox 2888 5203 2983 5257; x_wconf 89' lang='lat' dir='ltr'><strong>sed</strong></span> <span class='ocrx_word' id='word_1_752' title='bbox 3032 5202 3349 5259; x_wconf 69' lang='lat' dir='ltr'><strong>hominibus</strong></span> 
     </span>
    </p>
   </div>
   <div class='ocr_carea' id='block_1_105' title="bbox 82 5292 1691 5373">
    <p class='ocr_par' dir='ltr' id='par_1_105' title="bbox 82 5298 1670 5373">
     <span class='ocr_line' id='line_1_105' title="bbox 82 5298 1670 5373; baseline -0.004 -17"><span class='ocrx_word' id='word_1_753' title='bbox 82 5302 336 5373; x_wconf 80' lang='grc' dir='ltr'>Θρώποις</span> <span class='ocrx_word' id='word_1_754' title='bbox 368 5305 650 5373; x_wconf 81' lang='grc' dir='ltr'>ἀμφότερα</span> <span class='ocrx_word' id='word_1_755' title='bbox 676 5320 691 5334; x_wconf 77' lang='grc' dir='ltr'><strong>ο</strong></span> <span class='ocrx_word' id='word_1_756' title='bbox 726 5301 1001 5356; x_wconf 70' lang='grc' dir='ltr'>καὶτοῦτο</span> <span class='ocrx_word' id='word_1_757' title='bbox 1042 5302 1138 5353; x_wconf 72' lang='grc' dir='ltr'>καὶ</span> <span class='ocrx_word' id='word_1_758' title='bbox 1171 5301 1201 5352; x_wconf 95' lang='lat'><strong>6</strong></span> <span class='ocrx_word' id='word_1_759' title='bbox 1233 5298 1397 5352; x_wconf 70' lang='grc' dir='ltr'>Δαϐὶδ</span> <span class='ocrx_word' id='word_1_760' title='bbox 1425 5298 1670 5367; x_wconf 78' lang='grc' dir='ltr'>ὲξυμνῶν</span> 
     </span>
    </p>
   </div>
   <div class='ocr_carea' id='block_1_106' title="bbox 1770 5292 3344 5373">
    <p class='ocr_par' dir='ltr' id='par_1_106' title="bbox 1773 5292 3344 5360">
     <span class='ocr_line' id='line_1_106' title="bbox 1773 5292 3344 5360; baseline -0.003 -10"><span class='ocrx_word' id='word_1_761' title='bbox 1773 5299 1936 5351; x_wconf 87' lang='lat' dir='ltr'><strong>ambo</strong></span> <span class='ocrx_word' id='word_1_762' title='bbox 1971 5299 2301 5349; x_wconf 87' lang='lat' dir='ltr'><strong>necessaria.</strong></span> <span class='ocrx_word' id='word_1_763' title='bbox 2336 5293 2449 5347; x_wconf 92' lang='lat' dir='ltr'><strong>lloc</strong></span> <span class='ocrx_word' id='word_1_764' title='bbox 2478 5292 2646 5346; x_wconf 80' lang='lat' dir='ltr'><strong>David</strong></span> <span class='ocrx_word' id='word_1_765' title='bbox 2686 5292 2963 5347; x_wconf 84' lang='lat' dir='ltr'><strong>Creatoris</strong></span> <span class='ocrx_word' id='word_1_766' title='bbox 2996 5294 3344 5360; x_wconf 59' lang='lat' dir='ltr'><strong>magniﬁcen-</strong></span> 
     </span>
    </p>
   </div>
   <div class='ocr_carea' id='block_1_107' title="bbox 84 5384 1691 5465">
    <p class='ocr_par' dir='ltr' id='par_1_107' title="bbox 84 5389 1667 5465">
     <span class='ocr_line' id='line_1_107' title="bbox 84 5389 1667 5465; baseline -0.005 -17"><span class='ocrx_word' id='word_1_767' title='bbox 84 5398 196 5462; x_wconf 73' lang='grc' dir='ltr'>τὴν</span> <span class='ocrx_word' id='word_1_768' title='bbox 228 5394 319 5447; x_wconf 73' lang='grc' dir='ltr'>τοῦ</span> <span class='ocrx_word' id='word_1_769' title='bbox 354 5394 587 5465; x_wconf 81' lang='grc' dir='ltr'>Ποιητοῦ</span> <span class='ocrx_word' id='word_1_770' title='bbox 629 5393 1027 5465; x_wconf 82' lang='grc' dir='ltr'>μεγαλουργίαν</span> <span class='ocrx_word' id='word_1_771' title='bbox 1052 5391 1202 5455; x_wconf 72' lang='grc' dir='ltr'>λέγει</span> <span class='ocrx_word' id='word_1_772' title='bbox 1224 5407 1238 5421; x_wconf 88' lang='grc'><strong>·</strong></span> <span class='ocrx_word' id='word_1_773' title='bbox 1276 5411 1294 5443; x_wconf 87' lang='grc' dir='ltr'><strong>ι</strong></span> <span class='ocrx_word' id='word_1_774' title='bbox 1336 5389 1500 5443; x_wconf 82' lang='grc' dir='ltr'>Ἐθου</span> <span class='ocrx_word' id='word_1_775' title='bbox 1537 5390 1667 5458; x_wconf 82' lang='grc' dir='ltr'>γὰρ,</span> 
     </span>
    </p>
   </div>
   <div class='ocr_carea' id='block_1_108' title="bbox 1770 5384 3348 5465">
    <p class='ocr_par' dir='ltr' id='par_1_108' title="bbox 1774 5384 3348 5455">
     <span class='ocr_line' id='line_1_108' title="bbox 1774 5384 3348 5455; baseline -0.002 -14"><span class='ocrx_word' id='word_1_776' title='bbox 1774 5390 1927 5451; x_wconf 87' lang='lat' dir='ltr'><strong>tiam,</strong></span> <span class='ocrx_word' id='word_1_777' title='bbox 1962 5385 2309 5455; x_wconf 84' lang='lat' dir='ltr'><strong>proclamans</strong></span> <span class='ocrx_word' id='word_1_778' title='bbox 2340 5384 2474 5440; x_wconf 88' lang='lat' dir='ltr'><strong>dicit</strong></span> <span class='ocrx_word' id='word_1_779' title='bbox 2506 5402 2519 5438; x_wconf 92' lang='lat'><strong>:</strong></span> <span class='ocrx_word' id='word_1_780' title='bbox 2559 5404 2578 5435; x_wconf 83' lang='grc' dir='ltr'><strong>ι</strong></span> <span class='ocrx_word' id='word_1_781' title='bbox 2610 5384 2846 5438; x_wconf 80' lang='lat' dir='ltr'><strong>Posuisti</strong></span> <span class='ocrx_word' id='word_1_782' title='bbox 2890 5384 3035 5438; x_wconf 88' lang='lat' dir='ltr'><strong>enim</strong></span> <span class='ocrx_word' id='word_1_783' title='bbox 3070 5384 3348 5446; x_wconf 83' lang='lat' dir='ltr'><strong>tenebras.</strong></span> 
     </span>
    </p>
   </div>
   <div class='ocr_carea' id='block_1_109' title="bbox 88 5474 1691 5555">
    <p class='ocr_par' dir='ltr' id='par_1_109' title="bbox 88 5474 1671 5555">
     <span class='ocr_line' id='line_1_109' title="bbox 88 5474 1671 5555; baseline 0 -18"><span class='ocrx_word' id='word_1_784' title='bbox 88 5487 258 5555; x_wconf 70' lang='grc' dir='ltr'>φησὶ,</span> <span class='ocrx_word' id='word_1_785' title='bbox 292 5485 503 5551; x_wconf 79' lang='grc' dir='ltr'>σκότος,</span> <span class='ocrx_word' id='word_1_786' title='bbox 524 5486 618 5539; x_wconf 76' lang='grc' dir='ltr'>καὶ</span> <span class='ocrx_word' id='word_1_787' title='bbox 643 5486 858 5553; x_wconf 81' lang='grc' dir='ltr'>ἐγένετο</span> <span class='ocrx_word' id='word_1_788' title='bbox 891 5486 1005 5552; x_wconf 77' lang='grc' dir='ltr'>νὺξ,</span> <span class='ocrx_word' id='word_1_789' title='bbox 1039 5502 1059 5535; x_wconf 73' lang='grc' dir='ltr'><strong>ι</strong></span> <span class='ocrx_word' id='word_1_790' title='bbox 1094 5501 1147 5537; x_wconf 85' lang='grc' dir='ltr'><strong>κ.</strong></span> <span class='ocrx_word' id='word_1_791' title='bbox 1172 5500 1223 5537; x_wconf 85' lang='grc' dir='ltr'><strong>τ.</strong></span> <span class='ocrx_word' id='word_1_792' title='bbox 1255 5482 1304 5535; x_wconf 88' lang='grc' dir='ltr'><strong>λ.</strong></span> <span class='ocrx_word' id='word_1_793' title='bbox 1337 5481 1464 5546; x_wconf 69' lang='grc' dir='ltr'>ἕως,</span> <span class='ocrx_word' id='word_1_794' title='bbox 1492 5500 1510 5533; x_wconf 84' lang='grc' dir='ltr'><strong>ι</strong></span> <span class='ocrx_word' id='word_1_795' title='bbox 1560 5474 1671 5538; x_wconf 73' lang='grc' dir='ltr'><strong>Ἑξ-</strong></span> 
     </span>
    </p>
   </div>
   <div class='ocr_carea' id='block_1_110' title="bbox 1770 5474 3346 5555">
    <p class='ocr_par' dir='ltr' id='par_1_110' title="bbox 1774 5476 3346 5547">
     <span class='ocr_line' id='line_1_110' title="bbox 1774 5476 3346 5547; baseline -0.001 -15"><span class='ocrx_word' id='word_1_796' title='bbox 1774 5479 1971 5547; x_wconf 87' lang='lat' dir='ltr'><strong>inquit,</strong></span> <span class='ocrx_word' id='word_1_797' title='bbox 2023 5488 2077 5532; x_wconf 91' lang='lat' dir='ltr'><strong>et</strong></span> <span class='ocrx_word' id='word_1_798' title='bbox 2110 5476 2253 5531; x_wconf 76' lang='lat' dir='ltr'><strong>facta</strong></span> <span class='ocrx_word' id='word_1_799' title='bbox 2299 5486 2381 5531; x_wconf 87' lang='lat' dir='ltr'><strong>est</strong></span> <span class='ocrx_word' id='word_1_800' title='bbox 2435 5490 2567 5538; x_wconf 83' lang='lat' dir='ltr'><strong>nox,</strong></span> <span class='ocrx_word' id='word_1_801' title='bbox 2604 5494 2623 5527; x_wconf 77' lang='grc' dir='ltr'><strong>ι</strong></span> <span class='ocrx_word' id='word_1_802' title='bbox 2676 5485 2732 5530; x_wconf 88' lang='lat' dir='ltr'><strong>ct</strong></span> <span class='ocrx_word' id='word_1_803' title='bbox 2762 5476 2971 5545; x_wconf 85' lang='lat' dir='ltr'><strong>reliqua</strong></span> <span class='ocrx_word' id='word_1_804' title='bbox 3024 5491 3200 5546; x_wconf 86' lang='lat' dir='ltr'><strong>usque</strong></span> <span class='ocrx_word' id='word_1_805' title='bbox 3230 5480 3295 5529; x_wconf 82' lang='lat' dir='ltr'><strong>ad</strong></span> <span class='ocrx_word' id='word_1_806' title='bbox 3331 5493 3346 5530; x_wconf 90' lang='lat'><strong>:</strong></span> 
     </span>
    </p>
   </div>
   <div class='ocr_carea' id='block_1_111' title="bbox 1589 5569 1822 5628">
    <p class='ocr_par' dir='ltr' id='par_1_111' title="bbox 1589 5569 1822 5628">
     <span class='ocr_line' id='line_1_111' title="bbox 1589 5569 1822 5628; baseline -0.017 0"><span class='ocrx_word' id='word_1_807' title='bbox 1589 5569 1822 5628; x_wconf 64' lang='lat' dir='ltr'><strong>NOTAE.</strong></span> 
     </span>
    </p>
   </div>
   <div class='ocr_carea' id='block_1_112' title="bbox 1761 5660 3347 5731">
    <p class='ocr_par' dir='ltr' id='par_1_112' title="bbox 1761 5660 3347 5731">
     <span class='ocr_line' id='line_1_112' title="bbox 1761 5660 3347 5731; baseline -0.001 -15"><span class='ocrx_word' id='word_1_808' title='bbox 1761 5663 2103 5717; x_wconf 85' lang='lat' dir='ltr'><strong>Theodoreto</strong></span> <span class='ocrx_word' id='word_1_809' title='bbox 2129 5678 2183 5731; x_wconf 87' lang='lat' dir='ltr'><strong>q.</strong></span> <span class='ocrx_word' id='word_1_810' title='bbox 2215 5662 2248 5717; x_wconf 82' lang='lat'><strong>5</strong></span> <span class='ocrx_word' id='word_1_811' title='bbox 2290 5662 2341 5715; x_wconf 89' lang='lat' dir='ltr'><strong>in</strong></span> <span class='ocrx_word' id='word_1_812' title='bbox 2366 5661 2563 5716; x_wconf 69' lang='lat' dir='ltr'><strong>Genus.</strong></span> <span class='ocrx_word' id='word_1_813' title='bbox 2600 5661 2757 5731; x_wconf 83' lang='lat' dir='ltr'><strong>(Opp.</strong></span> <span class='ocrx_word' id='word_1_814' title='bbox 2803 5663 2891 5716; x_wconf 89' lang='lat' dir='ltr'><strong>ed.</strong></span> <span class='ocrx_word' id='word_1_815' title='bbox 2920 5679 3043 5716; x_wconf 86' lang='lat' dir='ltr'><strong>nov.</strong></span> <span class='ocrx_word' id='word_1_816' title='bbox 3073 5672 3110 5717; x_wconf 92' lang='lat' dir='ltr'><strong>t.</strong></span> <span class='ocrx_word' id='word_1_817' title='bbox 3138 5660 3157 5716; x_wconf 85' lang='lat' dir='ltr'><strong>l</strong></span> <span class='ocrx_word' id='word_1_818' title='bbox 3185 5662 3347 5729; x_wconf 72' lang='lat' dir='ltr'><strong>huius</strong></span> 
     </span>
    </p>
   </div>
   <div class='ocr_carea' id='block_1_113' title="bbox 168 5730 2583 5810">
    <p class='ocr_par' dir='ltr' id='par_1_113' title="bbox 168 5730 2583 5810">
     <span class='ocr_line' id='line_1_113' title="bbox 168 5730 2583 5810; baseline -0.003 -19"><span class='ocrx_word' id='word_1_819' title='bbox 168 5730 286 5808; x_wconf 71' lang='grc'><strong>(45)</strong></span> <span class='ocrx_word' id='word_1_820' title='bbox 313 5738 447 5810; x_wconf 86' lang='grc' dir='ltr'>πρὸς</span> <span class='ocrx_word' id='word_1_821' title='bbox 482 5730 631 5793; x_wconf 69' lang='grc' dir='ltr'><strong>ἱΙΙυιΥ</strong></span> <span class='ocrx_word' id='word_1_822' title='bbox 654 5748 737 5793; x_wconf 80' lang='lat' dir='ltr'><strong>est</strong></span> <span class='ocrx_word' id='word_1_823' title='bbox 764 5730 847 5793; x_wconf 69' lang='grc' dir='ltr'>ὀἱ</span> <span class='ocrx_word' id='word_1_824' title='bbox 893 5738 1046 5792; x_wconf 88' lang='lat' dir='ltr'><strong>Colb.</strong></span> <span class='ocrx_word' id='word_1_825' title='bbox 1097 5737 1241 5807; x_wconf 88' lang='lat' dir='ltr'><strong>quod</strong></span> <span class='ocrx_word' id='word_1_826' title='bbox 1290 5751 1488 5792; x_wconf 84' lang='lat' dir='ltr'><strong>sensus</strong></span> <span class='ocrx_word' id='word_1_827' title='bbox 1537 5750 1663 5807; x_wconf 88' lang='lat' dir='ltr'><strong>pos-</strong></span> <span class='ocrx_word' id='word_1_828' title='bbox 1760 5733 2083 5810; x_wconf 66' lang='lat' dir='ltr'><strong>Pu_trgtog_iw</strong></span> <span class='ocrx_word' id='word_1_829' title='bbox 2114 5730 2325 5810; x_wconf 56' lang='lat' dir='ltr'><strong>LXBiX,</strong></span> <span class='ocrx_word' id='word_1_830' title='bbox 2363 5731 2583 5810; x_wconf 68' lang='lat' dir='ltr'><strong>cul._§5.</strong></span> 
     </span>
    </p>
   </div>
   <div class='ocr_carea' id='block_1_114' title="bbox 91 5801 3339 5872">
    <p class='ocr_par' dir='ltr' id='par_1_114' title="bbox 91 5801 3339 5872">
     <span class='ocr_line' id='line_1_114' title="bbox 91 5801 3339 5872; baseline -0.002 -9"><span class='ocrx_word' id='word_1_831' title='bbox 91 5801 278 5865; x_wconf 41' lang='lat' dir='ltr'><strong>tulmﬁ</strong></span> <span class='ocrx_word' id='word_1_832' title='bbox 356 5801 370 5810; x_wconf 86' lang='grc'><em>’</em></span> <span class='ocrx_word' id='word_1_833' title='bbox 1114 5801 1129 5807; x_wconf 84' lang='grc'><strong>’</strong></span> <span class='ocrx_word' id='word_1_834' title='bbox 1537 5801 1555 5807; x_wconf 78' lang='grc'><em>”</em></span> <span class='ocrx_word' id='word_1_835' title='bbox 1831 5803 1943 5869; x_wconf 68' lang='lat'><strong>(47)</strong></span> <span class='ocrx_word' id='word_1_836' title='bbox 1990 5803 2079 5856; x_wconf 77' lang='lat' dir='ltr'><strong>Est</strong></span> <span class='ocrx_word' id='word_1_837' title='bbox 2119 5804 2324 5870; x_wconf 80' lang='lat' dir='ltr'><strong>pariter</strong></span> <span class='ocrx_word' id='word_1_838' title='bbox 2358 5818 2421 5857; x_wconf 80' lang='lat' dir='ltr'><strong>ex</strong></span> <span class='ocrx_word' id='word_1_839' title='bbox 2472 5802 2891 5872; x_wconf 79' lang='lat' dir='ltr'><strong>Thcodorctoq.</strong></span> <span class='ocrx_word' id='word_1_840' title='bbox 2920 5802 2949 5855; x_wconf 81' lang='lat'><strong>7</strong></span> <span class='ocrx_word' id='word_1_841' title='bbox 2978 5802 3031 5855; x_wconf 86' lang='lat' dir='ltr'><strong>in</strong></span> <span class='ocrx_word' id='word_1_842' title='bbox 3059 5801 3265 5856; x_wconf 68' lang='lat' dir='ltr'><strong>(Senes.</strong></span> <span class='ocrx_word' id='word_1_843' title='bbox 3304 5804 3339 5855; x_wconf 92' lang='lat' dir='ltr'><strong>l.</strong></span> 
     </span>
    </p>
   </div>
   <div class='ocr_carea' id='block_1_115' title="bbox 168 5872 2079 5949">
    <p class='ocr_par' dir='ltr' id='par_1_115' title="bbox 168 5872 2079 5949">
     <span class='ocr_line' id='line_1_115' title="bbox 168 5872 2079 5949; baseline -0.005 -16"><span class='ocrx_word' id='word_1_844' title='bbox 168 5880 284 5949; x_wconf 56' lang='grc'>(46)</span> <span class='ocrx_word' id='word_1_845' title='bbox 316 5876 463 5935; x_wconf 64' lang='lat' dir='ltr'><strong>lianc</strong></span> <span class='ocrx_word' id='word_1_846' title='bbox 497 5879 933 5935; x_wconf 78' lang='lat' dir='ltr'><strong>dissertatiouem</strong></span> <span class='ocrx_word' id='word_1_847' title='bbox 976 5877 1207 5934; x_wconf 87' lang='lat' dir='ltr'><strong>Photius</strong></span> <span class='ocrx_word' id='word_1_848' title='bbox 1254 5876 1363 5932; x_wconf 78' lang='lat' dir='ltr'><strong>fere</strong></span> <span class='ocrx_word' id='word_1_849' title='bbox 1392 5886 1560 5931; x_wconf 87' lang='lat' dir='ltr'><strong>totam</strong></span> <span class='ocrx_word' id='word_1_850' title='bbox 1595 5889 1662 5931; x_wconf 81' lang='lat' dir='ltr'><strong>ex</strong></span> <span class='ocrx_word' id='word_1_851' title='bbox 1770 5891 1819 5928; x_wconf 82' lang='lat' dir='ltr'><strong>c.</strong></span> <span class='ocrx_word' id='word_1_852' title='bbox 1853 5873 1957 5928; x_wconf 91' lang='lat' dir='ltr'><strong>col.</strong></span> <span class='ocrx_word' id='word_1_853' title='bbox 1991 5872 2079 5925; x_wconf 86' lang='lat'><strong>87.</strong></span> 
     </span>
    </p>
   </div>
   <div class='ocr_carea' id='block_1_116' title="bbox 168 5666 866 5737">
    <p class='ocr_par' dir='ltr' id='par_1_116' title="bbox 168 5666 866 5737">
     <span class='ocr_line' id='line_1_116' title="bbox 168 5666 866 5737; baseline -0.003 -13"><span class='ocrx_word' id='word_1_854' title='bbox 168 5666 284 5737; x_wconf 64' lang='grc' dir='ltr'><strong>(Η)</strong></span> <span class='ocrx_word' id='word_1_855' title='bbox 317 5666 409 5722; x_wconf 90' lang='lat' dir='ltr'><strong>Sic</strong></span> <span class='ocrx_word' id='word_1_856' title='bbox 434 5666 588 5724; x_wconf 89' lang='lat' dir='ltr'><strong>Colb.</strong></span> <span class='ocrx_word' id='word_1_857' title='bbox 616 5683 714 5737; x_wconf 87' lang='lat' dir='ltr'><strong>pro</strong></span> <span class='ocrx_word' id='word_1_858' title='bbox 742 5668 866 5737; x_wconf 78' lang='grc' dir='ltr'>ἤδη.</span> 
     </span>
    </p>
   </div>
  </div>
