4162 6442
825 404 968 470 1055

1983 397 2248 460 ΡΗΟἸῚΙ
2287 397 2792 461 ΡΑΤΒΙΑΒΟΗᾹΞ
2828 398 2935 458 CP.

3947 396 4072 461 1056

827 533 848 566 ι
878 511 1060 568 Exibit
1105 509 1270 564 homo
1305 507 1371 562 ad
1413 522 1562 578 opus
1595 522 1755 562 suum
1802 516 1860 562 et
1907 507 1974 562 ad
2023 508 2396 577 operationem

2503 508 2778 561 ελεύσεται
2809 509 3096 578 ἄνθρωπος
3125 509 3218 561 ἐπὶ
3249 507 3310 560 τὺ
3335 507 3493 579 ἔργον
3517 506 3684 561 αὑτοῦ
3716 508 3813 562 καὶ
3848 509 3942 562 ἐπὶ
3985 513 4072 580 τὴν

822 622 977 662 suam
1012 618 1186 673 usque
1247 602 1314 655 ad
1355 615 1664 670 vesperam.
1698 620 1718 652 ι
1749 599 1904 666 Quod
1932 601 2043 656 sint
2077 599 2400 654 necessariae

826 699 1064 753 tenebrae
1103 697 1324 750 evidens
1373 704 1498 759 est;
1539 693 1687 763 quod
1731 703 1911 746 autem
1948 709 2057 747 non
2105 695 2215 746 sint
2253 691 2390 746 sub-

823 787 1045 852 stantia,
1088 784 1186 840 sed
1241 800 1329 837 res
1371 783 1624 851 quaedam
1664 783 2038 847 accidentalia,
2105 783 2266 839 facile
2309 796 2398 842 est

824 879 931 933 hoc
974 876 1310 945 intelligere;
1341 883 1470 928 sunt
1499 876 1646 929 enim
1677 875 1798 929 cmli
1838 884 1892 929 et
1920 887 2076 928 terra).
2107 860 2401 932 adumbra-

825 972 920 1024 tio.
969 966 1336 1033 Quamobrem
1389 965 1670 1019 evanescit
1713 973 1767 1019 et
1815 965 1868 1019 in
1926 965 2155 1019 nihilum
2198 970 2398 1033 eVadit,

823 1061 1084 1114 redeunte
1104 1058 1343 1121 lumine;
1377 1059 1560 1112 lumen
1601 1067 1783 1110 autem
1811 1067 1896 1112 est
1925 1058 2233 1112 substantia
2263 1068 2317 1112 et
2346 1061 2399 1114 in

821 1167 881 1206 se
909 1153 1180 1206 subsistit.
1223 1149 1411 1218 Itaque
1455 1159 1508 1204 et
1555 1149 1740 1204 oriens
1782 1150 2137 1220 splendescit,
2177 1160 2232 1204 et
2267 1166 2395 1205 cum

820 1239 1104 1303 occiderit,
1139 1252 1354 1291 rursum
1373 1238 1586 1301 oritur;
1611 1245 1668 1290 et
1687 1253 1811 1290 cum
1842 1237 2060 1303 abierit,
2089 1239 2398 1294 revertitur.

821 1329 899 1383 Ex
932 1330 1036 1384 hoc
1071 1337 1254 1384 autem
1283 1330 1464 1382 discat
1494 1328 1623 1396 quis
1653 1328 1799 1397 quod
1831 1329 2065 1381 tenebrae
2099 1330 2214 1383 sint
2255 1331 2402 1383 acci-

820 1424 976 1476 dens.
1011 1420 1217 1475 Domus
1245 1424 1391 1474 enim
1442 1436 1549 1473 non
1597 1421 1814 1473 habens
1841 1419 2120 1488 lampades
2153 1421 2207 1473 in
2245 1433 2400 1475 tene-

823 1516 942 1570 bris
979 1524 1065 1569 est
1093 1524 1246 1580 tota;
1287 1513 1540 1568 adductis
1567 1519 1751 1568 autem
1779 1513 2122 1582 lampadibus
2157 1514 2401 1568 illustra-

820 1606 1096 1661 tur:Non
1143 1605 1386 1660 tenebris
1431 1605 1542 1658 alio
1593 1607 1978 1676 migrantibus,
2027 1605 2256 1659 luminis
2308 1607 2403 1660 ad-

821 1707 986 1752 ventu
1069 1697 1448 1767 pereuntibus.
1537 1696 1654 1749 Non
1729 1707 1862 1750 sunt
1920 1695 2088 1766 igitur
2165 1697 2402 1752 tenebrae

819 1791 1146 1865 substantia
1180 1789 1428 1859 quaedam
1500 1789 1745 1843 incrcata
1799 1803 1978 1858 neque
2039 1789 2203 1842 etiam
2269 1791 2402 1843 sub-

2502 602 2766 670 ἐργασίαν
2792 599 2958 654 αὑτοῦ
2984 600 3088 664 ἕως
3129 602 3387 667 ἑσπέρας.
3435 619 3454 653 s
3507 600 3643 653 Ἀλλ’
3663 601 3748 653 ὂτι
3780 601 3890 670 μιν
3924 603 4069 668 ἀναγ-

2499 692 2652 742 καῖον
2678 692 2739 742 τὸ
2767 691 2980 754 σκότος,
3012 690 3168 759 δῆλον
3197 705 3211 718 ·
3253 693 3334 742 ὃτι
3359 689 3416 742 δὲ
3446 689 3544 741 οὐκ
3570 689 3751 752 οὐσία,
3774 689 3916 743 ἀλ.λά
3947 707 4050 758 συμ

2500 781 2756 851 ϐεϐηκὸς,
2779 783 2874 834 καὶ
2903 781 3149 833 ἐντεῦθεν
3175 781 3290 834 ἐστι
3310 781 3494 834 λαϐεῖν
3525 799 3539 811 ⁸
3567 781 3806 848 οὐρανοῦ
3838 783 3951 851 γάρ
3989 782 4072 833 καὶ

2498 874 2602 943 γῆς
2639 875 2805 927 ’ἔστιν
2845 874 3204 943 ἀποσκίασμα
3233 889 3248 904 ’
3304 873 3396 926 διά
3437 890 3496 926 τε
3524 874 3682 927 τοῦτο
3716 875 3814 927 καὶ
3855 874 4071 949 φρςρδην

2500 968 2710 1033 γίνεται
2763 967 2858 1020 καὶ
2914 969 2994 1030 είς
3047 968 3110 1021 τὸ
3172 967 3246 1037 μὴ
3297 967 3358 1020 ὃν
3415 967 3691 1020 διαλύεται
3752 966 3854 1020 τοῦ
3912 969 4071 1034 φωτὸς

2500 1057 2831 1126 ἀνίσχοντος.
2870 1058 2945 1111 Τὸ
2983 1059 3039 1111 δὲ
3089 1058 3206 1126 φῶς
3245 1059 3404 1110 οὐσία
3452 1061 3568 1110 ἐστὶ
3618 1061 3716 1110 καὶ
3753 1058 4030 1125 ὑφέστηκε
4057 1075 4070 1089 ·

2499 1148 2580 1202 διὸ
2609 1149 2706 1201 καὶ
2749 1148 3004 1218 δυόμενον
3053 1150 3264 1218 ἀνίσχει
3298 1165 3314 1180 ⁸
3356 1153 3450 1202 καὶ
3473 1151 3633 1202 ἀπιὸν
3663 1152 4030 1217 επανέρχεται
4062 1167 4070 1177 ·

2499 1240 2655 1308 γνοίη
2695 1239 2740 1291 δ’
2771 1239 2838 1292 ἀν
2861 1246 2953 1302 τις
2977 1240 3271 1294 κάντεῦθεν
3294 1242 3375 1294 ὃτι
3404 1243 3462 1294 τὸ
3489 1242 3681 1304 σκότος
3712 1241 4075 1310 ἐπισυμϐεϐη-

2501 1346 2594 1381 κεν
2627 1347 2641 1360 ο
2674 1326 2820 1394 οἶκος
2842 1331 2952 1400 γὰρ
2980 1332 3080 1384 οὐκ
3109 1335 3249 1402 ἔχων
3282 1334 3651 1402 φωταγωγοὺς
3695 1333 3932 1392 σκότους
3974 1334 4074 1384 ἐπὶ

2501 1424 2734 1492 πλήρης,
2777 1424 3219 1494 είσκομισθείσης
3250 1426 3306 1479 δὶ
3345 1426 3624 1495 λαμπάδος
3666 1426 3991 1494 φωτίζεται,
4023 1429 4072 1478 οὐ

2500 1513 2594 1566 τοῦ
2626 1514 2851 1578 σκότους
2875 1515 3065 1568 ἄλλοσέ
3105 1533 3180 1585 πη
3209 1517 3648 1585 μεταϐαίνοντος,
3675 1517 3819 1570 ἀλλά
3855 1519 4073 1586 πάμπαν

2501 1605 2850 1674 διολλυμένου
2871 1608 2936 1676 τῇ
2957 1606 3050 1658 τοῦ
3079 1607 3254 1674 φωτὸς
3285 1609 3576 1680 παρουσία.
3616 1611 3692 1662 Ού
3714 1610 3904 1662 τοίνυν
3930 1611 4064 1675 ἀτὲνι

2499 1716 2659 1767 γητος
2706 1700 2863 1752 οὐσία
2900 1699 2964 1752 τὸ
3001 1699 3210 1763 σκότος,
3253 1699 3379 1752 οὔτε
3412 1699 3518 1770 μὴν
3554 1701 3816 1770 γεννητή,
3876 1701 3992 1752 ἀλλ’
4021 1704 4075 1752 ἐκ

2501 1792 2611 1844 τῶν
2661 1791 2935 1862 γεννητῶν
2974 1793 3342 1864 συνισταμένη
3388 1792 3584 1863 χρῆσις
3627 1793 3950 1860 ἀναγκαία.
3992 1792 4073 1844 τοῦ

822 1883 1023 1938 stantia
1091 1864 1307 1946 creata;
1359 1880 1458 1935 sed
1531 1897 1667 1935 usus
1727 1881 1950 1950 quidam
2013 1880 2388 1940 necessarius.

2502 1884 2630 1938 Θεοῦ
2673 1886 2776 1955 τὴν
2821 1886 3014 1954 σοφίαν
3061 1887 3408 1956 κηρύττουσα
3433 1901 3450 1918 ·
3494 1886 3693 1938 αὐτίκα
3728 1885 3868 1952 γοῦν
3919 1885 4012 1937 καὶ
4053 1886 4075 1934 6

817 1975 889 2028 ab
917 1974 1002 2027 his
1028 1988 1150 2042 qua:
1170 1971 1314 2025 facta
1339 1979 1468 2024 sunt
1498 1971 1824 2038 prnvenieus
1853 1977 1907 2024 et
1938 1971 2265 2039 sapientiam
2301 1971 2390 2024 Dei

817 2064 1148 2134 przedicans.
1177 2061 1372 2116 Statim
1407 2077 1538 2131 ergo
1564 2063 1828 2132 pmpheta
1857 2077 1922 2116 es
1954 2063 2055 2116 hoc
2082 2061 2252 2115 Deum
2279 2063 2397 2116 lau-

817 2158 931 2220 dnt,
963 2173 982 2205 ι
1011 2151 1113 2220 Qui
1155 2151 1304 2218 fecit,
1340 2152 1541 2221 inquit,
1584 2152 1767 2206 lumen
1798 2162 1852 2206 et
1881 2152 2205 2222 praeparavit
2244 2163 2394 2206 tene-

819 2245 970 2298 bras.
1005 2262 1026 2294 ι
1089 2241 1164 2296 De
1221 2242 1431 2296 lumine
1484 2241 1707 2311 quidem
1764 2243 2154 2296 convenienter
2211 2241 2392 2295 dicit:

819 2335 925 2399 Qui
977 2335 1139 2402 fecit;
1184 2334 1253 2388 de
1305 2332 1543 2387 tenebris
1587 2343 1792 2396 autem,
1841 2331 2197 2401 Prcparaoit.
2251 2330 2397 2386 Sunt

817 2427 965 2480 enim
1005 2426 1259 2480 accidens
1283 2423 1559 2494 quoddam
1585 2422 1734 2493 quod
1768 2431 1825 2478 et
1856 2421 2115 2476 consistit
2155 2431 2212 2476 et
2262 2422 2381 2479 dis-

819 2519 1078 2574 solvitur.

924 2606 1253 2676 ρυιεδτιο
1295 2603 2079 2748 σοιιὲεῗὲεθηρειχκγι,
2122 2603 2290 2661 Tur.

987 2770 1163 2836 Quare
1192 2769 1333 2839 ferus
1362 2779 1412 2821 et
1454 2715 1676 2836 ιΐρῖίίια
1697 2715 1879 2835 [lacerit
1910 2767 2050 2822 Deus
2074 2767 2232 2837 (48)!

2500 1979 2789 2048 προερήτης
2810 1980 2905 2032 καὶ
2922 1977 3173 2033 ιντεῦθεν
3197 1979 3358 2047 ὑμνεῖ
3377 1979 3468 2030 τὸν
3495 1977 3648 2041 Θεὸν,
3680 1996 3701 2029 s
3755 1979 3815 2030 '0
3852 1980 3984 2044 ποιή
3995 1994 4075 2038 σας

2497 2070 2628 2140 γὰρ,
2663 2071 2821 2140 φησὶ,
2854 2071 2971 2140 φῶς
3000 2073 3096 2124 καὶ
3121 2070 3535 2134 κατασκευάσας
3556 2069 3749 2131 σκότος
3769 2085 3817 2120 ‘s
3860 2069 3960 2121 ἐπὶ
3995 2070 4076 2136 μὲν

2498 2162 2592 2215 τοῦ
2636 2162 2814 2231 φωτὸς
2849 2164 3196 2234 ἁρμοζόντως
3236 2163 3428 2222 εἰπὼν.
3459 2167 3492 2216 ό
3547 2162 3819 2226 ποιήσας
3847 2178 3863 2191 ·
3911 2163 4004 2212 ἐπὶ
4028 2161 4074 2212 δὲ

2498 2254 2592 2309 τοῦ
2618 2257 2842 2320 σκότους
2862 2295 2881 2320 ,
2913 2255 3407 2321 κατασκευάσας-⁸
3447 2253 3798 2326 συμϐεϐηκὸς
3829 2253 3948 2325 γάρ
3979 2255 4076 2306 ἔστι

2503 2351 2902 2422 συνιστάμενον
2923 2352 3018 2405 καὶ
3040 2351 3412 2420 διαλυόμενον.

3026 2608 3365 2666 ΕΡΩΤῙΙΣΙΣ
3391 2613 3564 2667 ΣΝΔ⁸.

2498 2770 2661 2822 Διατί
2693 2767 2764 2822 τὰ
2791 2769 2969 2836 θηρία
3003 2768 3104 2822 καί
3130 2771 3205 2823 τὰ
3224 2768 3437 2836 ἑρπετὰ
3461 2785 3798 2838 tantum
3836 2775 3874 2826 ό
3905 2775 4075 2839 sedc;

1159 2859 1303 2910 Edita
1329 2874 1357 2909 a
1382 2859 1506 2908 Maio
1542 2861 1600 2923 (l.
1635 2873 1680 2910 ο.
1713 2872 1747 2922 p
1786 2859 1896 2919 117,
1932 2859 2040 2920 118,
2072 2874 2123 2923 q.
2147 2860 2284 2924 250).
2318 2887 2382 2900 --
2413 2861 2491 2917 De
2523 2861 2642 2910 leris
2671 2868 2725 2910 et
2747 2860 3009 2924 reptllibus
3035 2875 3063 2910 a
3094 2861 3205 2911 Deo
3233 2864 3426 2911 creatis.
3451 2862 3574 2912 Gen.
3605 2875 3640 2922 ι,
3662 2862 3748 2912 ω.

890 2949 1052 3006 Pueri
1105 2958 1219 3003 tum
1267 2947 1760 3010 terriculamentis,
1815 2958 1929 3000 tum
1959 2949 2124 3001 etiam
2169 2949 2305 3004 loris
2349 2958 2406 3004 et

825 3043 998 3113 virgis
1030 3042 1297 3110 indigent.
1333 3039 1400 3091 Et
1430 3053 1528 3107 per
1560 3039 1650 3091 illa
1680 3038 1900 3107 quidem
1939 3039 2088 3107 ipsns
2113 3048 2406 3103 terremus,

826 3149 921 3204 per
955 3133 1071 3188 hac
1097 3147 1279 3187 autem
1308 3129 1614 3185 erudimus.
1647 3129 1761 3185 Nos
1793 3145 1926 3200 ergo
1963 3132 2143 3186 sciens
2171 3131 2312 3188 Deus
2341 3134 2407 3185 ad

2571 2951 2752 3001 Δεῖται
2791 2947 2862 3000 τὰ
2896 2946 3086 3002 παιδία
3123 2948 3216 3000 καὶ
3261 2948 3670 3018 μορμολυκείων
3711 2949 3809 3001 καὶ
3846 2949 4076 3016 ἱμάντων

2504 3039 2602 3092 καὶ
2649 3039 2861 3108 ῥάϐδων
2892 3053 2907 3067 ·
2945 3041 3181 3102 καὶτοῖς
3227 3039 3326 3108 μὲν
3355 3039 3493 3092 αὑτά
3539 3039 3928 3108 δεδιττόμεθα,
3985 3044 4077 3101 sui;

2505 3129 2562 3181 δὲ
2618 3129 2711 3179 καὶ
2766 3127 3119 3196 παιδεύομεν.
3168 3129 3276 3180 Καὶ
3309 3128 3460 3196 ημᾶς
3515 3128 3695 3180 τοίνυν
3746 3128 4079 3196 προειὸὼςό

829 3225 1188 3280 indolentiam
1223 3237 1546 3292 propensos,
1579 3221 1726 3276 sicut
1755 3220 2031 3277 funiculos
2059 3223 2328 3291 quosdam
2356 3233 2399 3278 el

2509 3220 2638 3281 Θεὸς
2669 3220 2742 3281 ὡς
2776 3221 2857 3282 είς
2891 3219 3162 3290 ῥαθυμίαν
3189 3219 3555 3282 ἐκκλίνοντας.
3595 3212 3709 3270 οἷον
3736 3220 3977 3287 ἱμάντας
4011 3236 4076 3269 τι·

830 3317 1096 3372 terricula
1151 3315 1295 3369 l'eras
1341 3314 1502 3368 nobis
1557 3315 1881 3383 praeparavit
1924 3323 1983 3367 ut
2027 3315 2096 3367 ab
2140 3313 2248 3370 illis
2293 3323 2399 3370 ter-

2508 3313 2602 3376 νάς
2631 3313 2663 3382 ἢ
2691 3311 3060 3382 μορμολύκεια
3091 3313 3599 3380 προκατεπευάσεν
3629 3314 3766 3380 ἡμῖν
3793 3313 3869 3364 τὰ
3897 3313 4074 3382 θηρία·

830 3409 942 3473 riti,
995 3408 1064 3462 ad
1113 3407 1266 3460 illum
1308 3405 1653 3460 altrahamus
1701 3413 1758 3459 et
1813 3403 1880 3458 ad
1929 3404 2084 3458 illum
2139 3404 2194 3458 in
2245 3405 2404 3459 suxi-

831 3501 967 3555 lium
1031 3499 1341 3552 vocandum
1416 3511 1810 3565 praeparentur.
1889 3495 1994 3550 Sed
2051 3499 2406 3566 quemadmo-

833 3595 960 3646 dum
1016 3590 1185 3645 adulti
1255 3588 1532 3643 infantiles
1596 3590 1817 3644 timores
1873 3597 2170 3657 spernunt,
2223 3590 2295 3643 ita
2351 3599 2408 3644 et

833 3682 929 3751 qni
977 3682 1032 3734 in
1065 3681 1266 3734 virtute
1311 3677 1622 3732 continuati
1672 3687 1800 3734 sunt
1847 3677 2086 3733 ferarum
2135 3693 2242 3733 non
2276 3695 2404 3749 per-

834 3775 1127 3827 timescunt
1173 3773 1449 3826 incursus.
1506 3769 1718 3824 Etenim
1773 3779 1900 3824 ante.
1943 3771 2208 3826 Adsmum
2258 3781 2404 3827 asta-

835 3867 973 3921 bant
1002 3865 1150 3930 ferae,
1191 3873 1320 3918 ante
1353 3872 1665 3933 peccatum,
1693 3863 2009 3919 servitutem
2044 3879 2200 3919 suam
2231 3867 2405 3921 conli-

835 3965 1032 4020 tentes,
1065 3964 1120 4009 et
1165 3969 1290 4010 cum
1322 3953 1432 4008 Noe
1457 3954 1511 4008 in
1549 3968 1679 4008 arca
1721 3954 2033 4010 habitabant
2056 3965 2112 4008 et
2135 3970 2259 4010 cum
2295 3956 2403 4012 Da-

837 4047 946 4101 niel
977 4048 1028 4098 in
1059 4044 1208 4100 fossa
1243 4045 1426 4098 leones
1457 4059 1769 4114 quanquam
1799 4045 1918 4099 dira
1950 4044 2094 4099 fame
2137 4047 2402 4114 cruciati;

835 4139 1017 4208 vipera
1045 4138 1231 4200 etiam,
1262 4136 1506 4207 Apostoli
1541 4151 1707 4189 manu
1735 4135 1991 4191 dentibus
2023 4147 2271 4207 arrepta,
2305 4155 2406 4194 nec

833 4224 1040 4281 neccati
1077 4223 1345 4280 ﬂaecitate
1393 4236 1446 4276 et
1491 4223 1721 4277 mollitie
1768 4222 2007 4287 inventa,
2040 4238 2165 4278 sese
2201 4233 2400 4278 statum

833 4315 1021 4385 dejicit
1051 4327 1106 4372 et
1131 4317 1184 4370 in
1222 4314 1400 4380 ignem
1432 4312 1617 4376 irruit,
1645 4313 1802 4382 quasi
1838 4313 2155 4382 sibimetipsi
2183 4329 2400 4384 pmnam

833 4410 1083 4480 indigens
1109 4425 1174 4463 ex
1206 4425 1273 4461 eo
1302 4404 1448 4476 quod
1472 4409 1526 4461 in
1559 4423 1757 4476 corpus
1788 4423 1893 4461 non
1925 4409 2257 4463 conveniens
2283 4424 2403 4463 sese

833 4499 1136 4566 injecisset.
1171 4496 1341 4551 Nobis
1382 4513 1514 4567 ergo
1543 4497 1814 4552 enervatis
1843 4499 2157 4566 providens,
2187 4499 2400 4553 deserta

830 4591 950 4657 illis:
983 4591 1100 4644 loca
1147 4598 1202 4644 et
1243 4591 1428 4644 noctis
1468 4601 1682 4658 tempus
1732 4590 1966 4658 partitus
2011 4601 2116 4642 est.
2168 4587 2398 4658 lleptilia

2511 3403 2597 3456 ἴνα
2645 3403 2857 3465 τούτοις
2903 3404 3056 3473 ἡμᾶς
3097 3403 3485 3473 δεδιττόμενος.
3537 3404 3673 3472 πρὸς
3724 3405 3927 3456 ἑαυτὸν
3965 3407 4076 3470 ἓλγη

2507 3494 2599 3545 καὶ
2631 3493 2813 3545 καλεῖν
2837 3493 2997 3545 αὐτὸν
3025 3494 3103 3554 είς
3140 3494 3457 3562 συμμαχίαν
3482 3492 3914 3563 παρασκευάζῃ.
3958 3490 4077 3546 Ἀλλ’

2505 3582 2654 3636 ὦσπε
2663 3599 2693 3652 ρ
2714 3585 2763 3635 οί
2785 3582 2977 3636 τέλειοι
2999 3582 3108 3636 τῶν
3131 3584 3396 3636 παιδικῶν
3417 3585 3688 3653 δειμάτων
3717 3586 4078 3654 καταφρονῶ.

2508 3692 2614 3739 σιν,
2661 3676 2804 3729 οὕτω
2839 3676 2933 3728 καὶ
2979 3677 3029 3729 oi
3073 3675 3174 3746 τῆς
3193 3675 3392 3745 ἀρετῆς
3422 3675 3677 3748 τρόφιμοι
3702 3675 3807 3739 τὰς
3841 3677 3960 3728 τῶν
3997 3677 4076 3744 θη-

2509 3769 2639 3840 ρίων
2677 3769 2739 3821 οὐ
2761 3768 3101 3838 δειμαίνουσι
3131 3765 3435 3837 προσϐολάς
3459 3784 3474 3798 ·
3529 3769 3761 3837 καὶγὰρ
3796 3767 3886 3837 τῷ
3928 3769 4077 3835 Ἀδὰμ

2504 3860 2615 3931 πρὸ
2651 3860 2752 3929 τῆς
2795 3861 3071 3930 ἁμαρτίας
3113 3861 3472 3931 παρειστήκει
3517 3863 3586 3914 τὰ
3614 3861 3784 3929 θηρία
3837 3863 3948 3929 τὴν
3973 3863 4075 3914 60.-

2504 3951 2655 4005 λείαν
2699 3950 3065 4020 ὁμολογοῦντα
3095 3966 3111 3980 ο
3153 3951 3248 4004 καὶ
3282 3951 3362 4021 τῷ
3394 3951 3519 4005 Νῶε
3563 3951 3910 4022 συνῳκίζετο
3934 3956 3990 4006 ἓν

2504 4043 2743 4116 κιϐωτῷ·
2775 4045 2870 4096 καὶ⁵
2894 4045 2973 4114 τῷ
2999 4043 3194 4114 Δανιὴλ
3221 4045 3279 4096 ὲν
3302 4044 3382 4114 τῷ
3408 4043 3596 4114 λάκκῳ
3617 4047 3669 4098 οί
3699 4045 3949 4108 λέοντες,
3979 4046 4078 4096 καί-

2502 4155 2585 4192 τσι
2607 4139 2726 4191 λίαν
2749 4137 3109 4209 λιμώττοντες
3146 4155 3160 4168 ·
3201 4139 3293 4191 καὶ
3325 4140 3355 4191 ὁ
3412 4137 3530 4208 ἔχις
3553 4137 3612 4192 δὲ
3643 4142 3712 4207 τῇ
3757 4139 4073 4191 ’Δποπόλω

2505 4230 2648 4300 χειρὶ
2698 4231 2827 4294 τοὺς
2873 4229 3090 4292 ὀδόντας
3138 4226 3394 4298 ἐμϐαλὼν
3426 4232 3522 4282 καὶ
3559 4233 3660 4300 τῆς
3702 4230 3994 4300 ἁμαρτίας
4028 4231 4074 4281 si

2503 4319 2704 4390 χαῦνον
2732 4322 2827 4375 καὶ
2845 4321 3082 4391 χαλαρὸν
3099 4320 3198 4390 οὐχ
3221 4320 3399 4391 εὑρὼν
3422 4321 3746 4390 ἀπεπήδησε
3771 4324 4074 4393 παραυτίκα

2502 4413 2597 4465 καὶ
2661 4412 2805 4466 κατά
2851 4415 2950 4482 τῆς
2990 4414 3167 4483 πυρᾶς
3211 4413 3400 4483 ἥλατο,
3459 4413 3651 4484 ῶσπερ
3693 4413 3862 4475 δίκας
3905 4416 4073 4467 ἑαυτὸν

2503 4503 2964 4572 εἰσπραττόμενος
2983 4506 3065 4558 ὅτι
3104 4504 3182 4575 τῷ
3210 4505 3525 4576 μηδαμόθεν
3553 4507 3901 4576 προσήκοντι
3921 4522 4068 4575 προσ-

2503 4594 2659 4646 έϐαλε
2689 4594 2923 4664 σώματι.
2980 4597 3087 4648 Καὶ
3115 4597 3272 4666 ήμῶν
3312 4597 3369 4649 δι
3399 4596 3792 4667 ῥᾳθυμούντων
3810 4598 3969 4667 ὅμως
3995 4615 4072 4663 κη-

830 4693 1010 4736 autem
1037 4680 1288 4735 cavernis
1321 4680 1624 4750 assignavit
1655 4690 1715 4734 ut
1765 4679 1985 4734 nonnisi
2014 4679 2302 4735 dilliculter
2332 4683 2399 4734 ab

2503 4684 2728 4752 δόμενος
2755 4686 2785 4738 ό
2809 4684 2982 4754 θεὸς,
3025 4686 3150 4748 τοὺς
3204 4686 3574 4757 ἐρημοτέρους
3611 4687 3852 4747 ἐκείνοις
3893 4689 4070 4744 τόπους

830 4775 937 4830 illis
974 4776 1255 4828 hominum
1302 4789 1474 4843 genus
1521 4776 1923 4828 vulneraretur.
1970 4773 2180 4828 Accidit
2222 4785 2403 4828 autem

833 4867 1130 4936 aliquando
1161 4867 1428 4935 quosdam
1459 4865 1529 4919 ab
1565 4865 1671 4919 illis
1702 4865 1962 4922 sauciari.
2004 4874 2062 4917 ut
2093 4867 2406 4934 lunnsquis-

827 4976 935 5029 que
980 4961 1175 5012 timens
1234 4971 1302 5011 ne
1354 4956 1533 5010 simile
1563 4957 1822 5010 danmum
1855 4957 2094 5025 patiatur
2144 4954 2212 5010 ad
2254 4956 2404 5010 illum

827 5050 920 5119 qui
981 5060 1157 5118 potest
1206 5048 1417 5101 salvare
1464 5047 1540 5110 (id
1594 5047 1701 5116 est)
1759 5047 1824 5099 ad
1874 5046 2042 5099 Deum
2101 5045 2401 5114 confugiat,

827 5140 1058 5191 Aliunde
1091 5149 1145 5192 et
1186 5138 1277 5192 illa
1322 5139 1388 5189 ad
1435 5137 1607 5192 multa
1641 5137 1903 5191 salutaria
1948 5136 2185 5189 remedia
2223 5135 2398 5190 inser-

827 5229 1000 5283 viunt.
1029 5226 1200 5282 Nemo
1230 5244 1362 5298 ergo
1394 5227 1540 5283 l'eras
1575 5227 1819 5297 singulas
1847 5226 2201 5280 considerans
2229 5225 2399 5279 Crea-

827 5334 997 5377 torem
1048 5323 1412 5393 reprehendat
1467 5322 1562 5377 sed
1610 5323 1825 5375 illarum
1879 5319 2166 5372 utilitatem
2212 5321 2400 5386 requi-

826 5423 929 5467 rat.
981 5411 1193 5468 Etenim
1249 5422 1304 5467 et
1354 5428 1558 5482 corpus
1610 5412 1907 5465 humanum
1962 5410 2188 5462 multam
2237 5409 2401 5463 habet

825 5507 1053 5574 gratiam
1109 5516 1163 5558 et
1193 5505 1537 5558 harmoniam
1587 5512 1636 5557 et
1689 5501 1974 5556 utilitatem
2025 5500 2078 5553 in
2129 5501 2397 5568 partibus.

824 5602 919 5654 sed
953 5598 1119 5653 habet
1158 5600 1321 5652 etiam
1352 5597 1600 5667 pituitam
1630 5606 1685 5650 et
1719 5594 1785 5648 ad
1836 5594 1980 5648 illius
2030 5593 2388 5646 secretioriem

823 5705 1093 5756 recessus,
1128 5701 1183 5745 et
1232 5692 1372 5744 male
1404 5689 1638 5744 olentem
1683 5686 1927 5741 odorem.
1971 5683 2163 5737 bullus
2210 5691 2389 5735 autem

2507 4777 2600 4828 xui
2633 4775 2730 4844 τῆς
2759 4779 2952 4839 νυκτὸς
2989 4777 3351 4847 ἀπεκλήρωσε
3395 4778 3488 4830 τὸν
3514 4777 3729 4848 καιρὸν,
3767 4781 3888 4840 τοῖς
3923 4781 4068 4846 ips:-

2504 4870 2612 4928 τοῖς
2632 4867 2687 4919 δὲ
2715 4869 2841 4930 τοὺς
2864 4868 2923 4920 ιν
2947 4870 3013 4938 τῇ
3051 4871 3121 4938 γῇ
3152 4870 3439 4938 κατένειμε
3469 4869 3784 4940 χηραμοίις,
3819 4872 3972 4930 ὅπως
4008 4867 4067 4935 μὴ

2506 4959 2633 5030 ῥᾷον
2665 4958 2757 5010 ὑπ’
2802 4958 3001 5024 αὐτῶν,
3045 4960 3153 5012 τῶν
3183 4960 3486 5031 ἀνθρώπων
3531 4961 3869 5030 πημαίνοιτο
3901 4963 3961 5012 τὸ
3990 4961 4067 5026 γὲο

2501 5066 2590 5112 νος
2619 5065 2633 5080 ο
2674 5053 2946 5122 συγχωρεῖ
2989 5051 3044 5105 δὲ
3080 5051 3194 5105 ἐσθ’
3232 5054 3322 5105 ὅτε
3349 5054 3522 5117 τινὰς,
3555 5052 3649 5105 ὑπ’
3676 5054 3870 5107 αὐτῶν
3907 5068 4060 5121 παρα-

2505 5137 2835 5193 ϐλάπτεσθαι
2866 5158 2880 5172 ο
2910 5141 2986 5204 ὡς
3026 5143 3092 5196 ἂν
3129 5143 3359 5206 ἕκαστος
3394 5143 3578 5207 δεδιὼς
3617 5145 3757 5213 μήτι
3793 5146 4068 5214 παραπλήο

2499 5246 2612 5282 σιον
2637 5232 2822 5304 πάθῃ,
2866 5233 3003 5302 πρὸς
3031 5235 3122 5286 τὸν
3159 5235 3458 5304 δυνάμενον
3502 5235 3696 5300 σώζειν
3749 5236 3893 5288 Θεὸν
3925 5250 4066 5286 κατι·

2498 5319 2676 5390 φεύγῃ
2703 5335 2717 5350 ⁸
2748 5321 2920 5384 ἄλλως
2951 5339 3010 5374 τε
3049 5323 3104 5376 δὲ
3135 5324 3306 5377 ταῦτα
3336 5325 3429 5377 καὶ
3457 5327 3592 5396 πρὸς
3612 5325 3792 5378 πολλά
3826 5327 3945 5377 τῶν
3968 5323 4067 5374 dit-

2499 5407 2734 5472 ξικάκων
2774 5411 3082 5481 φαρμάκων
3139 5411 3398 5466 συντελεῖ.
3453 5412 3660 5482 Μηδεὶς
3713 5414 3906 5464 τοίνυν
3959 5407 4067 5460 αὐτὸ

2499 5503 2621 5554 καθ’
2669 5503 2829 5555 ἑαυτὸ
2876 5504 2935 5556 τὸ
2985 5503 3174 5575 θηρίον
3216 5505 3508 5572 ἐξετάζων,
3561 5502 3973 5572 ἐπιμεμφέσθω
4007 5496 4064 5560 τῷ

2501 5595 2728 5663 Ποιητῇ,
2771 5595 2906 5648 ἀλλὰ
2947 5598 3045 5666 τὴν
3096 5599 3284 5667 χρείαν
3332 5597 3689 5667 ἐπιζητείτωο
3722 5598 3855 5652 ἐπεὶ
3899 5593 3991 5645 καὶ
4018 5591 4062 5638 τῆ

2502 5685 2657 5750 σῶμα
2688 5686 2749 5739 τὸ
2771 5686 3108 5758 ἀνθρώπινον
3130 5690 3326 5760 πολλὴν
3348 5690 3459 5759 ἔχει
3482 5690 3576 5742 καὶ
3609 5689 3758 5759 ὥραν
3790 5686 3894 5740 καὶ
3921 5686 4066 5753 ἀρρω-

2325 5774 2536 5829 ΝΟΤἉΕ

916 5874 1030 5945 (ιε)
1089 5874 1184 5930 list
1250 5873 1574 5929 Theodoreti
1636 5872 1778 5930 lctus
1825 5889 1881 5943 q.
1947 5869 2010 5925 l3
2073 5871 2124 5925 in
2185 5867 2381 5924 Cenes.
2424 5869 2526 5922 col.
2564 5871 2650 5924 98.
