4162 6442
176 427 195 489 i
205 428 307 489 057

980 418 1074 475 AD
1115 412 1701 474 AMPHILOCHIUM
1740 411 2081 482 QUIESTIO
2128 411 2314 497 σου,
2366 412 2583 473 CCLII.

3276 420 3407 484 1058

170 543 288 593 νίαν
323 537 420 589 καὶ
449 534 557 588 τῶν
596 530 801 603 μορίων
828 529 929 599 τὴν
965 529 1158 598 χρείαν
1186 543 1201 558 ·
1235 525 1352 580 ἀλλ’
1377 524 1492 595 εχει
1521 524 1617 579 καὶ
1646 526 1740 578 1:6-
1768 580 1769 584 η

1851 540 2012 580 sanus
2040 539 2108 579 ex
2135 526 2238 579 hoc
2268 525 2435 579 vitam
2479 527 2784 582 accusabit.
2818 527 2947 583 Sine
2979 530 3127 583 enim
3181 532 3290 587 illis
3329 538 3411 588 vi-

175 630 339 701 ρυζαν
369 624 467 678 καὶ
500 622 727 676 πτύελον
758 623 853 676 καὶ
882 619 1093 689 δυσώδη
1139 618 1344 686 κόπρον
1370 635 1387 650 ·
1432 614 1547 669 ἀλλ’
1570 616 1743 679 οὐδεὶς

172 720 234 773 εὖ
261 715 474 787 φρονῶν
503 714 615 768 ἀπὸ
646 714 854 773 τούτων
889 710 1135 764 διαϐάλοι
1170 709 1229 761 τὸ
1258 710 1397 772 ζῶον
1431 725 1445 739 ·
1480 708 1604 777 δίχα
1636 708 1745 776 γὰρ

172 811 373 863 τούτων
392 806 606 877 βιῶναι,
637 804 749 856 τῶν
770 803 1044 857 ἀδυνάτων
1069 815 1084 830 °
1116 800 1207 853 διὰ
1229 800 1337 869 γὰρ
1359 798 1563 852 τούτων
1590 798 1745 868 ἀρδό·

176 914 336 964 μενον
368 894 584 961 τέθηλε,
620 893 715 944 καὶ
746 894 975 962 αἵματος
999 891 1097 945 καὶ
1127 889 1435 958 φλέγματος
1466 889 1560 940 καὶ
1583 888 1746 959 χολῆς

172 987 460 1055 ἑκατέρας·
485 984 602 1039 ἀλλ’
628 983 817 1053 ὥσπερ
848 981 939 1036 διὰ
959 981 1166 1036 τούτων
1192 980 1541 1048 συνέστηκεν,
1574 978 1747 1041 οὕτως

172 1078 262 1130 διὰ
278 1078 482 1130 τούτων
503 1077 622 1139 ἐνὸς
647 1075 758 1129 τῶν
786 1072 1098 1143 εἰρημένων
1126 1072 1518 1133 πλεονάσαντος
1541 1070 1751 1140 ἢὲλλείσ

173 1168 372 1235 ψαντος
396 1167 662 1221 διόλλυται
686 1181 701 1197 ·
728 1166 823 1219 καί⁵
860 1163 1153 1218 σκυταλίδα
1181 1164 1236 1216 ετ
1254 1179 1341 1224 τις
1379 1162 1606 1232 ἐκτέμοι
1635 1161 1746 1215 τῶν

174 1256 453 1311 δακτύλων
493 1254 880 1325 δψεταιαῠτὴν
928 1252 1207 1316 παντελῶς
1247 1254 1538 1323 ἄχρηστον.
1576 1253 1776 1323 Προσ-’

177 1348 305 1414 ήκει
368 1346 429 1398 δέ
466 1346 558 1399 διὰ
598 1344 760 1398 τοῦτο
813 1343 910 1396 καὶ
953 1344 1099 1413 ἡμᾶς
1137 1341 1217 1413 μὴ
1252 1342 1548 1396 αὐτὸκαθ’
1595 1339 1757 1395 ἐαυτδ

176 1434 610 1507 ἀπομερίζοντας
651 1434 750 1488 τοῦ
781 1434 980 1498 παντὸς
1011 1434 1241 1489 ἐκαστον
1281 1434 1445 1507 μέρος
1478 1432 1753 1498 ἐξετάζειν

174 1530 274 1598 τῆς
300 1528 530 1593 κτίσεως
554 1545 567 1557 ⁸
606 1528 744 1582 ἀλλὰ
771 1528 952 1598 ζητεῖν
977 1528 1071 1581 καὶ
1100 1529 1419 1581 ἐπισκοπεῖν
1445 1528 1495 1580 εἰ
1532 1526 1609 1597 τῷ
1636 1542 1749 1580 κοι-

174 1619 253 1689 νῷ
290 1621 476 1689 χρείαν
491 1619 613 1673 τινα
646 1618 905 1673 συντελεῖ.
947 1619 1057 1671 Καὶ
1081 1619 1150 1672 τὰ
1182 1620 1348 1690 θηρία
1380 1618 1612 1672 αἰδεῖται
1646 1618 1747 1687 μεν

1842 632 1969 671 vere
2000 616 2337 686 impossibile
2364 628 2474 684 est;
2513 632 2578 673 ex
2615 619 2719 674 hoc
2751 620 2897 675 enim
2929 620 3106 675 oritur
3134 622 3281 692 quod
3327 640 3412 679 re-

1842 706 2066 775 frigerat
2089 716 2145 760 et
2168 706 2490 776 sanguinem
2520 715 2574 762 et
2605 709 2883 773 ardorem,
2921 719 2976 764 et
2999 711 3167 765 bilem
3202 723 3414 767 utram-

1842 811 1967 865 que.
2005 795 2111 850 Sed
2156 796 2300 850 sicut
2334 811 2430 866 per
2460 797 2548 850 illa
2578 798 2850 860 consistit,
2881 799 2957 853 ita
2999 815 3063 853 ex
3096 800 3257 854 dictis
3303 816 3415 854 uno

1843 888 1929 940 vel
1960 887 2463 957 superabundante.
2498 889 2583 943 vel
2612 890 2897 946 deﬁciente
2929 893 3158 963 deperit.
3201 890 3259 945 Si
3291 893 3415 962 quis

1845 981 1991 1033 enim
2028 996 2191 1035 unam
2212 980 2377 1050 .digiti
2424 988 2632 1051 partem
2667 984 2983 1049 absciderit,
3023 984 3299 1040 videbitur
3326 984 3413 1037 illa

1846 1072 2074 1125 omnino
2104 1071 2351 1137 inutilis;
2380 1073 2630 1128 convenit
2663 1088 2794 1144 ergo
2822 1091 2923 1130 nos
2951 1090 3061 1131 non
3101 1076 3416 1146 singulatim

1850 1178 2297 1233 unamquamque
2349 1165 2518 1220 totius
2552 1176 2758 1236 partem
2821 1169 3117 1225 creationis
3164 1169 3418 1225 conside-

1850 1268 2015 1319 rare,
2072 1255 2167 1309 sed
2233 1270 2476 1326 quaerere
2523 1268 2580 1313 et
2623 1259 2894 1331 inspicere
2954 1271 3140 1316 utrum
3194 1262 3417 1315 utilitati

1851 1345 2131 1398 communi
2166 1346 2351 1416 aliquo
2398 1348 2561 1404 modo
2607 1350 2927 1406 inserviant.
2959 1350 3108 1406 Ferae
3138 1353 3416 1407 hominem

1852 1433 2265 1501 pertimescunt,
2306 1446 2526 1506 propter
2563 1448 2884 1507 potestatem
2927 1440 3004 1495 illi
3036 1455 3202 1511 super
3229 1438 3352 1494 illas
3386 1454 3420 1494 a

1857 1526 2127 1595 principio
2160 1529 2365 1582 datam.
2397 1528 2535 1594 Quia
2568 1540 2748 1584 autem
2770 1531 2940 1600 legem
2966 1530 3205 1586 divinam
3236 1538 3420 1586 trans-

1874 1632 2095 1685 gressus
2127 1620 2249 1683 fuit,
2282 1620 2575 1689 aliquando
2600 1621 2747 1675 illum
2781 1631 3067 1691 spernunt.

173 1713 269 1766 τὸν
293 1711 578 1783 ἄνθρωπον
604 1712 694 1766 διὰ
714 1711 814 1781 τὴν
834 1710 894 1778 ἐξ
926 1712 1101 1782 ἀρχῆς
1134 1711 1282 1781 αὐτῷ
1308 1711 1556 1766 δοθεῖσαν
1590 1708 1838 1775 ἐξουσίαν
1869 1711 1991 1764 κατ’
2060 1711 2242 1765 αὐτῶν
2264 1729 2278 1742 ο
2311 1711 2756 1782 παρασεδηκότος
2810 1713 2868 1766 δέ
2928 1712 3019 1767 τὸν
3055 1712 3197 1766 θεῖον
3255 1711 3420 1783 νόμον

169 1804 327 1859 ἐστιν
360 1805 450 1858 ὅτε
477 1806 820 1877 καταφρονεῖ.

696 1918 1031 1972 ΕΡΩἸῊΣῘΣ
1062 1919 1231 1972 ΣΝΒ.

172 2009 307 2063 Τίνι
328 2010 364 2063 ό
388 2008 534 2075 Θεὸς
566 2009 797 2077 εἴρηκε·
834 2024 854 2059 ‹
889 2008 1241 2075 Ποιήσωμεν
1266 2005 1582 2072 ἄνθρωπον
1622 2002 1747 2056 κατ’

349 2080 555 2133 εἰκόνα
582 2081 872 2148 ἡμετέραν
899 2078 998 2131 καί
1028 2077 1159 2132 καθ’
1184 2077 1508 2145 ὀμοίωσιν;
1557 2092 1577 2124 ι

2341 1911 2675 1978 QUESTIO
2723 1914 2920 1970 CCL“.

1854 2001 2085 2056 Cuinam
2121 2002 2261 2057 Deus
2284 2004 2483 2077 dixerit
2508 2021 2527 2058 :
2552 2003 2839 2059 Faciamus
2864 2008 3125 2077 hominem
3142 2006 3211 2077 ad
3231 2008 3420 2077 imagi-

2068 2089 2184 2126 nem
2231 2083 2281 2127 et
2326 2076 2731 2129 similitudinem
2778 2086 3015 2130 nostram
3046 2076 3202 2146 (49)?

829 2191 971 2243 Edita
1003 2205 1031 2241 a
1061 2191 1187 2242 Maio
1217 2189 1277 2249 (1.
1301 2202 1346 2240 c.
1369 2202 1420 2253 p.
1448 2186 1560 2249 118,
1591 2188 1702 2246 119,
1725 2200 1769 2250 q.

1851 2187 1931 2249 il).
1969 2214 2029 2225 —
2068 2188 2360 2252 Erplanatio
2390 2192 2439 2240 iu
2465 2190 2587 2242 Gen.
2613 2206 2649 2249 I,
2676 2191 2753 2241 ω.

247 2275 503 2347 Δηλονότι
548 2275 629 2346 τῷ
652 2277 924 2347 όμοουσίῳ
971 2278 1067 2330 καὶ
1096 2277 1392 2344 ταυτοφυεῖ
1416 2274 1538 2329 Υἰεῖ
1567 2288 1582 2303 '
1619 2272 1744 2327 τού-

1915 2272 2206 2330 Evidenter
2251 2289 2354 2331 suo
2421 2276 2874 2333 eonsubstantiali
2923 2286 2979 2333 et
3036 2277 3283 2347 ejusdem
3325 2294 3419 2334 na-

164 2386 289 2423 των
314 2370 422 2441 γὰρ
452 2371 546 2423 καὶ
574 2370 673 2439 μία
696 2369 919 2424 δύναται
940 2367 1195 2437 γενέσθαι
1226 2364 1410 2421 εἰκών.
1429 2367 1494 2420 Oi
1528 2364 1587 2420 δέ
1613 2364 1748 2435 πρὸς

165 2462 306 2524 τοὺς
322 2460 586 2529 ἀγγέλους
608 2461 857 2532 εἰρῆσθαι
879 2459 1038 2515 τοῦτο
1069 2460 1560 2533 παραληρήσαντες
1596 2458 1750 2529 αἰρε-

166 2554 344 2619 τικοί,
376 2554 469 2607 καὶ
493 2554 628 2624 πρός
653 2569 717 2621 γε
746 2553 871 2615 τοὺς
899 2553 1159 2623 δαίμονας
1195 2554 1258 2606 τὸ
1285 2550 1610 2620 ἀθεώτερον,
1632 2549 1753 2604 λίαν

173 2646 324 2700 εἰσὶν
350 2648 567 2717 ἀνόητοι
598 2662 614 2678 ⁸
653 2647 775 2699 τίνα
801 2646 911 2716 γὰρ
955 2646 1239 2699 κοινωνίαν
1281 2645 1395 2715 ἔχει
1426 2642 1589 2698 εἰκὼν
1617 2642 1754 2696 Θεοῦ

166 2741 278 2793 καὶ
305 2739 548 2808 άγγέλων
584 2738 906 2809 ἢδαιμονων
929 2754 946 2805 ;
988 2733 1091 2793 Ἦν
1119 2737 1229 2806 γὰρ
1255 2737 1413 2791 οὐσία
1440 2735 1755 2807 ἀσυγκρίτῳ

167 2827 326 2899 λόγῳ
347 2829 642 2899 διενήνοχε,
664 2827 745 2890 τίς
768 2829 983 2898 μηχανὴ
1012 2826 1219 2880 τούτων
1244 2826 1344 2896 τὴν
1372 2825 1540 2894 αὐτὴν
1570 2824 1754 2878 εἰκόνα

168 2920 469 2990 ἐννοῆσαις
544 2920 814 2973 Ἰουδαίων
864 2921 972 2989 γὰρ
1007 2920 1075 2973 ἄν
1117 2934 1202 2982 τις
1241 2919 1338 2971 καὶ
1377 2918 1624 2986 γελάσειε
1654 2917 1755 2986 τὴν

171 3014 370 3067 ἄνοιαν
394 3027 409 3041 ·
441 3011 577 3082 πρὸς
607 3010 799 3065 ἑαυτὸν
825 3011 933 3081 γὰρ
954 3010 1114 3063 τοῦτο
1137 3011 1227 3062 τὸν
1253 3010 1390 3062 Θεόν
1415 3024 1581 3077 φασιν
1618 3009 1754 3061 ἁπο-

172 3102 474 3175 φήνασθαι,
510 3103 676 3167 ,κατά
721 3119 844 3155 τινα
900 3102 1132 3172 μίμησιν
1175 3102 1285 3153 τῶν
1326 3100 1503 3153 καίτοι
1551 3100 1600 3152 εἰ
1659 3100 1755 3152 καὶ

170 3192 563 3263 πληθυντικῶς
595 3191 689 3245 καὶ
725 3190 788 3243 τὸ
830 3192 1161 3258 κελεύομεν
1191 3190 1286 3242 καὶ
1328 3190 1391 3241 τὸ
1412 3184 1757 3256 ποιήσωμεν

169 3282 538 3355 προφέρεται,
582 3281 698 3335 ἀλλ’
727 3276 821 3335 οὖν
861 3280 1061 3350 πολλὴν
1097 3280 1211 3349 ἔχει
1258 3280 1392 3350 πρὸς
1421 3278 1627 3349 ἄλληλα
1654 3282 1754 3349 τὴν

168 3377 446 3445 διαφοράν
477 3390 494 3407 ο
519 3374 580 3426 τὸ
614 3373 713 3444 μὲν
750 3372 857 3444 γὰρ
895 3371 1272 3441 ποιήσωμεν,
1300 3369 1486 3443 ὥσπερ
1514 3371 1605 3424 ἐπὶ
1637 3388 1752 3423 κοι-

169 3464 354 3534 νωνίᾳ
407 3464 509 3533 τῆς
576 3463 827 3532 πράξεως
890 3463 980 3514 τὸν
1031 3461 1269 3530 ἰσότιμον
1327 3459 1526 3512 καλεῖ·
1586 3458 1646 3512 τὸ
1695 3458 1753 3512 δὲ

170 3553 570 3623 κελεύομενῆ
603 3551 926 3622 ιράφομεν.
964 3552 1014 3604 ει
1057 3551 1154 3604 καὶ
1189 3548 1562 3619 πληθυντικῶς
1586 3550 1749 3617 δσκη·

1856 2370 1994 2418 tum
2020 2362 2198 2433 Filio;
2248 2365 2464 2421 illorum
2510 2369 2655 2423 enim
2707 2384 2815 2424 una
2846 2378 3025 2440 potest
3054 2370 3167 2425 ﬁeri
3213 2372 3417 2442 imago.

1855 2453 2108 2511 ﬂeretici
2142 2465 2325 2512 autem
2357 2460 2452 2527 qui
2492 2458 2624 2514 illud
2659 2460 2728 2515 ad
2756 2461 2979 2531 angelos
3003 2463 3211 2517 dictum
3246 2462 3418 2519 fuisse

1856 2548 2022 2619 inepti
2060 2557 2409 2618 putaverunt,
2437 2558 2493 2605 et
2529 2550 2598 2606 ad
2633 2551 2940 2618 daemones,
2973 2553 3119 2623 quod
3156 2556 3417 2624 majorem

1855 2638 2064 2693 redolet
2127 2638 2510 2709 impietatem,
2580 2644 2807 2697 omnino
2872 2651 3002 2697 sunt
3074 2643 3415 2714 insipientes.

1854 2730 2157 2797 Quamnam
2191 2732 2337 2788 enim
2386 2732 2583 2789 habeat
2626 2736 3071 2789 communitatem
3118 2737 3297 2806 imago
3328 2737 3419 2791 Dei

1854 2833 1910 2879 et
1956 2825 2272 2895 angelorum
2317 2833 2373 2881 et
2422 2827 2769 2881 dazmonum?
2817 2827 3061 2894 Quorum
3112 2830 3418 2884 substantia

1853 2912 1926 2967 ita
1985 2913 2210 2979 diﬂ‘ert,
2264 2923 2327 2970 ut
2379 2915 2529 2970 nullo
2563 2917 2725 2972 modo
2794 2918 2935 2973 inter
2996 2934 3057 2974 se
3108 2920 3419 2990 comparari

1841 3007 2101 3089 possint,
2141 3007 2424 3077 quomodo
2468 3008 2684 3063 illorum
2726 3012 2913 3065 eadem
2964 3012 3147 3083 imago
3191 3014 3420 3084 cogitari

1854 3098 2064 3167 possit?
2109 3097 2424 3154 Judzeorum
2474 3099 2741 3155 insaniam
2800 3117 2960 3158 nemo
3008 3113 3094 3159 est
3150 3106 3243 3173 qui
3308 3121 3417 3160 non

1853 3186 2121 3254 derideat,
2161 3189 2228 3244 ad
2270 3189 2621 3259 semetipsum
2658 3192 2803 3247 enim
2845 3192 3038 3247 dicunt
3068 3194 3235 3248 Deum
3284 3196 3420 3252 illud

1853 3278 2095 3335 locutum
2126 3280 2317 3346 fuisse,
2356 3280 2640 3352 proferens
2669 3283 2931 3349 faciamus
2960 3286 3027 3341 ad
3056 3287 3417 3343 imitationem

1854 3366 2070 3421 illorum
2103 3384 2228 3437 qua:
2261 3369 2395 3425 dicit
2429 3373 2594 3426 etiam
2639 3374 2694 3427 in
2738 3374 2936 3440 plurali
2980 3391 3233 3443 numero,
3268 3396 3421 3432 man-

1852 3456 2082 3522 damus;
2138 3460 2232 3513 sed
2291 3460 2448 3515 adest
2496 3461 2639 3517 inter
2689 3463 2778 3518 illa
2834 3480 3030 3535 magna
3087 3467 3417 3527 diﬂ‘ereutia.

1856 3548 2088 3604 Verbum
2116 3550 2261 3606 enim
2289 3551 2550 3623 faciamus
2582 3556 2737 3625 quasi
2769 3557 2835 3612 ad
2866 3558 3134 3616 actionem
3166 3576 3422 3639 commu-

174 3650 465 3720 μάτισται,
495 3643 610 3698 ἀλλ’
638 3643 888 3711 οὐδαμῶς
916 3642 1102 3713 ἐτέρου
1129 3641 1319 3711 κλῆσιν
1347 3642 1428 3704 εἰς
1464 3642 1752 3711 συνεργίαν

1859 3657 1979 3697 nem
2011 3646 2275 3713 aequalem
2307 3655 2486 3712 vocat,
2542 3663 2860 3703 manaamus
2902 3660 3084 3707 autem
3116 3655 3201 3709 vel
3234 3657 3419 3710 decer-

172 3740 403 3792 δξδωσιν
427 3738 631 3790 ἐννοεῖν
656 3753 669 3767 ·
699 3733 880 3796 άλλως
908 3750 971 3786 τε
990 3732 1051 3787 τὸ
1086 3732 1186 3802 μέν
1210 3730 1515 3801 γράφομεν
1534 3731 1628 3784 καὶ
1654 3747 1750 3785 κε-

174 3831 467 3899 λεύομεν,
499 3828 612 3896 ἔχει
658 3828 947 3895 πρόσωπον
977 3809 1211 3892 φανερὸν
1243 3821 1379 3891 πρὸς
1416 3821 1445 3873 δ
1483 3820 1702 3889 λέγεται
1735 3836 1750 3850 ο

176 3924 345 3992 δῆλον
396 3922 504 3992 γὰρ
537 3918 611 3980 ὡς
650 3917 788 3987 πρὸς
826 3915 917 3968 τὸν
951 3913 1287 3978 ὐπεξούσιον·
1344 3910 1578 3965 ἐνταῦθα
1606 3910 1659 3963 δὲ
1689 3908 1753 3963 τὸ

178 4013 554 4081 ποιήσωμεν,
582 4009 818 4081 μάλιστά
876 4023 941 4075 γε
998 4006 1086 4060 διὰ
1149 4006 1248 4073 τὴν
1300 4004 1596 4073 ἐπαγωγὴν
1654 4001 1751 4056 τοῦ

178 4104 318 4159 κατ’
347 4106 574 4168 εἰκόνα,
602 4098 855 4169 οὐδαμῶς
893 4098 1077 4151 δίδωσι
1119 4096 1413 4165 πρόσωπον
1444 4093 1572 4147 ἄλλο
1600 4093 1753 4163 παρὰ

171 4198 280 4250 τὸν
302 4197 427 4249 Υἰδν
453 4197 547 4249 καὶ
568 4194 628 4245 τὸ
659 4193 923 4258 πανάγιον
947 4188 1173 4259 Πνεῦμα
1201 4189 1421 4251 ἐννοεῖν,
1453 4186 1552 4247 τὰς
1586 4175 1753 4255 μεγά-

174 4290 284 4350 λας
361 4286 745 4353 πιστευόμενον
838 4281 1033 4349 ἀρχὰς,
1118 4279 1169 4332 οῖ
1249 4278 1429 4347 λέγειν
1492 4277 1753 4329 εἰώθεσαν

173 4379 532 4443 κελεύομεν,
567 4375 659 4427 καὶ
688 4372 1007 4443 γράφομεν,
1035 4371 1129 4423 καὶ
1161 4368 1627 4438 προστάττομεν,
1659 4367 1753 4420 καὶ

171 4472 251 4524 τά
305 4464 464 4538 ὅμοια
487 4486 501 4499 ·
532 4467 710 4521 καίτοι
730 4466 800 4517 τὰ
829 4464 1055 4516 πλεῖστα
1103 4460 1296 4523 ἑνικῶς
1329 4461 1364 4531 ἡ
1400 4460 1521 4512 θεία
1560 4458 1752 4530 Γραφὴ

171 4563 453 4633 προφέρει
486 4560 710 4628 λέγοντα
749 4557 840 4610 τὸν
865 4555 973 4608 τῶν
1017 4555 1153 4608 ὅλων
1176 4553 1327 4607 Θεόνο
1360 4571 1380 4603 ε
1411 4552 1613 4622 Καιρὸς
1644 4553 1751 4620 γὰρ

170 4652 385 4714 παντὸς
420 4652 545 4720 ἥκει
574 4649 812 4703 ἐναντίον
839 4644 1028 4715 ἐμοῦοο
1058 4645 1173 4704 καὶ,
1212 4661 1231 4694 ι
1258 4640 1622 4712 Ἐνεθυμήθην
1669 4641 1751 4693 ὅτι

170 4743 418 4812 ἐποίησα
438 4742 528 4793 τὸν
544 4743 879 4811 ἄνθρωπονοι
913 4734 1030 4799 καὶ,
1070 4733 1410 4801 «Ἃπαλείψω
1436 4731 1528 4785 τὸν
1547 4730 1754 4801 ἅνθρω-

170 4850 342 4888 -πονοι
366 4836 479 4894 καὶ,
506 4851 523 4882 s
552 4833 665 4883 Οὐκ
677 4830 887 4881 ἔσονται
908 4826 1021 4878 θεολ⁸
1055 4826 1232 4894 ἕτεροι
1263 4824 1403 4893 πλὴν
1433 4823 1624 4893 ἐμοῦοι
1658 4822 1752 4877 καὶ

176 4924 379 4996 μυρία·
398 4923 641 4989 ὀλιγάκις
665 4920 721 4973 δὲ
743 4917 1123 4989 πληθυντικῶς
1158 4914 1480 4986 σχηματίζει
1511 4913 1620 4967 τῶν
1651 4916 1749 4982 τῆς

167 5014 417 5087 Τριάδος
439 5013 744 5082 προσώπων
761 5009 1037 5080 ἐμφαίνων
1064 5008 1154 5060 τὸν
1170 5006 1419 5079 ἀριθμόν.
1440 5004 1649 5075 Ὥσπερ
1666 5005 1749 5070 τὸ,
1780 5000 1823 5056 D

176 5129 203 5161 ο
235 5107 427 5171 Δεῦτε,
453 5106 551 5159 καὶ
575 5103 904 5165 καταϐάντες
933 5100 1251 5171 συγχέωμεν
1296 5098 1395 5162 τὰς
1429 5096 1697 5166 γλώσσας·
1729 5116 1747 5149 s

169 5198 283 5252 καὶ
303 5195 429 5265 περὶ
464 5189 525 5248 οὗ
548 5194 641 5246 νῦν
673 5194 701 5246 ό
731 5192 887 5258 λόγος
917 5207 932 5222 °
958 5192 1051 5243 καὶ
1082 5190 1190 5259 γὰρ
1214 5189 1448 5244 ἐνταῦθα
1480 5190 1667 5261 ἐπειδὴ
1692 5190 1753 5241 τὸ

168 5288 407 5356 λογικὸν
435 5285 571 5350 ζῶον
596 5283 907 5337 διέπλαττεν
930 5284 959 5336 ὁ
996 5281 1127 5344 Θεός
1148 5298 1162 5312 ·
1190 5282 1219 5335 δ
1248 5282 1342 5335 καὶ
1386 5283 1754 5345 ἀνακαινίζειν

175 5381 334 5450 μετά
359 5376 554 5439 πολλάς
579 5374 801 5446 ἔμελλεν
841 5373 1034 5442 γενεὰς
1070 5376 1189 5437 ταῖς
1214 5373 1313 5443 τῆς
1338 5374 1501 5441 ἁγίας
1527 5373 1751 5444 Τριάδος

172 5470 509 5540 ἐπικλήσεσι
563 5466 956 5539 τελεσιουργῶν
1004 5466 1065 5519 τὸ
1121 5466 1384 5534 πανάγιον
1445 5465 1745 5535 βάπτισμα,

175 5562 406 5635 μέλλων
426 5560 774 5630 δημιουργεῖν
791 5558 889 5628 τὴν
911 5558 1095 5608 ἐκεῖνα
1114 5554 1183 5608 τά
1204 5556 1478 5626 μυστήρια
1504 5556 1748 5625 παραλη-

1854 3734 2047 3799 nimus,
2071 3738 2324 3805 quamvis
2349 3736 2542 3806 plurali
2567 3754 2795 3794 numero
2828 3742 3060 3811 prolata,
3079 3745 3232 3799 nullo
3254 3748 3420 3802 modo

1852 3825 2023 3879 alium
2059 3826 2128 3881 ad
2165 3828 2435 3882 actionem
2482 3844 2829 3885 communem
2863 3836 3049 3888 vocari
3080 3850 3416 3906 supponunt.

1850 3916 2024 3973 Aliter
2084 3928 2266 3974 autem
2326 3920 2552 3975 verbum
2608 3924 2935 3979 decernimus
2984 3940 3038 3981 et
3099 3930 3417 3982 mandamus

1850 4010 1997 4064 clare
2030 4021 2255 4079 apparet
2276 4011 2343 4066 ad
2373 4013 2506 4082 quid
2537 4014 2811 4076 dicantur.
2842 4017 3122 4072 evidenter
3158 4020 3305 4074 enim
3351 4022 3419 4073 ad

1852 4099 2177 4165 subjectum.
2214 4101 2315 4158 Hic
2332 4101 2514 4159 alitem
2546 4106 2768 4161 verbum
2802 4108 3084 4176 faciamus,
3113 4118 3417 4179 praesertim

1854 4198 2074 4259 propter
2098 4191 2227 4247 illud
2254 4192 2402 4262 quod
2427 4194 2683 4264 adjicitur
2719 4197 2789 4250 ad
2816 4198 3120 4269 imaginem,
3154 4201 3289 4255 nihil
3319 4202 3420 4255 ab-

1853 4285 2031 4338 solute
2073 4283 2169 4338 dat
2207 4284 2626 4356 excogitandum
2673 4289 2779 4344 nisi
2815 4289 3011 4345 Filium
3048 4300 3102 4344 et
3147 4290 3411 4361 Spiritum

1853 4382 2103 4428 sanctum
2126 4374 2326 4443 quibus
2363 4376 2782 4432 committuntur
2808 4382 3061 4435 maxima
3089 4390 3415 4450 potestates,

1852 4464 1943 4533 qui
1972 4464 2155 4519 dicere
2176 4477 2595 4531 consueverant,
2629 4470 2947 4523 mandamus
2980 4479 3035 4525 et
3060 4470 3414 4537 decernimus,

1850 4564 1906 4609 et
1936 4553 2193 4619 iubemus,
2244 4564 2300 4607 et
2345 4557 2450 4611 alia
2496 4557 2547 4611 id
2580 4574 2769 4627 genus.
2802 4559 3055 4613 Attamen
3098 4561 3418 4631 plerumque

1851 4656 2037 4701 sancta
2083 4644 2368 4717 Scriptura
2416 4649 2637 4705 exhibet
2684 4648 2856 4705 Deum
2901 4651 2956 4704 in
3003 4650 3268 4720 Singulari
3310 4669 3417 4706 uu-

1852 4753 2006 4795 mero
2054 4742 2363 4811 loquentem
2412 4760 2427 4793 :
2476 4759 2496 4793 ι
2543 4741 2781 4811 Tempus
2828 4744 2972 4796 enim
3038 4744 3219 4797 omnis
3266 4753 3417 4798 venit

1852 4840 1980 4886 ante
2011 4847 2116 4911 me.
2154 4852 2174 4885 ι
2204 4863 2275 4873 —
2301 4851 2323 4887 ι
2360 4833 2445 4889 Me
2472 4834 2700 4903 poenitet
2732 4834 2861 4904 quia
2901 4833 3001 4889 feci
3034 4836 3348 4901 hominem;
3390 4854 3410 4887 ι

1853 4932 1905 4976 et
1937 4938 1952 4975 :
1989 4940 2010 4973 ‹
2046 4920 2247 4978 Delebo
2282 4923 2589 4989 hominem;
2625 4942 2644 4977 ι
2678 4934 2735 4978 et
2763 4941 2777 4977 :
2815 4943 2835 4976 s
2867 4924 2981 4977 Non
3014 4934 3180 4978 erunt
3214 4925 3287 4979 dii
3321 4926 3417 4980 alii

1850 5020 2045 5082 praeter
2099 5028 2208 5080 me,
2243 5034 2263 5065 ι
2307 5024 2362 5069 et
2407 5015 2511 5068 alia
2559 5018 2751 5068 multa.
2785 5016 3092 5084 Aliquando
3131 5025 3310 5071 autem
3360 5018 3416 5072 in

1852 5102 2046 5171 plurali
2097 5118 2329 5158 numero
2360 5103 2590 5173 loquens
2643 5120 2929 5159 numerum
2962 5104 3249 5160 Trinitatis
3289 5121 3416 5175 per-

1850 5210 2107 5249 sonarum
2138 5196 2373 5267 ﬁgurare
2409 5196 2644 5263 videtur,
2690 5208 2750 5252 ut
2787 5215 2911 5254 cum
2934 5200 3067 5255 dicit
3096 5217 3111 5255 :
3141 5218 3160 5251 ι
3199 5199 3414 5266 Venite,

1848 5284 2243 5338 descendamus
2288 5292 2343 5339 et
2371 5284 2776 5341 confundamus
2805 5287 3019 5358 linguas
3045 5303 3258 5355 eorum,
3295 5309 3315 5341 ι
3359 5301 3415 5343 et

1850 5376 2072 5429 verbum
2106 5378 2172 5430 de
2206 5391 2319 5445 quo
2365 5376 2567 5445 agitur.
2602 5378 2703 5432 Hie
2729 5379 2875 5433 enim
2918 5394 3043 5433 eum
3091 5380 3417 5434 rationabile

1852 5465 2052 5519 animal
2077 5475 2318 5521 creasset
2337 5466 2500 5533 Deus,
2524 5468 2667 5536 quod
2690 5476 2743 5523 et
2765 5479 3130 5523 renovaturus
3156 5477 3274 5523 erat
3296 5480 3419 5538 post

1854 5558 2051 5613 multas
2100 5560 2496 5628 generationes,
2540 5562 2595 5614 in
2646 5562 2865 5615 nomine
2899 5573 3103 5617 sancta:
3131 5562 3416 5616 Trinitatis

1687 5666 1917 5721 ὒΟΤᾸΕ.

254 5768 371 5835 (49)
402 5764 523 5819 llaec
564 5764 820 5835 qumstio,
863 5778 984 5831 qua:
1017 5779 1081 5815 ex
1115 5760 1458 5835 Theodoreto
1483 5778 1535 5832 q.
1584 5762 1649 5815 i9
1693 5762 1745 5814 in
1784 5760 1979 5816 (Senes.
2018 5776 2070 5830 p.
2131 5761 2232 5816 1οὶ
2271 5762 2551 5832 desumpta
2584 5775 2690 5830 est,
2725 5766 2873 5819 deest
2898 5766 2949 5819 in
2975 5765 3219 5819 Coisl.et
3245 5764 3413 5818 Taur.

172 5834 342 5906 Quod
367 5846 419 5891 (ιί
440 5837 507 5890 dc
542 5834 752 5888 duabus
778 5835 1133 5901 sequentibus
1164 5834 1323 5888 valet.

532 5931 803 5990 ΡΑτιιοι..
853 5931 967 5990 Gn.
1008 5928 1109 5989 Cl.

3028 5922 3095 5981 .i't
