4162 6442
763 393 898 456 1059

1848 388 2108 450 PHOTII
2143 388 2416 451 PATRIA
2426 391 2645 452 RCHIE
2677 393 2785 453 CP.

3858 395 3993 462 1060

755 507 1051 562 conﬁciens
1104 503 1514 560 sanctissimum
1569 503 1873 574 baptisma,
1919 508 2312 576 generationem

2425 507 2670 578 ψομένην
2714 509 2896 578 φύσιν,
2949 510 3362 579 αἰνιγματωδῶς
3427 510 3523 564 καὶ
3565 512 3629 565 τὸ
3671 515 3877 566 ταυτὸν
3914 518 4009 583 τῆς

755 611 1042 657 creaturus
1072 613 1194 670 quae
1220 599 1328 654 ista
1350 598 1612 669 mysteria
1637 598 1925 668 acciperet,
1957 600 2010 654 in
2038 602 2328 672 aenigmate

756 707 810 749 et
844 694 1105 748 unitatem
1145 691 1470 746 substantia:
1519 701 1575 746 et
1630 706 1918 745 numerum
1965 707 2326 763 personarum

755 788 1114 839 demonstrat.
1162 783 1299 838 Cum
1347 786 1492 837 enim
1533 783 1683 849 dicit,
1719 781 1870 836 Dixit
1920 783 2081 846 Deus.
2127 787 2328 841 divinae

752 889 961 934 natura:
1013 877 1466 931 communitatem
1513 875 1860 942 manifestat;
1893 877 2201 948 adiiciendo
2233 895 2326 934 au-

755 981 863 1022 tem
887 967 1168 1035 faciamus,
1198 981 1556 1036 personarum
1589 967 2044 1038 multiplicitatem
2062 970 2323 1026 declarat.

758 1061 960 1114 lterum
984 1060 1218 1114 dicendo
1263 1075 1496 1114 numero
1523 1061 1782 1129 singulari
1815 1061 2095 1132 imaginem
2126 1063 2323 1118 identi-

755 1162 920 1206 tatem
966 1161 1177 1206 natura:
1202 1152 1485 1215 exhibuit,
1519 1165 1758 1205 matram
1806 1164 1987 1209 autem
2016 1156 2324 1225 adjicienda

754 1242 1133 1313 hypostasium
1175 1241 1656 1310 multiplicitatem.
1690 1242 1886 1296 Omnia
1925 1245 2070 1298 enim
2123 1246 2324 1314 praavi-

751 1337 885 1390 dens
919 1334 1064 1390 Deus
1092 1341 1146 1388 et
1181 1332 1457 1401 Unigeniti
1494 1333 1582 1387 sui
1621 1335 2077 1402 incarnationem,
2113 1336 2324 1391 scilicet

750 1428 896 1495 quod
929 1429 1088 1481 istam
1114 1436 1368 1479 naturam
1393 1441 1460 1479 ex
1490 1425 1837 1480 sanctissima
1871 1425 2080 1495 virgine
2104 1443 2324 1483 assum-

748 1532 941 1591 pturus
961 1529 1097 1582 erat,
1125 1521 1321 1573 merito
1343 1520 1489 1573 illam
1513 1521 1882 1590 generationis
1905 1519 2320 1578 fundamentum

750 1611 959 1666 honore
990 1625 1192 1679 magno
1216 1611 1476 1681 dignatus
1498 1619 1600 1664 est.
1625 1609 1864 1665 Primum
1897 1613 2114 1681 quidem
2136 1615 2321 1670 consi-

749 1704 883 1758 lium
928 1703 1226 1757 creationis
1270 1702 1569 1771 praeposuit
1612 1710 1673 1757 ut
1726 1705 2088 1759 creandarum
2136 1721 2318 1760 rerum

749 1798 1017 1852 rationem
1056 1796 1524 1865 prrsignilicaret.
1555 1794 1751 1851 Postea
1787 1813 2147 1867 personarum
2175 1801 2318 1855 divi-

748 1890 936 1944 nitatis
981 1903 1268 1942 numerum
1318 1887 1709 1953 manifestavit,
1759 1866 1818 1943 ut
1851 1888 2118 1946 formatus
2153 1893 2318 1948 homo
2350 1866 2390 1921 Β

747 1981 1031 2050 theologia:
1073 1990 1284 2033 secreta
1328 1988 1570 2034 sumeret
1607 1991 1660 2034 et
1689 1980 1784 2049 qui
1831 1990 2021 2036 sancto
2048 1982 2320 2051 baptismo

745 2072 997 2141 dignatus
1029 2079 1132 2133 est,
1162 2069 1308 2124 clare
1350 2078 1646 2138 cognoscat
1669 2070 1814 2139 quod
1849 2072 1945 2139 qui
1979 2072 2234 2128 formavit
2265 2083 2320 2129 et

751 2162 866 2230 ipse
916 2160 1163 2224 salvavit,
1221 2169 1277 2214 et
1328 2161 1422 2229 qui
1487 2160 1717 2213 salvavit
1771 2173 1825 2214 et
1880 2163 1993 2230 ipse
2038 2162 2315 2219 formavit.

745 2252 1012 2307 Praeterea
1077 2261 1136 2306 ut
1181 2260 1377 2305 auctor
1418 2250 1766 2306 formationis
1825 2250 2024 2319 factus,
2079 2256 2319 2310 ostendit

748 2349 1072 2400 immensum
1123 2359 1247 2414 erga
1302 2343 1405 2398 hoc
1464 2343 1676 2412 plasma
1730 2357 2012 2411 amorem;
2069 2348 2164 2400 sed
2217 2363 2319 2403 nec

741 2454 942 2492 manus
993 2437 1192 2490 habere
1240 2433 1586 2490 Divinitatem
1617 2435 1890 2499 dicimus,
1935 2451 2035 2490 nec
2084 2438 2316 2494 consilio

743 2533 1003 2600 quodatn,
1029 2529 1110 2583 vel
1138 2528 1460 2599 praevisione
1484 2529 1749 2599 indigere,
1770 2540 1850 2592 ut,
1870 2531 2170 2585 secundum
2191 2531 2316 2586 Pla-

747 2623 890 2676 tonis
920 2621 1105 2684 verba,
1148 2621 1215 2674 ad
1256 2620 1544 2688 cogitatam
1585 2619 1814 2673 formam
1840 2617 2108 2676 facturam
2158 2637 2313 2676 suam

740 2720 1076 2781 praepararet
1109 2728 1120 2762 :
1155 2709 1249 2764 sed
1277 2710 1508 2764 istorum
1529 2711 1960 2780 unumquodque
1983 2711 2310 2768 immensam

739 2802 837 2857 Dei
874 2818 1003 2870 erga
1031 2810 1316 2855 creaturas
1348 2799 1774 2855 sollicitudinem
1805 2801 2166 2858 demonstrat.

1228 2890 1557 2957 QUASSTIO
1594 2893 1825 2948 CCLlll.

917 2987 1057 3051 Quid
1097 2984 1354 3054 signiﬁcet
1390 2998 1408 3035 :
1445 3002 1463 3035 ι
1493 2984 1575 3036 Ad
1607 2984 1886 3054 imaginem
1913 3003 1931 3036 ι
1967 2983 2081 3054 (50)
2110 2985 2134 3038 ?

2429 601 2617 662 ούσίας
2655 586 2857 654 καὶτὸν
2882 602 2991 654 τῶν
3016 601 3321 673 προσώπων
3343 603 3730 672 παρεδήλωσεν
3753 605 4005 675 ἀριθμόν⁸

2426 694 2515 748 διὰ
2566 695 2666 764 μὲν
2705 697 2813 766 γὰρ
2841 695 2937 750 τοῦ
2981 699 3176 760 είπείν,
3217 693 3405 751 Εἶπεν
3444 702 3476 752 ό
3507 699 3647 761 Θεὸς
3672 737 3687 760 ,
3723 699 3786 750 τὸ
3835 699 4010 749 κοινὸν

2425 789 2528 856 τῆς
2558 787 2710 850 θείας
2741 788 3010 857 δεδήλωκε
3034 787 3270 857 φύσεως·
3306 789 3604 855 ἐπαγαγὼν
3627 789 3687 840 δὲ
3715 789 3801 850 τὸ,
3831 788 4008 852 [Ioni-

2427 896 2665 948 σωμεν,
2703 879 2933 949 ἐνέφηνε
2973 880 3082 934 τῶν
3116 879 3426 950 προσώπων
3457 882 3550 932 τὸν
3580 879 3820 948 ἀριθμόν
3855 895 3873 910 ·
3913 882 4008 931 πᾶ-

2427 971 2510 1023 λιν
2565 969 2735 1023 είπὼν
2784 970 2979 1033 ἑνικῶς
3029 972 3234 1025 είκόνα
3284 972 3347 1023 τὸ
3386 972 3582 1025 ταυτὸν
3636 972 3739 1040 τῆς
3790 972 4006 1037 φύσεως

2426 1061 2626 1124 ἔδειξεν
2654 1079 2667 1092 σ
2710 1061 3004 1129 ἡμετέραν
3044 1063 3102 1115 δὲ
3149 1062 3430 1132 προσθεὶς,
3475 1063 3569 1115 τὸν
3609 1062 3720 1115 τῶν
3765 1063 4007 1115 (amnti-

2427 1171 2567 1208 σεων
2609 1155 2844 1226 ἀριθμόν
2878 1171 2893 1186 ⁸
2954 1154 3173 1208 ἅπαντα
3211 1158 3320 1224 γὰρ
3350 1156 3600 1226 προορῶν
3624 1159 3652 1209 ὁ
3678 1156 3790 1208 τῶν
3832 1157 4006 1208 ἀπὰνο

2424 1268 2532 1303 των
2558 1251 2690 1313 Θεὸς
2718 1253 2811 1304 καὶ
2840 1250 2940 1321 τὴν
2963 1250 3059 1303 τοῦ
3089 1247 3428 1315 Μονογενοῦς
3454 1247 3897 1316 ὲνανθρώπησιν,
3935 1248 4006 1309 ὡς

2423 1343 2631 1413 ταύτην
2658 1344 2758 1414 τὴν
2797 1344 2960 1412 φύσιν
2989 1345 3057 1395 ὲκ
3085 1342 3362 1408 πανάγνου
3391 1340 3489 1409 τῆς
3526 1340 3807 1410 Παρθένου
3843 1341 4004 1407 λήψε-

2424 1453 2537 1497 ται,
2597 1435 2740 1503 μάλα
2789 1435 3017 1498 είκότως
3066 1435 3161 1486 καὶ
3184 1433 3356 1503 αὐτὴν
3382 1431 3475 1484 τοῦ
3519 1433 3712 1500 γένους
3747 1433 3850 1501 τὴν
3883 1448 4007 1500 κρηο

2423 1527 2550 1579 πῖδα
2579 1525 2744 1596 τιμῆς
2791 1527 3053 1597 μεγίστης
3081 1525 3304 1595 ἠξίωσε.
3349 1524 3574 1593 Πρῶτον
3599 1525 3698 1594 μὲν
3729 1523 3842 1594 γὰρ
3884 1523 4004 1591 βου-

2421 1617 2521 1686 λὴν
2550 1618 2649 1687 τῆς
2695 1617 3053 1689 δημιουργίας
3097 1616 3420 1688 προέταξεν,
3471 1617 3559 1669 ἵνα
3611 1615 3706 1668 τοῦ
3739 1617 4004 1685 δημιουρ·

2420 1708 2690 1777 γουμένου
2725 1709 2788 1761 τὸ
2835 1708 3050 1776 λογικὸν
3091 1707 3421 1779 προσημάνῃ
3461 1724 3476 1739 ·
3501 1704 3620 1760 εἶτα
3667 1706 3782 1759 τῶν
3826 1721 3999 1776 προσ-

2420 1800 2585 1853 ώπων
2611 1800 2712 1870 τῆς
2744 1799 3009 1871 Θεότητος
3040 1801 3392 1872 παρεδήλωσε
3421 1800 3514 1853 τὸν
3547 1801 3806 1871 ἀριθμὸν,
3832 1801 3922 1852 ἵνα
3943 1802 4005 1851 τὰ

2417 1891 2516 1958 τῆς
2547 1889 2828 1959 θεολογίας
2876 1892 2906 1944 ό
2938 1891 3311 1961 πλαττόμενος
3344 1893 3632 1962 ἄνθρωπος
3670 1892 3818 1963 λάϐῃ
3866 1893 4003 1944 divi-

2417 1997 2625 2050 γματα,
2667 1983 2758 2036 καὶ
2790 1984 2819 2036 ὁ
2859 1982 2954 2036 τοῦ
2982 1985 3250 2052 παναγίου
3281 1983 3655 2054 βαπτίσματος
3677 1984 4003 2055 ἀξιούμενος

2415 2072 2664 2145 γινώσκῃ
2692 2075 2880 2144 σαφῶς
2912 2076 2995 2128 ὅτι
3020 2078 3059 2150 ὁ,
3073 2076 3286 2139 πλάσας
3312 2076 3410 2130 καὶ
3439 2076 3689 2142 διέσωσε,
3715 2078 3814 2130 καὶ
3844 2079 3874 2128 ὁ
3904 2076 4003 2128 σώ-

2416 2183 2515 2229 σας
2544 2168 2704 2231 αύτὸς
2731 2169 2826 2222 καὶ
2851 2169 3106 2222 διέπλασε
3133 2184 3151 2200 ’
3179 2170 3315 2239 πρὸς
3333 2169 3388 2223 δὲ
3410 2168 3617 2231 τούτοις
3645 2170 3743 2222 καὶ
3773 2163 3889 2222 οἷον
3909 2170 4001 2220 αὺ-

2414 2277 2507 2313 του
2516 2261 2643 2331 ργδς
2665 2261 2766 2332 τῆς
2780 2262 3122 2326 διαπλάσεως
3137 2262 3451 2333 γενόμενος,
3470 2261 3637 2326 ἔδειξε
3661 2261 3765 2331 τὴν
3781 2260 4000 2314 πλείονι

2419 2353 2550 2424 περὶ
2572 2354 2694 2407 τόδε
2717 2355 2780 2406 τὸ
2810 2355 3037 2424 πλάσμα
3067 2354 3454 2424 φιλοστοργίαν
3471 2371 3488 2386 ο
3515 2355 3632 2407 ἀλλ’
3655 2355 3787 2407 οὔτε
3809 2357 4000 2424 χεῖρας

2417 2447 2563 2516 ἔχειν
2585 2447 2646 2500 τὸ
2680 2447 2833 2500 Θεῖόν
2877 2464 3060 2518 φαμεν
3094 2447 3219 2502 οὔτε
3252 2448 3460 2502 δεῖσθαι
3487 2448 3686 2519 βουλῆς
3731 2465 3882 2511 τινος
3911 2450 4000 2501 καὶ

2415 2537 2780 2608 προθεωρίας,
2813 2538 2900 2592 ίνα
2952 2540 3096 2592 κατὰ
3125 2539 3250 2601 τοὺς
3285 2539 3568 2601 Πλάτωνος
3602 2539 3811 2608 μύθους
3866 2539 4000 2608 πρὸς

2411 2630 2512 2698 τὴν
2537 2630 2637 2700 τῆς
2662 2630 3014 2702 ἐνθυμήσεως
3062 2631 3207 2684 ίδὲαν
3238 2632 3626 2702 κατασκευάσῃ
3656 2634 3720 2684 τὸ
3747 2632 3966 2702 ποίημα
3983 2646 3996 2658 ·

2417 2721 2554 2774 ἀλλὰ
2583 2723 2680 2775 καὶ
2705 2723 2912 2776 τούτων
2950 2724 3178 2777 ἕκαστον
3203 2724 3305 2792 τήν
3331 2723 3556 2777 πλείονα
3585 2723 3682 2778 τοῦ
3701 2722 3844 2777 Θεοῦ
3871 2723 4001 2791 περὶ

2415 2811 2477 2863 τὸ
2513 2809 2651 2876 ζῶον
2675 2813 3002 2884 κηδεμονίαν
3023 2813 3193 2882 δηλοι.

2933 2908 3272 2962 ΕΡΩΤΗΣΙΣ
3303 2908 3470 2962 ΣΝΓ.

2775 2999 2836 3051 Τί
2865 2997 2997 3051 ἐστι
3031 2997 3100 3050 τό
3132 3015 3152 3050 ι
3188 2999 3329 3052 Κατ’
3361 2998 3565 3052 είκόνα
3586 3014 3637 3062 ;r

1811 3077 1955 3128 Edita
1976 3092 2004 3128 a
2030 3080 2156 3130 Maio
2190 3081 2248 3140 (Ι.
2281 3094 2326 3132 c.
2352 3096 2400 3146 p.
2429 3085 2536 3148 119,
2567 3088 2669 3148 121,
2700 3102 2750 3151 q.
2774 3091 2908 3152 351).

802 3167 1042 3236 Quidam
1069 3181 1136 3221 ad
1167 3166 1599 3221 invisibilitatem
1640 3166 1835 3219 anima:
1859 3164 2048 3220 referri
2075 3167 2205 3221 illud
2237 3169 2307 3221 ad

2479 3175 2638 3238 Τινὲς
2673 3177 2736 3230 τὸ
2759 3177 2989 3250 ἀόρατον
3015 3178 3118 3247 τῆς
3143 3178 3325 3249 ψυχῆς
3350 3179 3413 3232 τδ
3439 3181 3568 3233 κατ’
3601 3181 3814 3233 εικόνα
3849 3180 3998 3248 εῖρῆο

740 3261 1024 3329 imaginem
1063 3258 1358 3312 dixerunt:
1385 3255 1481 3310 sed
1505 3256 1552 3311 si
1579 3255 1654 3309 ita
1690 3255 1783 3320 sit,
1820 3255 1993 3308 multo
2040 3255 2212 3324 magis
2238 3257 2307 3310 ad

742 3352 1029 3422 imaginem
1081 3358 1268 3404 essent
1315 3346 1786 3417 angelizqnidam
1848 3355 2027 3400 autem
2081 3347 2308 3401 omnino

741 3444 907 3495 stulte
970 3440 1162 3494 dicunt
1213 3439 1615 3492 humanitatem
1684 3437 1753 3491 ad
1799 3438 2092 3508 imaginem
2169 3439 2310 3493 divi-

742 3550 864 3590 nam
926 3533 1122 3589 factam
1185 3531 1376 3589 fuisse.
1465 3530 1677 3599 decepti
1741 3544 1811 3584 ex
1853 3544 1918 3583 eo
1971 3530 2116 3599 quod
2164 3545 2310 3600 stt-pe

739 3631 955 3684 dicatur
1004 3626 1058 3680 in
1099 3623 1379 3694 Scriptura
1430 3638 1589 3678 sacra
1646 3623 1714 3677 de
1749 3621 1907 3676 Deo:
1947 3621 2125 3688 Oculi,
2186 3639 2307 3678 ma-

739 3738 866 3784 nus,
917 3729 969 3775 et
1007 3719 1230 3783 similia,
1260 3732 1368 3771 non
1425 3716 1791 3785 intelligentes
1833 3717 1978 3786 quod
2017 3716 2160 3772 Deus
2206 3718 2306 3771 ho-

739 3817 915 3870 mines
971 3829 1066 3882 per
1103 3812 1242 3867 alios
1282 3811 1532 3866 homines
1593 3810 1899 3879 alloquens.
1962 3811 2301 3865 audientium

739 3906 1099 3962 imbecillitati
1142 3919 1426 3960 sermones
1449 3904 1697 3967 metitur,
1738 3913 1793 3957 et
1816 3902 1947 3972 quia
1984 3917 2080 3971 per
2111 3903 2304 3958 oculos

739 4016 838 4057 nos
857 3999 1129 4064 videmus,
1165 3997 1397 4053 visionis
1418 3996 1730 4052 facultatem
1755 3997 1810 4051 in
1849 3995 1941 4050 illo
1971 3997 2162 4051 oculos
2201 4011 2305 4050 no-

738 4095 984 4156 minavit.
1042 4095 1186 4149 sicut
1236 4103 1291 4148 et
1318 4107 1502 4159 aures,
1571 4091 1827 4146 audiendi
1853 4089 2195 4157 facultatem,
2251 4102 2307 4146 et

737 4187 993 4259 loquendi
1016 4202 1100 4242 os.
1127 4187 1381 4240 Attamen
1431 4185 1854 4240 immensitatem
1879 4182 1973 4238 Dei
1997 4190 2084 4239 ἐκ
2117 4185 2304 4239 multis

739 4281 1034 4349 Scriptura
1052 4277 1185 4332 locis
1214 4277 1428 4332 discere
1455 4274 1616 4330 facile
1641 4284 1741 4330 est.
1766 4275 1996 4341 Quidam
2030 4290 2161 4345 ergo
2189 4291 2307 4330 ma-

738 4370 890 4438 gistri
908 4371 980 4424 ita
1009 4369 1374 4435 intelligehant
1403 4366 1558 4433 illud,
1590 4385 1607 4418 ι
1632 4369 1700 4421 ad
1719 4367 2008 4437 imaginem
2038 4379 2091 4422 et
2107 4368 2304 4424 simlli-

739 4464 978 4517 tudinem
1007 4474 1270 4526 nostram,
1291 4461 1520 4522 scilicet,
1536 4479 1554 4512 ι
1574 4461 1721 4530 quod
1742 4475 1866 4514 cum
1887 4468 2165 4516 creaturas
2183 4476 2303 4516 sen-

2414 3282 2573 3319 κασιν
2610 3282 2626 3299 ο
2674 3268 2790 3324 ἀλλ’
2815 3269 2866 3322 εί
2915 3267 3096 3334 τοῦτο,
3133 3270 3316 3340 πολλῷ
3366 3270 3567 3341 μᾶλλον
3616 3269 3750 3324 κατ’
3792 3273 3998 3324 εἰκόνα

2413 3360 2659 3432 ὑπῆρχον
2703 3363 2772 3419 ἂν
2804 3365 2855 3417 οἱ
2891 3363 3114 3434 ἄγγελοι
3139 3381 3154 3396 ’
3193 3366 3341 3430 τινὲς
3377 3367 3435 3420 δὲ
3486 3365 3607 3420 λίαν
3653 3367 3910 3438 ἀνοήτως
3942 3367 4001 3419 τὸ

2411 3457 2748 3528 ἀνθρώπινον
2827 3463 2949 3514 κατ’
3001 3462 3187 3514 είκόνα
3247 3461 3398 3516 θείαν
3437 3461 3778 3533 γεγενῆσθαί
3811 3480 3996 3531 φασιν,

2410 3549 2788 3620 ἁπατηθὲντες
2836 3556 2900 3607 ἑκ
2944 3552 3040 3606 τοῦ
3083 3553 3264 3621 λέγειν
3291 3554 3553 3617 πολλάκις
3581 3555 3677 3608 ἰπὶ
3708 3555 3858 3608 Θεοῦ
3904 3556 3996 3624 τὴν

2412 3642 2561 3694 θείαν
2587 3642 2808 3714 Γραφὴν
2829 3643 3138 3714 ὀφθαλμοὺς
3163 3646 3260 3699 καὶ
3283 3648 3470 3715 χεῖρας
3495 3648 3588 3700 καὶ
3610 3649 3680 3701 τὰ
3709 3647 3906 3717 ὃμοια,
3928 3649 3997 3717 νὴ

2411 3735 2713 3799 συνιδόντες
2735 3736 2810 3800 ὡς
2829 3735 3141 3807 ἀνθρώποις
3179 3736 3248 3790 δι’
3272 3737 3579 3808 ἀνθρώπων
3607 3738 3996 3807 διαλεγόμενος

2407 3827 2590 3898 ό,Θεδς
2622 3831 2690 3899 τῇ
2723 3829 2832 3881 τῶν
2873 3829 3180 3881 ἀκουόντων
3217 3827 3472 3899 ἀσθενείᾳ
3502 3829 3629 3892 τοὺς
3666 3829 3871 3897 λόγους
3907 3845 3995 3898 με·

2407 3920 2529 3989 τρεῖ
2553 3933 2568 3949 ⁶
2600 3920 2696 3973 καὶ
2735 3919 2922 3991 ἐπειδὴ
2951 3920 3017 3973 δι’
3067 3919 3360 3989 ὀφθαλμῶν
3400 3920 3617 3990 ὁρῶμεν
3662 3922 3859 3990 ἡμεῖς,
3902 3922 3994 3989 τήν

2408 4012 2640 4081 ὀπτικήν
2661 4012 2826 4066 αὑτοῦ
2861 4011 3088 4083 δύναμιν
3107 4012 3418 4083 ὀφθαλμοὺς
3447 4014 3704 4082 ὀνομάζει
3739 4029 3755 4042 °
3807 4014 3993 4083 ὥσπερ

2408 4107 2502 4158 καὶ
2546 4099 2660 4160 ὦτα
2688 4105 2749 4159 τὸ
2779 4105 3103 4160 ἁκουστικόν
3127 4122 3141 4137 ·
3187 4105 3370 4160 καὶτὸ
3409 4106 3746 4176 πρόσταγμα
3776 4106 3957 4176 στόμα
3977 4120 3991 4134 ’

2409 4198 2584 4252 καίτοι
2607 4198 2674 4251 τὸ
2700 4197 3078 4270 ἀπερίγραφον
3103 4197 3198 4252 τοῦ
3233 4196 3371 4251 Θεοῦ
3403 4197 3672 4266 πολλαχοῦ
3703 4197 3814 4268 τῆς
3852 4197 3993 4268 Γρα-

2408 4291 2515 4360 φῆς
2556 4290 2705 4343 ἔστιν
2748 4289 3042 4360 ὲιιμιιιθιιῑν·
3079 4290 3224 4352 τινὲς
3271 4289 3452 4343 τοίνυν
3492 4289 3600 4343 τῶν
3646 4288 3992 4343 διδασκάλων

2407 4383 2578 4448 οὕτως
2611 4383 2840 4454 ἐνόησαν
2877 4382 2960 4446 τὸ,
2997 4385 3157 4438 «κατ’
3185 4382 3372 4436 είκόνα
3413 4383 3688 4452 ἡμετέραν
3734 4384 3838 4434 καὶ
3874 4380 3992 4433 καθ’

2406 4475 2685 4542 ὁμοίωσιν,
2710 4493 2730 4525 ι
2759 4475 2841 4528 ὅτι
2859 4475 2960 4544 τήν
2989 4476 3165 4527 κτίσιν
3187 4472 3285 4544 τὴν
3300 4473 3564 4543 αἰσθητήν
3579 4489 3641 4524 τε
3664 4473 3766 4525 καὶ
3794 4473 3990 4540 νοητὴν

736 4556 929 4610 tientes
962 4561 1017 4607 et
1043 4553 1333 4607 rationales
1367 4551 1586 4606 fecisset
1615 4550 1706 4621 qui
1741 4561 1823 4606 est
1855 4552 2098 4605 omnium
2128 4551 2295 4618 Deus,

2413 4567 2718 4638 πεποιηκὼς
2752 4568 2782 4620 ό
2813 4543 2923 4620 τῶν
2959 4567 3095 4621 ὅλων
3125 4543 3256 4630 Θεὸς
3285 4567 3378 4620 τὸν
3426 4566 3714 4638 ἄνθρωπον
3757 4568 3988 4622 διέπλαο

735 4648 1007 4703 hominem
1053 4646 1245 4700 ultimo
1309 4646 1429 4700 loco
1479 4644 1629 4706 fecit.
1679 4647 1822 4700 sicut
1885 4644 2178 4715 quamdam
2218 4647 2303 4700 sui

734 4740 907 4809 ipsius
935 4739 1226 4809 imaginem
1252 4753 1457 4808 ponens
1487 4739 1539 4790 in
1559 4737 1741 4791 medio
1774 4746 2152 4791 creaturarum
2184 4738 2305 4791 ina-

732 4837 1062 4887 nimatarum
1090 4840 1143 4885 et
1165 4830 1502 4886 sensibilium
1533 4839 1588 4883 et
1614 4829 2018 4883 rationabilium
2054 4838 2112 4883 ut
2149 4844 2305 4884 crea-

731 4937 867 4980 turae
888 4925 1141 4979 animata:
1169 4933 1223 4978 et
1247 4923 1559 4977 inanimatae
1595 4920 1666 4974 illi
1707 4923 1847 4976 sicut
1885 4922 2159 4991 quoddam
2203 4923 2300 4977 tri-

731 5022 921 5074 butum
960 5017 1246 5072 utilitatem
1275 5014 1580 5071 conferant.
1619 5015 1896 5068 Creatura
1919 5026 2098 5070 autem
2127 5016 2296 5069 ratio-

729 5113 878 5167 nales
910 5111 987 5165 illi
1017 5109 1349 5179 providendo
1377 5122 1531 5162 suam
1575 5121 1699 5177 erga
1745 5104 2006 5161 factorem
2056 5107 2296 5161 benevo—

729 5206 946 5260 lentiam
987 5204 1301 5257 ostendunt.
1355 5197 1590 5264 Quidam
1617 5209 1797 5253 autem
1833 5200 1996 5253 verba
2037 5199 2106 5252 ad
2155 5200 2295 5252 ima-

727 5299 898 5368 ginem
935 5295 1024 5350 Dei
1061 5293 1126 5347 ad
1181 5291 1468 5362 imperium
1539 5291 1743 5347 factum
1796 5292 1971 5348 fuisse
2013 5293 2291 5348 hominem

728 5388 1038 5459 signiﬁcare
1069 5385 1361 5440 dicebant:
1392 5384 1592 5451 adjecit
1626 5384 1793 5446 enim,
1832 5385 2084 5454 inquiunt
2113 5403 2126 5438 :
2174 5406 2193 5438 ι
2225 5385 2294 5441 Ει

726 5483 908 5554 pmsit
941 5480 1181 5552 piscibus
1212 5480 1401 5536 maris.
1445 5498 1462 5528 ι
1495 5489 1550 5533 et
1581 5479 1811 5549 reliqua.
1850 5479 2002 5533 Sicut
2032 5481 2177 5534 enim
2204 5480 2297 5535 ille

725 5579 887 5634 habet
910 5578 1152 5632 omnium
1217 5577 1538 5645 potentiam,
1572 5578 1646 5630 ita
1691 5584 1747 5630 et
1791 5576 1938 5630 dedit
1977 5575 2293 5649 hominibus

722 5672 777 5724 in
800 5679 1080 5728 creaturas
1111 5669 1451 5724 irrationales
1477 5669 1793 5737 potentiam.

2402 4677 2493 4712 σεν
2523 4658 2748 4729 ἔσχατον
2783 4676 2799 4691 ο
2827 4654 2935 4713 οἷόν
2975 4676 3100 4714 τινα
3127 4659 3311 4712 είκόνα
3338 4659 3503 4713 αὑτοῦ
3539 4663 3596 4713 ὲν
3630 4661 3789 4732 μέσῳ
3815 4665 3990 4717 τεθει-

2400 4752 2510 4814 κὼς
2541 4751 2652 4804 τῶν
2681 4751 2905 4821 ἀψύχων
2942 4753 3036 4805 καὶ
3065 4752 3341 4824 αἰσθητῶν
3381 4751 3477 4805 καὶ
3504 4754 3712 4820 νοητῶν
3753 4773 3769 4787 ·
3798 4755 3892 4808 ἵνα
3923 4756 3986 4807 τὰ

2402 4844 2502 4913 μὲν
2547 4844 2732 4913 ἄψυχά
2769 4859 2829 4896 τε
2857 4844 2950 4897 καὶ
2989 4843 3206 4914 ἔμψυχα
3249 4842 3423 4912 τούτῳ
3470 4847 3762 4916 προσφέρῃ
3795 4846 3986 4914 ὥσπερ

2397 4936 2521 4989 τινὰ
2564 4936 2730 5005 φόρον
2781 4935 2880 5007 τὴν
2930 4937 3116 5007 χρείαν
3138 4953 3152 4967 ο
3180 4936 3322 4988 αἰδὲ
3346 4941 3535 5005 νοηταὶ
3581 4937 3785 5002 φύσεις
3833 4941 3895 4991 ἐν
3923 4943 3982 5007 τῇ

2405 5029 2533 5100 περὶ
2579 5028 2765 5082 τοῦτον
2816 5029 3134 5099 κηδεμονίᾳ,
3181 5031 3280 5099 τήν
3319 5029 3452 5098 ’περὶ⁵
3494 5029 3589 5080 τὸν
3636 5032 3983 5100 πεποιηκότα

2404 5122 2737 5177 δεικνύουσιν
2769 5121 3002 5178 εὔνοιαν.
3039 5122 3192 5185 Τινὲς
3230 5122 3288 5175 δὲ
3335 5121 3396 5174 τὸ
3428 5121 3556 5174 κατ’
3592 5123 3810 5175 είκόνα
3849 5123 3980 5174 θεοῦ

2403 5216 2543 5270 κατὰ
2563 5218 2623 5268 τὸ
2666 5217 2892 5287 ἀρχικὸν
2928 5216 3256 5286 γεγενῆσθαι
3285 5217 3377 5270 τὸν
3405 5217 3697 5289 ἄνθρωπον
3717 5220 3934 5288 ἔφησαν
3961 5233 3975 5248 ·

2402 5311 2648 5379 ἐπήγαγε
2671 5311 2802 5382 γὰρ,
2816 5311 2976 5379 φασίν
2993 5311 3055 5377 ἐξ(
3068 5311 3175 5365 Καὶ
3197 5311 3513 5381 ἁρχέτωσαν
3528 5311 3639 5364 τῶν
3662 5310 3872 5382 ἰχθύων
3887 5311 3979 5380 τῆς

2402 5401 2696 5473 θαλάσσης,
2723 5421 2741 5453 ι
2766 5420 2820 5457 κ.
2845 5420 2895 5457 τ.
2928 5403 2978 5457 λ.
3009 5403 3221 5474 Ὥσπερ
3243 5404 3359 5473 γὰρ
3385 5402 3551 5466 αὐτὸς
3575 5402 3825 5472 ἔχειτῶν
3847 5402 3978 5457 ὅλων

2400 5492 2498 5564 τὴν
2525 5494 2858 5560 δεσποτείαν,
2895 5493 3038 5548 οὕτω
3076 5497 3172 5549 καὶ
3200 5495 3400 5548 δέδωκε
3429 5492 3508 5565 τῷ
3553 5494 3845 5566 ἀνθρώπῳ
3876 5493 3977 5548 τῶν

2400 5587 2609 5654 ἀλόγων
2632 5583 2730 5656 τὴν
2762 5583 3029 5658 ἐξουσίαν.

2224 5765 2454 5821 ΝΟΤᾸΞ.

793 5862 905 5931 (50)
929 5857 1065 5915 Cum
1092 5861 1194 5917 hac
1220 5861 1541 5930 qumstione,
1567 5874 1730 5929 quam
1749 5874 1778 5914 e
1803 5859 2142 5916 Thcodorcto
2175 5875 2232 5929 q.
2255 5859 2324 5913 20
2352 5859 2403 5914 in
2432 5857 2629 5915 Gcncs.
2666 5859 2937 5930 decerpsit
2959 5867 3172 5925 auctor,
3204 5855 3395 5913 confer
3421 5866 3617 5925 quaest.
3654 5854 3905 5910 XXXVI.
