4162 6442
228 366 346 430 ῙὈΘῙ

994 365 1092 425 ΑΙ)
1128 364 1718 426 AMPHILOCHIUM
1750 364 2093 435 ΟυιΕΞΤΙΟ
2133 365 2386 437 CCLIII,
2432 366 2663 426 CCLIV.

3304 369 3437 429 1062

292 485 437 536 Ἐστι
471 480 654 551 μέντοι
701 481 795 533 καὶ
844 478 980 534 ἄλλα
1017 481 1198 550 εὑρεῖν
1224 481 1301 542 ὡς
1339 479 1647 549 ἀρχετύπου
1691 496 1776 547 μι-
1802 486 1853 546 Α

1947 476 2177 532 Possent
2191 477 2356 532 etiam
2387 477 2616 532 inveniri
2645 477 2748 532 alia
2772 478 2928 548 quasi
2954 477 3228 549 archetypi
3253 496 3439 535 exent-

224 579 441 645 μήματα
469 589 485 605 ⁸
510 576 831 643 δημιουργεῖ
867 573 975 641 γὰρ
996 573 1089 626 καὶ
1111 571 1395 640 ἄνθρωπος
1422 573 1565 625 κατά
1600 571 1771 641 μίμη-

223 686 301 721 σιν
324 666 414 720 τοῦ
447 666 809 734 πεποιηκότος
845 663 981 716 Θεοῦ
1023 663 1115 715 καὶ
1151 664 1330 725 οἰκίας
1358 665 1454 716 καὶ
1485 663 1640 733 τείχη
1677 666 1772 717 καὶ

226 762 394 822 πόλεις
422 760 514 813 καὶ
542 759 787 828 λιμένας,
817 755 1048 829 ούρανοῦ
1078 756 1467 825 ἑκτυπὼματα,
1502 758 1595 809 καὶ
1623 756 1773 825 ἡλίου

223 853 310 906 καὶ
343 852 566 920 σελήνης
596 852 689 903 καὶ
720 849 964 918 ἀστέρων
995 848 1089 901 καὶ
1117 848 1418 919 ἀνθρώπων
1443 848 1537 902 καὶ
1564 847 1774 915 ἀλόγων

223 944 370 1009 ζώων
396 945 610 1006 εἰκόνας
646 957 661 972 ⁸
685 944 735 996 εἰ
771 942 865 996 καὶ
892 943 955 996 τὸ
983 942 1081 1011 τῆς
1110 939 1471 1010 δημιουργίας
1522 940 1776 1010 διάφορον

222 1040 419 1106 ἄφατον
438 1076 455 1100 ,
504 1036 619 1091 ἀλλ’
648 1036 797 1105 ὅμως
846 1033 1196 1105 δημιουργῶν
1241 1036 1271 1087 6
1301 1033 1588 1103 ἄνθρωπος
1634 1035 1779 1104 ἀμη-

223 1131 382 1197 γέπη,
432 1129 524 1180 τὸν
566 1130 763 1180 οἰκεῖον
815 1130 1060 1197 μιμεῖται
1120 1126 1353 1196 ποιητὴν
1399 1125 1472 1188 ὡς
1514 1124 1677 1179 εἰκὼν
1716 1127 1778 1180 τὸ

223 1221 523 1291 ἀρχέτυπον
548 1236 562 1248 ·
591 1218 686 1271 καὶ
712 1218 819 1287 γὰρ
843 1221 876 1288 ὴ
908 1216 1073 1270 εἰκὼν
1109 1217 1222 1287 ἔχει
1260 1218 1329 1270 τά
1349 1216 1445 1270 τοῦ
1471 1218 1777 1287 ἀρχετύπου

228 1317 516 1381 ἰνδάλματα
556 1329 573 1344 ·
614 1314 749 1367 ἀλλὰ
790 1313 854 1366 τὸ
912 1314 1010 1383 μὲν
1040 1314 1150 1365 τῶν
1197 1312 1403 1383 μορίων
1441 1308 1580 1377 εἶδος
1623 1315 1735 1384 εχει
1761 1356 1777 1378 ,

223 1409 321 1470 τὰς
354 1408 410 1460 δὲ
448 1405 727 1478 ἂνεργείας
756 1406 856 1457 οὐκ
900 1404 1032 1475 ἔχει’
1058 1405 1342 1475 ἱστόρηται
1368 1406 1477 1476 γὰρ
1507 1405 1683 1476 ψυχῆς
1713 1406 1780 1459 δι’

225 1494 293 1569 ἧς
314 1501 537 1552 κινεῖται
580 1499 641 1551 τδ
697 1498 890 1567 σῶμαο
934 1497 1079 1552 οὕτω
1115 1496 1277 1552 πάλιν
1316 1498 1410 1551 καὶ
1454 1496 1725 1566 βασιλεύει
1752 1498 1781 1550 6

226 1593 506 1661 ἄνθρωπος
546 1593 643 1646 καὶ
672 1592 850 1661 κρίνει
892 1590 1033 1645 κατά
1086 1592 1320 1663 μίμησιν
1363 1592 1459 1646 τοῦ
1504 1593 1614 1645 τῶν
1645 1592 1783 1645 ὅλων

226 1684 358 1739 Θεοῦ
382 1702 397 1715 ·
425 1684 541 1736 ἀλλ’
569 1684 598 1736 ό
630 1684 729 1752 μὲν
757 1685 851 1736 καὶ
891 1681 1185 1753 μαρτύρων
1207 1686 1302 1738 καὶ
1329 1684 1650 1755 κατηγόρων
1676 1685 1784 1738 δεῖο

226 1793 317 1827 ται
343 1774 440 1828 καὶ
465 1774 677 1843 μυρίων
703 1773 878 1826 ἄλλων
904 1774 963 1825 ἒν
998 1776 1062 1844 τῇ
1100 1773 1382 1843 συγκρίσει
1415 1790 1432 1805 ο
1471 1778 1499 1829 6
1527 1776 1606 1838 δὲ,
1638 1776 1784 1830 οὐδε-

1879 566 2086 636 plaria:
2121 566 2251 622 fecit
2289 566 2435 621 enim
2471 567 2654 632 homo,
2706 568 2958 636 exemplo
3014 569 3107 623 Dei
3140 573 3436 635 creatoris,

1876 667 1932 712 ct
1955 658 2146 713 domos
2170 667 2225 713 et
2262 673 2455 713 muros
2498 669 2552 713 et
2576 658 2742 714 urbes
2773 668 2829 713 et
2883 670 3094 728 portus,
3125 661 3249 715 cmli
3280 662 3438 714 simi-

1879 749 2154 811 litudines,
2182 758 2239 803 et
2259 749 2394 805 solis
2418 759 2476 804 et
2508 749 2650 804 tuna:
2675 758 2731 804 et
2766 758 3040 806 astrorum
3072 760 3127 806 et
3156 751 3440 806 hominum

1878 852 1932 897 et
1992 841 2391 897 irrationalium
2443 840 2764 896 animalium
2835 842 3121 913 imagines.
3177 842 3442 909 Quamvis

1882 932 2164 987 ineffabilia
2197 932 2267 986 sit
2289 931 2342 985 in
2364 932 2641 1002 operando
2669 931 2988 997 diil‘erentia,
3014 941 3251 985 attamen
3277 931 3443 983 homo

1883 1027 2069 1097 aliquo
2102 1024 2267 1081 modo
2297 1040 2493 1081 creans
2526 1040 2685 1080 suum
2715 1025 2974 1080 factorem
3017 1024 3261 1079 imitatur
3300 1024 3443 1078 sicut

1886 1120 2067 1189 imago
2094 1134 2254 1174 suum
2300 1118 2675 1188 archetypum.
2706 1116 2927 1173 Etenim‘
2950 1118 3127 1187 imago
3157 1118 3322 1172 habet
3348 1132 3443 1169 ar-

1885 1211 2098 1281 cbetypi
2121 1210 2501 1279 apparentias;
2531 1211 2769 1279 partium
2790 1212 3008 1279 quidem
3030 1210 3233 1264 formas
3256 1209 3441 1273 habet,

1884 1304 2142 1358 virtutem
2174 1311 2356 1357 autem
2397 1317 2504 1357 non
2529 1302 2732 1357 habet:
2767 1302 2951 1356 anima
2973 1302 3119 1356 enim
3160 1316 3268 1370 qua
3321 1314 3446 1355 sese

1886 1402 2068 1450 movet
2084 1408 2283 1461 corpus
2305 1393 2571 1463 privatur.
2603 1390 2694 1447 Sic
2718 1393 2915 1447 iterum
2958 1401 3149 1461 regnat
3200 1392 3363 1444 homo
3392 1400 3449 1443 ct

1883 1486 2092 1557 iudicat
2119 1485 2185 1540 ad
2204 1484 2564 1539 imitationem
2590 1483 2735 1539 illius
2758 1484 2853 1554 qui
2882 1493 2966 1539 est
2996 1485 3242 1539 omnium
3278 1482 3444 1538 Deus.

1888 1579 1981 1635 Ille
2008 1578 2228 1648 quidem
2285 1577 2515 1633 testibus
2568 1585 2624 1632 et
2672 1578 3087 1633 accusatoribus
3136 1577 3338 1644 indiget
3391 1585 3449 1630 et

1889 1672 2079 1727 multis
2126 1672 2249 1727 aliis
2294 1671 2360 1726 ad
2414 1669 2808 1741 iudicandum:
2867 1669 2957 1724 hic
3002 1678 3207 1731 autem,
3268 1668 3445 1723 nullo.

1892 1764 2087 1820 Omnia
2116 1764 2261 1819 enim
2294 1771 2587 1832 antequam
2623 1761 2762 1818 facta
2783 1762 2895 1817 sint
2924 1763 3231 1833 cognoscit.
3274 1761 3365 1817 Sic
3394 1774 3448 1816 et

228 1866 319 1926 νός
341 1881 356 1895 ο
385 1868 561 1918 πάντα
593 1865 691 1932 (ἀρ
728 1864 823 1917 καὶ
851 1864 980 1934 πρὶν
1023 1864 1275 1932 γενέσθαι
1299 1860 1439 1918 οἶδεν
1460 1880 1476 1896 ⁸
1525 1864 1667 1920 οὕτω
1688 1867 1783 1919 καὶ
1817 1845 1861 1903 Β

1894 1858 2056 1913 homo
2076 1857 2222 1913 Deus
2257 1857 2559 1927 appellatus
2582 1864 2687 1921 est,
2717 1859 2843 1928 quia
2894 1866 2949 1912 et
2996 1858 3173 1924 imago
3218 1865 3447 1910 vocatus

229 1958 348 2019 θεὸς
378 1960 406 2010 6
432 1957 718 2028 ἄνθρωπος
747 1956 1036 2026 ὠνομάσθη
1061 1971 1075 1985 °
1107 1956 1243 2010 διότι
1280 1959 1371 2011 καὶ
1392 1958 1554 2011 εἰκὼν
1579 1959 1781 2030 ἐκλήθη

228 2046 395 2102 Θεοῦ⁹
424 2048 517 2101 καὶ
553 2049 661 2117 γάρ
683 2050 711 2101 6
734 2047 943 2110 Παῦλός
967 2064 1131 2116 φησιν
1154 2064 1170 2078 ·
1214 2066 1233 2099 ι
1268 2048 1434 2117 Ἀνὴρ
1454 2047 1555 2101 οὐκ
1580 2048 1784 2116 ὀφείλει

233 2138 744 2195 κατακαλύπτεσθαι
776 2140 876 2208 τὴν
901 2139 1161 2209 κεφαλὴν,
1187 2138 1352 2193 εἰκὼν
1384 2141 1479 2194 καὶ
1496 2140 1620 2205 δόξα
1649 2140 1783 2194 Θεοῦ

230 2234 490 2302 ὑπάρχων
519 2248 533 2263 ⁸
570 2250 589 2285 ι
631 2232 764 2284 ἀλλὰ
806 2231 967 2285 πάλιν
998 2232 1027 2284 6
1055 2232 1153 2299 μὲν
1183 2231 1316 2294 Θεδς
1344 2234 1440 2285 καὶ
1484 2232 1584 2300 τὴν
1624 2233 1786 2300 φύσιν

231 2328 377 2381 ἐστὶν
395 2328 531 2395 ὅπερ
552 2325 794 2377 καλεῖται
817 2340 831 2355 ⁸
848 2325 877 2377 6
897 2324 953 2377 δὲ
972 2323 1254 2391 ἄνθρωπος
1276 2323 1351 2385 ὡς
1372 2324 1535 2377 εἰκὼν
1550 2322 1786 2393 τοῦνομα

233 2419 391 2488 μόνον
434 2415 543 2485 ἔχει
568 2430 584 2445 °
648 2414 809 2467 πάλιν
866 2414 1240 2483 ἀπερίγραφον
1282 2412 1486 2483 κυρίως
1539 2414 1640 2482 μὲν
1696 2415 1789 2467 καὶ

227 2512 445 2583 ἀληθῶς
471 2514 499 2564 6
533 2510 694 2572 Θεός·
731 2511 977 2580 μιμεῖται
1009 2509 1067 2562 δὲ
1098 2507 1232 2562 αὐτό
1260 2525 1378 2572 πως
1408 2509 1502 2561 καὶ
1523 2510 1552 2561 6
1578 2508 1788 2577 ἀνθρώ-

231 2622 387 2669 πινος
408 2604 664 2672 λογισμός
692 2617 707 2632 ο
735 2603 793 2655 ὲν
822 2602 1019 2670 ἀκαρεῖ
1046 2600 1155 2669 γάρ
1179 2603 1489 2673 περινοστεῖ
1506 2600 1575 2653 τά
1591 2617 1649 2652 τε
1679 2600 1791 2670 ἑῷα

229 2699 332 2753 καὶ
364 2697 430 2751 τά
468 2696 696 2763 ἑσπέρια
739 2696 835 2747 καὶ
872 2694 938 2747 τά
967 2694 1116 2748 νότια
1154 2694 1246 2747 καὶ
1272 2694 1342 2748 τά
1378 2694 1565 2764 βόρεια
1600 2694 1696 2747 καὶ
1727 2693 1792 2765 δὴ

230 2793 332 2845 καὶ
367 2790 435 2844 τά
465 2789 692 2858 οὐράνια
733 2789 826 2841 καὶ
867 2788 936 2840 τά
971 2786 1263 2855 ὑποχθόνια
1305 2802 1321 2818 ⁶
1352 2786 1467 2839 ἀλλ’
1498 2788 1527 2839 6
1573 2786 1674 2856 μὲν
1724 2789 1791 2856 τῇ

227 2882 331 2937 τοῦ
372 2879 631 2949 λογισμοῦ
672 2880 807 2950 μόνῃ
843 2878 1113 2948 φαντασίᾳ
1132 2893 1147 2909 θ
1172 2878 1304 2939 Θεὸς
1339 2878 1394 2930 δὲ
1420 2878 1513 2931 καὶ
1542 2880 1607 2947 τῇ
1636 2877 1796 2947 ούσεα

231 2974 335 3027 καὶ
360 2974 425 3041 τῇ
465 2972 627 3041 σοφίᾳ
659 2971 754 3023 καὶ
785 2972 851 3039 τῇ
891 2969 1116 3038 δυνάμει
1145 2968 1206 3021 τὸ
1231 2968 1606 3039 ἁπερίγραφον
1644 2968 1757 3037 ἔχει
1776 2982 1791 2997 ⁸

230 3062 387 3131 εὖροι
412 3060 456 3114 δ’
497 3062 564 3115 ἀν
588 3077 671 3123 τις
701 3061 793 3114 καὶ
828 3060 1019 3130 ἑτέραν
1053 3059 1284 3130 μίμησιν
1311 3058 1707 3130 ἀκριϐεστέραν
1737 3060 1795 3112 ὲν

1888 1962 1973 2005 est
1993 1950 2104 2004 Dei.
2130 1950 2335 2005 Paulus
2365 1952 2510 2006 enim
2543 1950 2677 2007 dicit
2696 1969 2742 2005 ει
2764 1951 2937 2006 Homo
2963 1965 3070 2005 non
3103 1950 3263 2005 debet
3288 1963 3451 2020 caput

1891 2051 2191 2119 cooperire.
2223 2065 2348 2105 cum
2398 2051 2472 2105 sit
2523 2050 2704 2123 imago
2730 2059 2786 2106 et
2822 2052 2997 2122 gloria
3051 2051 3142 2106 Dei
3176 2053 3239 2105 ".
3287 2071 3303 2102 ι
3342 2049 3446 2105 δραι

1891 2144 2038 2199 Deus
2075 2143 2373 2201 secundum
2418 2153 2669 2199 naturam
2700 2160 2856 2201 suam
2884 2145 2963 2201 sic
2990 2157 3248 2210 vocatur;
3284 2146 3451 2199 homo

1892 2246 2069 2291 autem
2104 2236 2249 2293 sicut
2269 2237 2449 2307 imago
2479 2252 2679 2292 nomen
2712 2247 2918 2293 tantum
2950 2239 3133 2295 habet.
3171 2240 3301 2295 Item
3328 2256 3452 2296 vere

1892 2340 1947 2383 et
1977 2330 2196 2385 realiter
2236 2329 2742 2399 incircumscriptus
2788 2340 2874 2387 eat
2906 2331 3048 2389 Deus
3078 2352 3091 2389 :
3124 2335 3229 2390 hoc
3268 2347 3449 2392 autem

1896 2421 2079 2489 aliquo
2099 2420 2262 2475 modo
2291 2421 2535 2476 imitatur
2560 2422 2910 2493 intelligentia
2939 2426 3176 2481 humana
3200 2447 3215 2494 ;
3243 2428 3296 2482 in
3332 2446 3451 2484 mo-

1898 2522 2080 2568 mento
2103 2512 2247 2566 enim
2287 2521 2341 2567 et
2371 2513 2635 2569 orientem
2670 2524 2724 2570 et
2752 2515 3086 2572 occidentem
3115 2526 3169 2572 et
3203 2529 3451 2575 austrum

1895 2614 1949 2661 et
1979 2606 2399 2674 septentrionem
2451 2614 2507 2661 et
2536 2607 2775 2663 ctelestia
2812 2617 2867 2663 et
2921 2609 3272 2665 subterranea
3326 2628 3453 2681 per-

1897 2707 2069 2761 currit
2098 2724 2111 2760 :
2150 2702 2243 2760 sed
2270 2701 2359 2755 hic
2385 2700 2604 2771 quidem
2650 2702 2762 2758 sola
2797 2703 2991 2757 mentis
3028 2702 3453 2774 imaginatione;

1901 2795 2043 2851 Deus
2077 2804 2258 2850 autem
2292 2792 2594 2849 substantia
2625 2802 2680 2848 et
2702 2794 2966 2862 sapientia
2993 2804 3049 2847 et
3092 2797 3329 2861 potentia
3364 2795 3453 2849 in-

1899 2887 2349 2956 circumscriptus
2400 2894 2503 2941 est.
2567 2884 2798 2940 lnveniri
2844 2885 3008 2939 etiam
3068 2894 3245 2955 potest
3310 2886 3456 2940 aliud

1902 2979 2213 3049 exemplum
2241 2978 2375 3032 satis
2390 2976 2688 3047 perfectum
2720 2980 2770 3032 in
2790 2978 2970 3031 anima
2990 2977 3234 3031 hominis
3262 2994 3274 3029 :
3298 2976 3461 3031 habet

1903 3074 2047 3128 enim
2082 3074 2172 3128 illa
2207 3072 2261 3127 in
2301 3073 2477 3144 scipsa
2519 3082 2575 3128 et
2602 3072 2765 3126 vitam
2800 3071 3121 3126 rationalem
3146 3078 3201 3125 et
3245 3056 3461 3125 anima-

227 3157 306 3223 τῇ
343 3154 484 3223 ψυχῇ
527 3151 619 3205 τοῦ
652 3150 940 3219 ἀνθρώπου
976 3166 992 3182 ο
1044 3151 1158 3219 ἔχει
1208 3150 1318 3221 γάρ
1351 3151 1490 3219 αὐτὴ
1542 3151 1599 3203 ἑν
1629 3152 1793 3220 ἑαυτῇ
1825 3198 1861 3255 c

1905 3168 2008 3220 lem
2040 3184 2055 3231 ;
2083 3177 2136 3221 et
2184 3182 2340 3222 mens
2368 3166 2511 3235 parit
2536 3165 2759 3220 verbum
2795 3182 2809 3219 :
2844 3165 3010 3219 verbo
3049 3175 3230 3219 autem
3268 3175 3464 3234 praeest

230 3245 334 3298 καὶ
358 3243 419 3296 τδ
441 3243 656 3309 λογικὸν
676 3246 768 3296 καὶ
798 3243 859 3296 τὸ
880 3243 1109 3308 ζωτικόν
1135 3256 1150 3271 ·
1181 3243 1273 3295 καὶ
1300 3244 1466 3312 γεννᾷ
1498 3243 1595 3311 μὲν
1619 3243 1647 3294 6
1675 3240 1797 3305 νοῦς

1902 3258 2147 3328 spiritus.
2175 3272 2279 3312 non
2320 3265 2609 3327 generatus
2645 3258 2787 3313 sicut
2816 3257 3064 3320 verbum.
3110 3256 3204 3311 sed
3245 3271 3463 3326 semper

231 3336 332 3390 τὸν
361 3334 516 3402 λόγον
549 3352 563 3367 ·
589 3334 917 3404 συμπρόεισι
948 3334 1004 3387 δὲ
1043 3330 1122 3402 τῷ
1146 3331 1290 3403 λόγῳ
1323 3332 1561 3402 πνεῦμα,
1589 3333 1652 3386 ού
1678 3348 1801 3399 γεν-

1896 3350 2186 3405 comitans.
2226 3348 2353 3406 Haec
2374 3360 2553 3405 autem
2583 3348 2782 3405 suntin
2809 3348 3050 3414 homine,
3082 3349 3226 3404 sicut
3255 3349 3306 3401 in
3327 3349 3463 3402 ima-

235 3425 479 3496 νὼμενον
520 3425 771 3494 καθάπερ
796 3423 825 3475 6
853 3422 1006 3489 λόγος
1024 3462 1038 3486 ,
1087 3421 1585 3492 συμπαρομαρτοῦν
1608 3421 1653 3472 δ’
1689 3421 1797 3475 ἀεί.

250 3517 414 3571 Ἃ).λά
450 3517 625 3570 ταῦτα
656 3516 731 3579 ὡς
759 3518 817 3568 ὲν
856 3515 1024 3569 εἰκόνι
1065 3514 1332 3584 πρόσεστι
1369 3513 1449 3584 τῷ
1484 3512 1757 3584 ἀνθρώπῳ
1784 3528 1799 3543 ο

234 3608 323 3661 διὸ
355 3608 720 3669 ἀνυπόστατός
752 3610 867 3661 ἔστι
914 3607 1007 3659 καὶ
1044 3607 1073 3659 ό
1106 3604 1263 3673 λόγος
1300 3606 1395 3657 καὶ
1440 3604 1501 3657 τὸ
1545 3603 1761 3673 πνεῦμα
1782 3618 1799 3634 ⁸

236 3698 339 3753 ἐπὶ
383 3699 441 3754 δὲ
471 3699 572 3768 τῆς
611 3699 771 3767 ἁγίας
797 3698 1045 3777 Τριάδοςν
1068 3699 1221 3768 τρεῖς
1254 3697 1486 3767 νοοῦμεν
1531 3696 1629 3758 τάς
1666 3696 1801 3750 ὑπο-

239 3790 463 3853 στάσεις
502 3793 593 3843 καὶ
622 3789 942 3861 ἀσυγχύτως
976 3790 1260 3862 ήνωμένας
1303 3789 1398 3843 καὶ
1434 3788 1558 3842 καθ’
1599 3787 1800 3852 ἑαυτάς

238 3880 582 3950 ὑφεστώσας.

746 3994 1077 4049 ΕΡΩΤΗΣΙΣ
1124 3993 1291 4047 ΣΝΔν.

248 4090 311 4141 Ἀ
322 4088 504 4153 τιτθὸν
524 4086 631 4140 τόν
659 4087 807 4141 Θεὸν
834 4085 1237 4155 ὀνομάζοντες,
1282 4087 1409 4151 πῶς
1446 4086 1606 4150 αὐτῷ
1640 4102 1798 4153 περι-

308 4158 524 4212 άπτετε
542 4158 845 4225 τοσαύτην
867 4157 1230 4223 (iactamur;
1258 4158 1543 4225 Ὠμότητα
1561 4156 1669 4223 τύρ
1700 4157 1798 4209 καὶ

308 4227 606 4291 ἀπήνειαν
622 4227 684 4279 τὸ
714 4224 811 4278 διὰ
833 4225 1068 4293 βρῶσιν
1115 4224 1329 4292 ὀλίγην
1361 4227 1665 4291 τοσαύτην
1691 4226 1799 4278 ἐπ-

1899 3444 2043 3513 gine.
2114 3444 2297 3512 itaque
2355 3441 2722 3496 inconsisteus
2781 3451 2866 3496 est
2912 3442 3137 3497 verbum
3205 3442 3349 3497 sicut
3402 3450 3460 3495 et

1899 3548 2073 3589 mens.
2114 3532 2173 3588 ltt
2203 3541 2392 3589 sancta
2422 3541 2605 3587 autem
2639 3531 2902 3588 Trinitate
2932 3541 3043 3589 tres
3066 3534 3338 3589 credimus
3366 3536 3463 3604 by-

1902 3636 2148 3695 postases
2178 3633 2234 3679 et
2290 3623 2695 3680 iudivisibiliter
2725 3624 2908 3679 unitas
2938 3633 2993 3679 et
3022 3623 3075 3678 in
3106 3638 3166 3679 se
3211 3624 3457 3694 singula-

1898 3718 2030 3773 riter
2058 3716 2441 3774 subsistentes.

2378 3993 2704 4062 QUESTIO
2754 3993 2975 4050 CCLIV.

1907 4088 2111 4143 Bonum
2138 4104 2246 4142 esse
2268 4087 2434 4142 Deum
2457 4088 2839 4150 existimantes,
2876 4088 3133 4155 quomodo
3156 4089 3239 4140 illi
3258 4098 3463 4142 tantum

1976 4159 2280 4212 attribuatis
2332 4159 2707 4212 severitatem?
2733 4157 3033 4211 Crudelitas
3071 4168 3148 4211 est
3217 4161 3353 4210 enim
3415 4169 3464 4210 σοι

1977 4229 2179 4282 duritia
2208 4237 2411 4281 tantum
2457 4238 2669 4296 propter
2727 4243 2944 4293 parvam
2997 4229 3465 4281 manducatiomm

308 4295 591 4376 τηεχκεῒν.
622 4295 919 4376 translator,
954 4298 1025 4376 0}.)
1042 4295 1178 4376 τοῖς
1200 4299 1570 4376 ἡμαρτηκόσι
1588 4296 1801 4362 μόνον,

310 4366 472 4420 ἀλλὰ
500 4363 594 4418 καί
630 4364 756 4430 τοῖς
778 4364 847 4430 ἐξ
872 4364 1119 4418 ἐκείνων
1129 4366 1642 4433 βεϐλαστηκόσιν.

336 4484 480 4533 Edita
503 4499 529 4533 a
554 4483 675 4533 Ilalo
708 4482 766 4544 (l.
792 4496 836 4532 c.
896 4515 911 4529 .
934 4480 1043 4541 121,
1068 4480 1174 4541 122,
1206 4495 1257 4544 q.
1280 4480 1413 4540 253).
1433 4507 1495 4519 —-
1513 4480 1589 4532 De
1608 4494 1747 4591 p82:
1772 4481 2055 4592 gnavi???
2082 4496 2109 4531 a
2134 4481 2240 4531 Deo
2268 4483 2321 4530 in
2349 4479 2584 4531 Adamutn
2616 4486 2672 4530 et
2700 4480 2809 4539 ejus
2837 4486 3060 4543 posteros
3089 4484 3370 4532 constituta.

1744 4577 1757 4589 ο
1787 4577 1855 4598 ΙΙ..
1884 4577 1958 4604 ιν,
1994 4577 2062 4591 Ilo

318 4626 540 4697 Πρῶτον
569 4628 835 4697 προσήκει
864 4626 1152 4680 πεπεῖσθαι
1187 4628 1314 4689 τοὺς
1338 4627 1581 4680 εὐσεϐεῖν
1605 4643 1802 4698 προαι-
1835 4629 1861 4682 ῐ

1976 4624 2161 4680 Primo
2188 4624 2782 4695 convenitpersuasum
2808 4639 2929 4680 esse
2977 4625 3084 4679 illis
3128 4625 3222 4692 qui
3276 4625 3459 4694 pietati

238 4716 540 4789 ρουμένους
570 4716 642 4779 ὠ,
699 4718 805 4769 πᾶν
827 4714 1005 4769 ὁτιοῦν
1062 4714 1165 4767 ὑπὸ
1202 4714 1296 4767 τοῦ
1357 4714 1491 4767 Θεοῦ
1522 4715 1629 4768 τῶν
1674 4714 1811 4768 ὅλων

1908 4716 2149 4772 colenda
2202 4715 2445 4781 student,
2502 4713 2648 4782 quod
2693 4715 3055 4783 quodcunque
3087 4714 3157 4768 ab
3210 4715 3464 4784 omnipo-

234 4808 529 4877 γινόμενον
569 4808 601 4872 ἢ
628 4808 979 4876 κελευόμενον
1028 4806 1123 4860 καὶ
1160 4807 1304 4861 ὅσιον
1354 4807 1450 4860 καὶ
1472 4806 1680 4861 δίκαιον
1717 4806 1813 4859 καὶ

1910 4817 2056 4862 tente
2078 4806 2189 4861 Deo
2213 4805 2414 4861 factum
2449 4806 2532 4861 vel
2558 4806 2869 4860 mandatum
2899 4805 2992 4869 sit,
3039 4813 3094 4859 et
3125 4816 3373 4860 sanctum
3410 4816 3467 4860 et

236 4898 450 4966 ἀγαθὸν
475 4901 569 4951 καὶ
586 4896 966 4967 φιλάνθρωπον
994 4913 1010 4928 ·
1041 4895 1233 4949 ἔπειτα
1261 4896 1456 4950 εἰδέναι
1477 4896 1582 4968 χρὴ
1607 4897 1682 4961 ὡς
1703 4898 1811 4961 πᾶς

1902 4900 2107 4968 justum
2136 4907 2190 4951 et
2230 4898 2434 4959 bonum
2478 4905 2536 4952 et
2577 4896 3081 4966 philanthropicum
3106 4905 3208 4951 est.
3259 4897 3466 4952 Deinde

238 4990 412 5057 νόμος
465 4989 514 5041 εἰ
566 4989 660 5041 καὶ
723 4990 851 5059 περὶ
900 4986 1111 5058 μικρῶν
1147 5005 1308 5041 τινων
1349 4986 1675 5058 διαγορεύει.
1709 4987 1808 5057 τὴν

1907 4976 2045 5045 scito
2078 5002 2215 5057 opus
2251 4997 2335 5043 est
2367 5002 2581 5042 omnem
2615 4987 2807 5058 legem,
2842 4988 3093 5055 quamvis
3124 4989 3189 5041 de
3218 4988 3464 5043 minimis

237 5078 373 5149 ῐσην
415 5076 529 5147 ἔχει
556 5077 873 5147 δύναμιντῷ
903 5077 971 5130 τά
1004 5079 1231 5147 μέγιστα
1249 5077 1519 5131 κελεύοντι
1544 5077 1804 5149 δρᾷν,καὶ

1911 5080 2074 5135 rebus
2091 5087 2309 5139 statuat.
2340 5080 2601 5148 :equalem
2624 5077 2825 5134 habere
2858 5079 3112 5133 virtutem
3139 5094 3203 5134 ac
3228 5080 3315 5134 illa
3342 5096 3465 5149 qute

232 5169 609 5235 διαφερόντως
643 5169 773 5221 ὅταν
816 5168 957 5233 θεῖος
995 5167 1084 5242 ᾗό
1130 5170 1292 5239 νόμος
1334 5187 1348 5201 ·
1381 5169 1575 5222 αὐτίκα
1615 5167 1747 5235 γοῦν
1776 5169 1806 5220 6

1910 5172 2145 5226 maxima
2176 5169 2549 5241 facerejubet.
2601 5179 2656 5226 et
2682 5172 2985 5226 eminettter
3017 5173 3238 5241 quando
3285 5173 3464 5242 agitur

233 5258 666 5328 περιτέμνεσθαι
712 5259 947 5311 κελεύων
977 5298 992 5321 ,
1044 5258 1299 5328 οὐδεμίαν
1340 5258 1807 5328 παραδαινόμενος

1902 5262 1969 5315 de
1994 5262 2107 5330 lege
2131 5261 2332 5315 divina.
2390 5261 2473 5315 Sit
2502 5262 2555 5315 in
2594 5262 2899 5332 exemplum
2950 5262 3031 5317 lex
3063 5277 3185 5332 qute
3228 5264 3466 5315 circum-

238 5345 327 5415 τῷ
363 5345 531 5409 πέλας
560 5346 911 5416 ἐξεργάζεται
940 5346 1141 5417 βλάϐην
1168 5362 1185 5379 ο
1225 5347 1339 5401 ἀλλ’
1397 5348 1545 5417 ὅμως
1581 5348 1609 5399 ό
1643 5363 1804 5415 νομο-

1902 5349 2008 5404 cidi
2041 5364 2229 5403 omnes
2262 5349 2434 5416 jubet,
2470 5364 2635 5418 quam
2665 5351 2709 5405 si
2730 5350 3245 5419 quistransgressns
3275 5348 3460 5413 fuerit,

232 5436 409 5505 θέτης
436 5437 619 5505 φησὶν,
642 5438 796 5491 «Ὀτι
824 5439 932 5501 πᾶς
952 5437 1127 5507 ἄρσην
1153 5438 1520 5508 ἀπερίτμητος
1540 5436 1597 5499 δς
1626 5437 1686 5487 ού
1710 5452 1809 5487 πε-

1905 5440 2108 5495 nullam
2136 5440 2383 5507 proximo
2412 5440 2766 5495 oﬂ‘ensionem
2793 5451 3003 5503 causat,
3030 5448 3264 5494 attamen
3298 5441 3463 5511 legis--

234 5528 729 5599 ριτμηθησεταιτῇ
755 5530 941 5601 ἡμέρᾳ
965 5533 1031 5600 τῇ
1046 5530 1229 5601 ὀγδόῃ,
1252 5529 1757 5600 ὲξολοθρευθὴσεται
1790 5543 1805 5560 ο
1907 5529 2041 5582 lator
2067 5530 2199 5582 dixit
2231 5547 2243 5582 :

312 5639 363 5671 ³³
388 5639 407 5693 1
437 5640 561 5693 Cor.
600 5656 678 5706 XI,
711 5640 763 5695 7.

1980 4300 2171 4367 inferre
2195 4313 2422 4357 umnam.
2475 4314 2577 4349 non
2625 4298 2793 4367 solum
2828 4297 2959 4367 illis
2987 4298 3077 4366 qui
3102 4308 3465 4365 peccaverunt,

1982 4365 2073 4421 sed
2102 4378 2152 4421 et
2175 4367 2387 4420 illorum
2412 4368 2711 4435 posteritati
2738 4365 2868 4435 (Si).

2316 5548 2332 5579 ι
2363 5529 2515 5594 Quod
2544 5544 2706 5583 omne
2749 5531 3113 5585 masculinum
3168 5531 3465 5586 incircum-

1778 5705 1934 5763 OTE
1945 5748 1957 5760 .

1778 5708 1957 5763 ΟΤΛΞ.

312 5801 431 5871 (εει)
469 5800 789 5858 Theodoreti
818 5812 943 5858 sunt
972 5803 1082 5860 fere
1110 5806 1288 5860 omnia
1324 5806 1397 5876 (q.
1426 5806 1490 5859 57
1513 5804 1564 5859 in
1596 5708 1789 5859 Genet.
1829 5818 1878 5871 p.
1912 5802 2050 5867 151).
