4162 6442
745 371 881 434 1063

1850 365 2108 430 PIIOTll
2159 370 2661 430 PATRIARClI/E
2689 371 2799 433 Cl’.

3861 373 3996 437 1064

741 493 916 545 cisum
946 486 1089 558 quod
1119 502 1227 542 non
1254 485 1641 541 circumcisum
1686 486 1848 540 fuerit
1872 488 1956 540 die
1981 497 2195 550 octava,
2229 504 2307 540 εχ·

2431 488 2524 539 καὶ
2549 488 2616 556 ἢν
2655 486 2822 556 ῶρισε
2852 489 2964 550 τοῖς
2995 486 3340 556 ἀνδροφόνοις
3363 486 3458 542 καὶ
3487 492 3694 558 μοιχοῖς
3711 491 4010 562 τιμωρίαν,

745 581 1142 643 terminabitnr,
1168 590 1220 633 et
1249 596 1413 648 quam
1437 581 1628 634 statuit
1661 581 1946 634 homicidis
1975 590 2028 633 ct
2059 581 2321 634 adulteris

745 690 983 744 pugnam,
1015 673 1257 726 eamdem
1289 672 1394 724 illis
1428 673 1579 736 ponit
1610 672 1675 725 “.
1707 692 1726 724 ι
1785 671 1842 726 Si
1870 681 2049 726 autem
2081 672 2320 728 Marcion

749 776 804 819 et
821 765 1061 844 ejusdem
1085 763 1375 830 impietatis
1398 762 1913 832 asseclzepropterca
1934 764 2236 832 prarscrtim
2269 774 2325 816 et

751 856 915 921 legem
952 863 1005 908 et
1027 854 1407 923 Legislatorem
1437 853 1614 922 ipsum
1647 854 1994 924 redarguunt,
2029 853 2323 920 Evangelia

745 949 931 1015 lingua
955 963 1140 1001 eorum
1172 948 1577 1016 comprimenda
1627 958 1728 1002 est.
1787 965 1806 999 ι
1839 948 1937 1014 Qui
1970 950 2112 1002 enim
2143 959 2322 1002 mente

749 1041 948 1093 lasciVa
979 1040 1262 1093 mulierem
1295 1039 1490 1094 viderit
1531 1041 1673 1095 sicut
1703 1040 1912 1094 adulter
1941 1039 2010 1094 ab
2053 1041 2146 1093 illo
2170 1041 2319 1107 judi-

745 1142 898 1182 ratur
924 1131 964 1160 ¹⁸
985 1147 1030 1194 ;ι
1051 1140 1124 1192 et,
1149 1129 1424 1194 «Quidicit
1456 1129 1606 1182 fratri
1621 1146 1740 1193 suo,
1769 1129 1932 1191 Raea,
1949 1145 2073 1184 reus
2087 1140 2172 1183 est
2196 1145 2324 1184 con-

747 1221 904 1282 t-ilio;
941 1230 994 1272 et
1021 1221 1117 1288 qui
1161 1228 1365 1273 temere
1397 1220 1676 1283 irascitur,
1703 1236 1831 1273 reus
1857 1220 1960 1273 erit
1983 1220 2222 1286 judicio;
2265 1229 2322 1272 et

746 1313 838 1376 qui
904 1311 1051 1364 illum
1110 1310 1318 1364 fatuum
1376 1312 1673 1373 vocaverit,
1722 1327 1848 1364 rcus
1893 1312 1999 1364 erit
2055 1312 2319 1378 gehenna:

750 1404 889 1471 ignis
913 1404 974 1453 “.
1008 1421 1026 1452 ι
1069 1401 1298 1466 Quidam
1328 1401 1474 1455 hunc
1507 1401 1728 1471 quidem
1767 1403 1969 1455 bonum
2011 1402 2310 1471 appellant,

747 1495 1016 1548 crudelem
1078 1503 1258 1547 autem
1307 1492 1516 1548 Veteris
1555 1492 1887 1548 Testamenti
1928 1494 2313 1560 legislatorem.

748 1585 872 1641 llaec
906 1596 1085 1640 autem
1118 1585 1236 1639 istis
1282 1587 1582 1657 secundum
1614 1587 1827 1639 illorum
1870 1601 2182 1640 mensuram
2213 1587 2316 1640 du.

747 1677 889 1730 riora
919 1684 1046 1729 sunt
1073 1692 1086 1739 ;
1113 1690 1214 1730 nos
1241 1686 1506 1728 autemet
1560 1678 1659 1730 has
1703 1687 1758 1731 et
1813 1677 1929 1730 illas
1965 1677 2128 1730 unius
2171 1675 2317 1744 leges

746 1770 949 1822 scimus
969 1809 984 1833 ,
1016 1767 1370 1823 differentiam
1395 1758 1574 1821 autem
1610 1770 1723 1824 sola
1766 1767 1942 1823 ellecit
1966 1768 2312 1823 subditorum

743 1861 1000 1930 qualitas.

751 1956 948 2008 attulit.

1077 1861 1230 1917 Sicut
1287 1862 1432 1917 enhn
1511 1863 1689 1916 bonus
1739 1865 1996 1934 magister
2044 1862 2381 1934 imperfeCtis
2419 1861 2638 1932 quidem
2719 1862 3061 1934 imperfecta,

2427 578 2633 648 ταύτην
2661 578 2724 648 δὴ
2745 578 2954 641 τούτοις
2987 579 3326 649 ἐπλήρωσεν.
3357 599 3374 632 i
3419 582 3479 633 Εί
3511 582 3569 634 δὲ
3615 584 3888 650 Μαρκίων
3920 585 4010 635 καὶ

2425 673 2475 722 ot
2534 670 2635 738 τῆς
2689 672 2858 740 αὐτῆς
2906 672 3226 735 δυσσεϐείας
3283 673 3372 725 διὰ
3429 675 3600 726 ταῦτα
3641 677 3885 744 μάλιστα
3922 680 4008 728 τὸν

2425 763 2587 831 νόμον
2648 765 2743 816 καὶ
2779 763 2941 817 αὑτὸν
2981 763 3266 828 κακίζουσι
3317 766 3409 819 τὸν
3457 767 3778 836 νομοθέτην,
3805 769 3876 820 ἑκ
3916 769 4005 822 τοῦ

2427 851 2757 918 Εὑαγγελίου
2786 854 3344 922 ἐπιστομιζέσοωσαν·
3370 875 3388 906 ‹
3410 857 3468 908 ’0
3487 858 3595 925 γὰρ
3623 858 3843 923 λάγνως
3871 859 4006 926 ὁρῶν

2425 946 2657 1010 γυναῖκα
2687 944 2761 1005 ὼς
2792 945 2976 1014 μοιχὸς
2994 946 3185 1014 ἐκείνῳ
3213 948 3459 1017 κρίνεται
3480 966 3491 976 υ
3523 966 3540 996 ι
3579 949 3696 1010 καὶ,
3735 969 3754 998 ι
3779 949 3841 999 Ὁ
3869 952 4005 1018 pari

2425 1036 2597 1104 λέγων
2622 1036 2712 1089 τὸν
2755 1037 3003 1104 ἀδελφὸν,
3036 1039 3255 1108 γραφῆς
3313 1039 3615 1102 ὑπεύθυνος
3635 1057 3648 1069 ·
3679 1044 3779 1092 καὶ
3825 1045 3854 1092 ὁ
3885 1042 4003 1108 εξκῆ

2424 1128 2798 1196 ὀργιζόμενος,
2830 1129 3012 1197 ἔνοχος
3033 1131 3099 1199 τῇ
3132 1130 3310 1198 κρίσει
3336 1145 3350 1158 ·
3377 1132 3471 1182 καὶ
3497 1134 3526 1181 ὀ
3559 1131 3744 1200 μωρὸν
3799 1131 4000 1191 καλῶ-ι,

2425 1220 2573 1283 ἄξιος
2602 1220 2696 1283 τῆς
2727 1219 2948 1289 γεέννης
2975 1237 2989 1250 ·
3026 1221 3103 1271 »τί
3128 1220 3237 1288 γὰρ
3259 1221 3346 1272 τὸν
3366 1221 3464 1288 μὲν
3487 1222 3688 1286 ἀγαθὸν
3706 1222 4001 1288 ὀνομάζου-

2424 1328 2526 1369 σιν,
2555 1310 2739 1380 ἀπηνῆ
2767 1311 2822 1362 δὲ
2834 1312 2925 1362 τὸν
2943 1315 3037 1379 τῆς
3063 1313 3299 1374 Παλαιᾶς
3325 1313 3655 1382 νομοθέτην;
3690 1314 3874 1366 ταῦτα
3899 1314 4003 1380 γὰρ

2421 1403 2642 1454 ἐκείνων
2668 1403 2808 1454 κατὰ
2841 1404 2931 1454 τὸν
2963 1404 3167 1455 τούτων
3219 1406 3344 1473 ὅρον
3390 1405 3649 1475 ὠμότερα
3676 1422 3688 1433 ·
3727 1407 3894 1473 ἡμεῖς
3949 1406 4000 1456 δὲ

2422 1495 2514 1545 καὶ
2546 1494 2767 1555 τούτους
2793 1493 3077 1553 κάκείνους
3106 1495 3262 1563 ἴσμεν
3291 1499 3416 1557 τοὺς
3440 1497 3638 1563 νόμους
3666 1498 3785 1558 ἑνός
3804 1514 3818 1523 ·

2422 1583 2677 1654 διάφορον
2707 1585 2740 1654 ὴ
2769 1586 2876 1636 τῶν
2908 1585 3386 1655 νομοθετουμένων
3418 1588 3639 1651 ποιότης
3666 1588 3998 1657 εἰργάσατο-

2419 1669 2507 1726 οἷα
2537 1675 2643 1745 γὰρ
2674 1675 2831 1743 σοφὸς
2856 1675 3175 1739 διδάσκαλος
3201 1681 3312 1740 τοῖς
3347 1679 3446 1748 μὲν
3477 1680 3694 1732 ἀτελέσι
3717 1680 3786 1732 τε
3803 1680 3994 1748 ἀτελῆ,

2421 1770 2530 1830 τοῖς
2565 1767 2622 1819 δὲ
2658 1767 2884 1832 τελείοις
2913 1769 2980 1822 τὰ
3013 1769 3195 1822 τέλεια
3218 1772 3604 1841 προσενήνοχε.

3151 1865 3409 1935 perlectis
3489 1877 3670 1920 autem
3757 1869 3994 1936 perlecta

3859 1499 3921 1547 τὸ
3949 1498 3998 1547 δὲ

809 2045 889 2097 Ad
921 2046 1022 2099 hoc
1063 2055 1317 2100 autemet
1363 2046 1498 2100 illud
1526 2048 1986 2102 considerandum
2031 2057 2136 2111 est,
2173 2044 2307 2114 quod

2492 2039 2631 2108 Πρὸς
2680 2038 2738 2092 δὲ
2776 2039 2986 2104 τούτοις
3037 2042 3345 2110 σκοπητέον
3395 2045 3488 2095 καὶ⁵
3538 2044 3825 2109 τοῦτο,ὅτι
3886 2049 3994 2109 τοῖς

743 2135 849 2190 illis
893 2137 982 2202 qui
1044 2135 1201 2204 primi
1254 2136 1402 2206 leges
1448 2139 1946 2204 transgrediuntur,
1982 2139 2100 2192 sine
2149 2138 2309 2190 venia

743 2227 1059 2297 inﬂiguntur
1090 2243 1260 2296 poenae
1289 2247 1301 2281 :
1341 2230 1410 2282 ita
1441 2242 1498 2283 ut
1541 2231 1630 2283 alii
1676 2231 1952 2298 punitione
1985 2231 2098 2284 visa
2127 2241 2306 2285 trans-

742 2320 888 2387 gredi
919 2335 1027 2373 non
1057 2319 1312 2374 audeant.
1349 2321 1438 2375 Sic
1467 2323 1559 2390 qui
1591 2323 1738 2391 prius
1760 2321 1810 2374 in
1835 2321 2073 2376 Sabhato
2098 2322 2304 2390 lignum

741 2411 976 2480 collegit,
1007 2411 1074 2464 ab
1106 2413 1250 2464 omni
1270 2412 1465 2480 populo
1488 2411 1756 2482 lapidatus
1779 2423 1882 2468 est.
1914 2414 2105 2468 Postea
2125 2423 2305 2467 autem

743 2503 926 2557 multis
963 2502 1185 2557 Sabbati
1245 2504 1414 2573 legem
1483 2505 2011 2577 transgredientibus
2063 2510 2308 2578 longani-

745 2596 901 2648 initer
924 2593 1044 2648 tulit
1068 2594 1363 2662 legislator.
1394 2595 1483 2649 Sic
1506 2595 1640 2650 Cain
1672 2598 1765 2666 qui
1792 2599 2001 2666 primus
2031 2600 2304 2654 homicida

744 2688 868 2748 l'ult,
913 2687 1341 2742 inexorabilibus
1368 2690 1546 2756 pinnis
1599 2691 2002 2753 circumfertur,
2055 2692 2306 2759 quamvis

742 2789 926 2850 postea
962 2781 1116 2834 multi
1149 2781 1432 2835 homicida:
1463 2797 1650 2850 paanas
1674 2799 1782 2835 non
1813 2785 1994 2837 statim
2031 2785 2301 2838 dederint.

740 2871 1037 2942 Oportebat
1078 2885 1206 2940 ergo
1235 2871 1531 2936 Adainum,
1573 2882 1794 2940 accepta
1821 2872 1935 2942 lege
1978 2883 2032 2927 ct
2069 2874 2170 2927 hac
2198 2889 2305 2926 non

741 2977 994 3025 onerosa,
1035 2963 1302 3032 siquidem
1351 2977 1417 3015 ex
1445 2963 1594 3016 omni
1649 2979 1844 3033 genere
1890 2962 2168 3018 fructuum
2211 2966 2305 3019 de-

741 3056 891 3106 derat
922 3053 1332 3116 abundantiam,
1369 3068 1476 3105 nno
1517 3054 1859 3107 solummodo
1897 3054 2175 3124 impedito,
2207 3072 2306 3125 pro

741 3147 940 3200 delicto
991 3145 1056 3199 ad
1094 3145 1381 3198 utilitatem
1416 3146 1632 3213 generis
1657 3145 1743 3199 sui
1786 3161 1974 3215 pinnas
2030 3148 2185 3201 dare.
2246 3148 2304 3203 Si

741 3246 919 3290 autem
949 3237 1115 3289 nimia
1145 3235 1222 3287 ira
1259 3244 1589 3300 commotus,
1630 3246 1688 3290 ut
1720 3236 1856 3290 dixit
1890 3235 2129 3292 Marcion
2175 3241 2307 3293 abo-

740 3327 1036 3389 minabilis,
1078 3337 1297 3396 pr0pter
1317 3342 1533 3394 parvam
1563 3330 1949 3383 comestionem
1981 3333 2171 3385 mortis
2201 3349 2308 3400 po:-

2411 2129 2645 2198 πρώτοις
2674 2131 3071 2200 παραϐαίνουσι
3098 2135 3222 2196 τοὺς
3255 2134 3452 2202 νόμους
3478 2135 3601 2205 δίχα
3657 2137 3992 2208 συγγνώμης

2409 2219 2754 2289 ἐπιφέρονται
2787 2223 2842 2274 ai
2864 2223 3150 2292 τιμωρίαι,
3176 2224 3319 2276 ὥστε
3361 2227 3486 2289 τοὺς
3514 2228 3712 2290 ἄλλους
3750 2231 3989 2298 ὁρῶντας

2408 2311 2504 2380 τὴν
2557 2312 2774 2364 κόλασιν
2807 2313 2882 2385 μὴ
2914 2315 3275 2385 παραϐαίνειν
3311 2334 3325 2348 ⁸
3375 2317 3547 2380 οὕτως
3576 2322 3605 2373 ὀ
3662 2322 3888 2389 πρῶτος
3933 2326 3990 2376 ἐν

2409 2401 2680 2472 Σαϐϐάτῳζ
2709 2403 2840 2468 ξύλα
2887 2405 3146 2471 συλλέξας
3181 2409 3286 2461 ὑπὸ
3316 2411 3515 2474 παντὸς
3547 2412 3643 2463 τοῦ
3698 2413 3831 2466 λαοῦ
3865 2433 3988 2466 κατ-

2409 2494 2657 2564 ελεύσοη·
2685 2498 2859 2567 χρόνῳ
2882 2499 2936 2551 δὲ
2959 2499 3185 2570 ὕστερον
3207 2502 3418 2554 πολλῶν
3442 2504 3533 2555 τὸν
3554 2508 3680 2572 περὶ
3700 2507 3982 2559 Σαϐϐἀτου

2408 2585 2570 2653 νόμον
2625 2587 3116 2658 παραϐεϐηκότων,
3178 2593 3547 2662 μακροθύμως
3608 2597 3637 2646 ὁ
3689 2597 3989 2667 νομοθέτης

2407 2677 2655 2746 ἤνεγκενο
2680 2678 2821 2732 οὔτω
2851 2680 2989 2736 Κάϊν
3018 2683 3236 2752 πρῶτος
3264 2685 3532 2751 φονεύσας
3559 2688 3893 2756 ἀνηκέστοις
3917 2706 3990 2740 τιο

2409 2768 2642 2836 μωρίαις
2680 2769 3091 2838 περιϐάλλεται,
3144 2773 3352 2827 πολλῶν
3383 2777 3590 2844 φονέων
3642 2778 3877 2851 ὕστερον
3927 2783 3984 2832 οὐ

2408 2861 2723 2930 παραυτίκα
2765 2863 2966 2916 δόντων
3022 2867 3120 2930 τὰς
3146 2870 3419 2940 τιμωρίας
3452 2884 3467 2898 ⁸
3507 2871 3614 2924 ἔδει
3654 2874 3842 2924 τοίνυν
3900 2876 3989 2926 καὶ

2407 2953 2496 3004 τὸν
2547 2953 2719 3024 Ἀδὰμ
2749 2954 3041 3027 δεξάμενον
3062 2959 3152 3010 τὸν
3186 2961 3372 3028 νόμον,
3402 2963 3496 3013 καὶ
3526 2963 3690 3031 νόμον
3711 2967 3985 3032 κουφότα·

2406 3060 2499 3096 τον
2526 3045 2658 3115 (τῶν
2712 3048 3064 3101 παντοδαπῶν
3116 3049 3224 3120 γάρ
3263 3054 3488 3121 καρπῶν
3529 3054 3676 3124 αύτῴ
3730 3056 3989 3110 ἐδεδώκει

2407 3137 2505 3201 τὴν
2544 3135 2824 3204 ἀφθονίαν,
2857 3138 2974 3200 ἐνὸς
2997 3139 3054 3190 δὲ
3103 3141 3265 3208 μόνου
3321 3145 3771 3212 ἀπηγορεύκει),
3807 3148 3988 3200 δοῦναι

2407 3227 2561 3288 δίκας
2582 3226 2676 3277 τοῦ
2709 3230 3176 3300 πλημμελήματος
3201 3234 3282 3294 είς
3323 3233 3589 3304 ὠφέλειαν
3612 3237 3709 3288 τοῦ
3740 3239 3938 3305 γένους
3973 3257 3985 3266 ·

2411 3319 2456 3370 εξ
2473 3318 2528 3370 δὲ
2549 3317 2875 3390 δυσόργητος
2895 3321 2992 3388 ῶν,
3015 3324 3090 3386 ὡς
3105 3326 3133 3376 ὁ
3149 3323 3463 3395 δυσώνυμος
3479 3328 3581 3398 ἔφη
3599 3331 3842 3400 Μαρκίω
3858 3355 3896 3395 ι,
3911 3333 3993 3384 διὰ

741 3436 864 3474 nam
909 3419 1110 3483 intulit,
1142 3419 1418 3486 quomodo
1443 3420 1699 3474 omnibus
1757 3422 2073 3477 hominibus
2113 3424 2178 3475 ad
2205 3427 2305 3476 iiii-

2412 3411 2612 3479 βρῶσιν
2641 3412 2827 3481 ὀλίγην
2853 3416 2950 3484 τὴν
2971 3414 3062 3466 τοῦ
3091 3415 3322 3470 θανάτου
3377 3421 3652 3491 τιμωρίαν
3684 3425 3988 3493 ἐπήνεγκε,

739 3512 989 3584 pietatem
1022 3520 1076 3563 et
1124 3509 1443 3579 injusuitiain
1501 3511 1857 3575 irruentibus,
1915 3528 2020 3566 non
2083 3515 2305 3567 totalem

743 3607 1098 3676 perditionem
1134 3602 1403 3664 intulerit,
1431 3602 1523 3657 sed
1551 3619 1581 3657 e
1603 3611 1793 3658 contra
1818 3619 1974 3658 Suum
1994 3606 2188 3659 Filium
2214 3608 2306 3660 de-

740 3697 898 3760 derit,
930 3705 983 3750 ct
1015 3710 1108 3764 per
1137 3696 1444 3763 passionem
1503 3693 1569 3746 ad
1618 3709 1834 3748 erucem
1871 3696 2096 3748 salutem
2138 3698 2307 3750 dona-

737 3789 893 3839 verit.
951 3787 1182 3839 Evidens
1227 3795 1311 3840 est
1349 3795 1532 3838 autem
1583 3785 1688 3837 illis
1728 3785 1820 3852 qui
1880 3785 1933 3837 in
1989 3788 2304 3842 divinorum

737 3881 929 3934 notitia
958 3891 1243 3932 versantur
1269 3878 1402 3932 nihil
1443 3892 1511 3933 ex
1534 3879 1702 3931 animi
1733 3879 2096 3933 inconstantia
2128 3882 2306 3937 facere

740 3971 950 4026 Deum;
991 3971 1103 4024 haec
1135 3980 1217 4024 est
1263 3971 1407 4023 enim
1447 3971 1664 4039 prOprie
1709 3971 1892 4037 passio
1943 3971 2159 4025 illorum
2211 3975 2303 4041 qui

739 4073 988 4116 naturam
1038 4063 1350 4116 variabilem
1395 4063 1616 4127 habent,
1666 4077 1765 4114 nec
1811 4061 2055 4117 futurum
2100 4081 2305 4134 cogno-

737 4163 911 4208 scunt.
962 4153 1100 4208 Deus
1135 4165 1314 4207 autem
1354 4164 1406 4208 et
1441 4169 1561 4223 qua:
1615 4168 1723 4209 non
1767 4164 1895 4208 sunt
1924 4155 2068 4208 sicut
2097 4166 2151 4209 et
2184 4174 2305 4225 quae

739 4247 877 4297 facta
907 4257 1031 4298 sunt
1058 4245 1222 4297 videt.
1252 4244 1437 4313 Itaque
1469 4246 1771 4314 praevidens
1799 4243 1940 4297 Deus
1957 4246 2101 4313 quod
2130 4247 2301 4302 Adam

737 4336 980 4388 mortalis
1010 4335 1163 4390 lieret
1219 4347 1437 4405 propter
1484 4336 1974 4406 transgressionem
2039 4340 2299 4412 mandati,

737 4426 825 4479 tali
869 4430 1030 4480 modo
1069 4428 1214 4481 illius
1258 4438 1510 4480 naturam
1542 4430 1594 4481 in
1619 4428 1923 4483 masculum
1956 4439 2008 4481 et
2043 4429 2299 4485 feminam

734 4518 1072 4585 praeparavit.
1150 4517 1468 4572 Mor-talibus
1525 4519 1669 4572 cnim
1727 4529 1781 4573 et
1841 4521 2191 4590 generatione
2235 4524 2299 4576 ad

733 4611 946 4679 generis
971 4612 1053 4664 sui
1086 4611 1429 4663 durationem
1473 4612 1864 4679 indigentibus,
1899 4613 2024 4668 talis
2059 4621 2143 4666 est
2173 4628 2300 4667 cor-

2410 3503 2527 3565 πῶς
2543 3505 2685 3556 ἀπάν
2694 3521 2797 3557 των
2808 3506 3109 3576 ἀνθρώπων
3125 3511 3202 3571 εἰς
3222 3511 3476 3564 ἀσέϐειαν
3490 3515 3889 3577 ὲξοκειλάντων
3907 3521 3992 3569 καὶ

2411 3595 2780 3661 παρανομίαν,
2817 3597 2878 3647 οὐ
2932 3599 3306 3668 πανωλεθρίαν
3337 3603 3678 3670 ἐπήνεγκεν;
3722 3608 3865 3660 ἀλλὰ
3900 3612 3987 3659 καὶ

2409 3686 2497 3736 τὸν
2523 3686 2646 3738 Υἱὸν
2678 3688 2846 3742 ἔδωκε
2880 3690 2974 3741 καὶ
3004 3691 3102 3761 τὴν
3137 3691 3224 3744 διά
3255 3695 3347 3747 τοῦ
3383 3696 3592 3760 πάθους
3622 3699 3718 3751 καὶ
3753 3701 3988 3770 σταυροῦ

2408 3776 2719 3846 ἐδωρήσατο
2747 3781 3017 3848 σωτηρίαν
3038 3798 3052 3811 ο
3099 3781 3273 3835 καίτοι
3306 3785 3464 3853 δῆλον
3498 3791 3608 3850 τοίς
3639 3789 3710 3840 τὰ
3747 3791 3872 3842 Θεῖα
3903 3809 3992 3842 πε-

2407 3869 2789 3938 παιδευμένοις
2819 3873 2893 3935 ὡς
2908 3873 3059 3926 οὐδὲν
3089 3875 3154 3926 ἐκ
3187 3878 3559 3945 μεταμελείας
3589 3884 3791 3935 ποιεῖό
3814 3883 3950 3946 Θεὸς
3973 3900 3986 3912 ’

2408 3959 2566 4010 τοῦτο
2604 3961 2711 4029 γὰρ
2744 3961 2874 4014 ἴδιον
2905 3963 2966 4014 τὸ
3006 3965 3172 4028 πάθος
3203 3965 3310 4018 τῶν
3340 3971 3580 4039 τρεπτὴν
3622 3972 3867 4039 ἑχόντων
3893 3976 3986 4041 τὴν

2409 4050 2591 4115 φύσιν,
2619 4050 2699 4102 ἔτι
2739 4051 2793 4104 δὲ
2823 4055 2915 4104 καὶ
2941 4054 2996 4104 τὸ
3057 4054 3250 4124 μέλλον
3282 4059 3621 4124 ἀγνοούντων
3653 4065 3715 4114 ’ὁ
3748 4063 3808 4114 δὲ
3861 4065 3988 4124 θεὸς

2407 4143 2499 4192 καὶ
2530 4143 2596 4194 τὰ
2628 4147 2792 4212 μήπω
2833 4147 3172 4215 γεγενημένα
3207 4148 3280 4210 ὡς
3320 4150 3420 4220 ἤδη
3453 4154 3802 4221 γεγενημένα
3844 4158 3948 4224 ὁρᾷ
3975 4174 3986 4184 '

2407 4235 2485 4287 διὸ
2515 4235 2723 4288 καὶτὸν
2785 4238 2953 4305 ’Δδάμ
3009 4241 3272 4308 προειδὼς
3316 4243 3399 4294 ὅτι
3448 4242 3644 4313 Θνητὸς
3693 4250 3988 4318 γενήσεται

2405 4327 2501 4395 τὴν
2521 4327 2740 4397 ἐντολὴν
2763 4329 3036 4397 παραϐὰς,
3065 4337 3318 4402 τοιαύτην
3363 4334 3530 4386 αὐτοῦ
3557 4337 3656 4388 καὶ
3680 4338 3788 4408 τὴν
3823 4342 3986 4407 φύσιν

2407 4421 2484 4481 εἰς
2514 4420 2680 4490 ἄρρεν
2706 4421 2800 4472 καὶ
2829 4419 2961 4489 Οῆλυ
2989 4424 3465 4491 προκατεσκεύασε
3501 4443 3512 4455 ·
3540 4428 3650 4479 τῶν
3682 4431 3801 4500 γὰρ
3857 4433 3981 4498 Θνη-

2404 4509 2512 4561 τῶν
2547 4510 2642 4562 καὶ
2665 4511 3004 4575 παιδοποιίας
3029 4513 3294 4582 δεομένων
3321 4518 3400 4578 είς
3421 4517 3516 4587 τὴν
3527 4517 3622 4571 τοῦ
3643 4521 3850 4588 γένους
3876 4525 3983 4575 διας

2407 4602 2576 4673 μονὴν
2629 4604 2664 4669 ή
2722 4606 2942 4675 τοιαύτη
3001 4605 3109 4657 τῶν
3187 4608 3452 4675 σωμάτων
3534 4610 3838 4676 διάπλασις
3884 4631 3898 4643 ’
3954 4619 3982 4680 ἠ

732 4713 921 4766 porum
949 4698 1254 4766 dispOsitio.
1290 4697 1620 4753 Immortalis
1649 4701 1792 4753 enim
1830 4712 2018 4754 natura
2065 4717 2177 4756 non
2219 4704 2300 4756 in-

2410 4694 2513 4763 γὰρ
2537 4693 2801 4756 ἀθάνατος
2843 4695 3004 4762 φύσις
3047 4695 3108 4746 ού
3153 4696 3320 4750 δεῖται
3365 4699 3456 4752 τοῦ
3503 4701 3731 4769 Θήλεος·
3792 4707 3984 4758 τούτου

729 4791 875 4859 diget
921 4789 1156 4843 femina:
1203 4790 1366 4857 huius
1406 4807 1571 4845 causa
1599 4790 1824 4846 Creator
1851 4807 2143 4863 cOrpui-um
2182 4795 2304 4863 qui-

729 4883 848 4933 dem
889 4897 1174 4935 numerum
1217 4883 1380 4936 simul
1444 4882 1731 4950 produxit,
1797 4886 2046 4940 mortalia
2114 4897 2301 4940 autem

731 4973 982 5027 animalia
1020 4975 1187 5038 bina;
1224 4981 1279 5028 et
1329 4987 1614 5043 postquam
1643 4977 1857 5046 singula
1888 4976 2119 5032 formata
2161 4981 2300 5040 sint,

729 5063 836 5117 illis
866 5065 1293 5119 benedictionem
1314 5068 1380 5120 ad
1418 5067 1882 5135 inttltiplicnndum
1919 5071 2120 5124 intulit.

804 5156 925 5210 llaec
957 5173 1086 5226 ergo
1114 5161 1411 5226 pra-videns
1441 5159 1604 5221 Deus,
1641 5175 1745 5212 non
1785 5163 1948 5214 modo
1983 5161 2036 5216 in
2076 5178 2292 5217 mascu-

731 5251 840 5303 lum
875 5259 927 5303 et
962 5249 1218 5303 feminam
1270 5251 1545 5304 hominem
1573 5249 1720 5315 fecit,
1750 5251 1845 5305 scd
1869 5261 1921 5305 et
1961 5252 2026 5305 de
2058 5255 2291 5306 mandu-

729 5343 941 5396 cationc
969 5343 1136 5410 legem
1172 5343 1278 5395 illis
1306 5343 1471 5396 dedit.
1509 5362 1528 5393 ι
1565 5342 1700 5397 Ecce
1722 5345 1891 5405 enim,
1932 5344 2128 5413 inquit,
2170 5347 2292 5399 dedi

730 5435 882 5487 vobis
919 5449 1136 5487 omnem
1171 5434 1392 5487 herbam
1433 5435 1744 5489 all'erentem
1774 5451 1980 5500 semen,
2005 5446 2291 5500 et,c:etera.

731 5535 788 5575 ut
817 5525 924 5575 sint
955 5525 1105 5577 vobis
1127 5524 1176 5575 in
1205 5541 1382 5577 escam
1417 5525 1459 5555 ¹⁷
1485 5564 1497 5578 .
1531 5544 1547 5575 ι
1579 5527 1640 5579 Et
1663 5527 1775 5579 hinc
1796 5538 1921 5580 ante
1948 5527 2288 5582 mandatum.

2408 4786 2566 4852 χάριν
2606 4785 2634 4834 ό
2681 4785 2932 4853 Ποιητής,
2983 4785 3073 4837 τὸν
3120 4786 3217 4854 μὲν
3267 4789 3375 4839 τῶν
3421 4791 3690 4857 σωμάτων
3742 4795 3984 4866 ἀριθμου

2401 4877 2535 4946 ὁμοῦ
2561 4877 2869 4946 παρήγαγε,
2899 4877 3005 4928 τῶν
3030 4877 3086 4929 δὲ
3134 4878 3339 4946 θνητῶν
3369 4879 3521 4943 ζώων
3542 4885 3648 4935 ἀνα
3669 4885 3769 4937 δύο
3807 4904 3826 4916 ο
3869 4891 3983 4940 παῦ’

2402 4968 2633 5019 ’ἑκαστον
2691 4967 3257 5038 δημιουργησάμενος,
3282 4971 3377 5040 τῆς
3419 4973 3588 5044 αὔξης
3643 4977 3844 5042 αὐτοῖς
3891 4983 3982 5050 τὴν

2405 5057 2655 5124 εὐλογίαν
2689 5060 3085 5127 προσήνεγκεν.

2473 5151 2656 5203 Ταῦτα
2671 5155 2850 5205 τοίνυν
2881 5154 3126 5225 προορῶν
3168 5155 3196 5206 ὁ
3225 5155 3355 5220 Θεὸς
3378 5159 3440 5211 ού
3477 5160 3638 5228 μόνον
3673 5162 3762 5224 είς
3820 5165 3985 5234 ἄρσεν

2402 5244 2493 5296 καὶ
2523 5243 2654 5313 θῆλυ
2679 5245 2768 5296 τὸν
2799 5245 3085 5316 ἄνθρωπον
3105 5247 3412 5314 διέπλασεν,
3445 5251 3582 5304 ἀλλά
3604 5253 3699 5305 καὶ
3726 5254 3832 5308 τὸν
3863 5275 3984 5325 περι

2393 5335 2495 5403 τῆς
2511 5334 2764 5406 βρώσεως
2782 5337 2964 5396 αὐτοῖς
2981 5339 3142 5408 νόμον
3159 5340 3376 5413 ἔδωκεν.
3430 5361 3450 5393 ι
3485 5343 3615 5397 Ἰδοὺ
3633 5347 3773 5415 γὰρ,
3797 5351 3980 5418 φησιν,

2393 5429 2577 5483 ἔδωκα
2607 5430 2737 5497 ὑμῖν
2767 5430 2945 5484 πάντα
3003 5433 3194 5502 χόρτον
3225 5436 3494 5504 σπόριμον
3543 5443 3634 5489 καὶ
3662 5439 3802 5509 ἑξῆς
3860 5443 3984 5511 ὑμῖν

2389 5521 2602 5574 δέδωκα
2632 5522 2711 5582 εἰς
2735 5520 2970 5592 βρῶσινο
3007 5541 3026 5574 ι
3062 5524 3153 5577 καὶ
3199 5524 3373 5578 ταῦτα
3403 5528 3509 5596 πρὸ
3557 5530 3654 5596 τῆς
3699 5532 3936 5600 ἐντολῆς
3966 5548 3977 5560 -

729 5612 844 5666 Non
881 5630 1006 5682 ergo
1029 5614 1100 5666 ita
1135 5614 1292 5682 plena
1326 5625 1407 5668 est
1437 5615 1530 5668 ira:
1555 5616 1771 5684 punitio
1793 5657 1809 5681 ,
1857 5618 1948 5670 sed
1974 5629 2056 5670 cst
2103 5622 2298 5672 modus

2410 5617 2450 5666 νὺ
2473 5613 2658 5665 τοίνυν
2702 5615 2868 5684 ὀργῆς
2917 5617 2950 5686 ἡ
3001 5618 3238 5686 τιμωρία
3279 5618 3394 5670 ἀλλ’
3437 5621 3724 5689 οἰκονομία
3793 5628 3979 5693 σοφίας

803 5791 840 5818 ιδ
878 5790 1043 5842 Let'it.
1086 5805 1180 5855 xu,
1216 5792 1267 5845 5.
1349 5794 1389 5821 ⁸⁵
1434 5791 1618 5844 Matth.
1653 5793 1808 5855 v,‘28.
1857 5793 1898 5823 ¹⁶
1929 5792 2058 5846 ibid.
2084 5793 2171 5847 ‘23.

2256 5794 2294 5823 ί⁷
2328 5795 2524 5849 (lenes.
2568 5811 2608 5854 ι,
2643 5796 2730 5847 20.
