4162 6442
220 428 355 491 1065

1164 434 1261 492 ΔΙ)
1301 434 1883 496 AMl’lIlLOCHIUM
1910 436 2253 505 QUxESTIO
2288 437 2489 499 CCLV.

3336 436 3467 503 1066

219 546 389 613 μεστή
467 544 552 599 ἵνα
582 546 691 616 γὰρ
712 550 919 620 μισήσῃ
946 546 1043 617 τὴν
1066 549 1341 619 ἁμαρτίαν
1369 550 1430 601 τὸ
1454 550 1566 603 τῶν
1586 550 1786 621 ἀνθρώ-

1900 553 2093 621 agendi
2152 553 2419 622 sapientia
2466 552 2682 622 plenus.
2753 554 2821 610 Ut
2864 557 3011 610 enim
3061 564 3342 627 peccatum
3372 573 3467 610 ex-

216 653 334 688 πων
382 648 535 704 γενος
570 638 644 701 ὡς
694 640 874 693 αἰτίαν
930 639 1159 693 Θανάτου
1203 641 1594 711 γεγενημένην,
1652 643 1790 711 μετὰ

214 728 318 794 τὴν
363 726 675 796 παράϐασιν
714 729 814 798 τῆς
854 729 1075 800 ἐντολῆς
1117 731 1367 802 ἐπιφέρει
1415 731 1509 785 τοῦ
1560 734 1789 787 θανάτου

215 815 316 883 τὴν
340 815 520 886 ψῆφον
547 818 577 869 6
611 818 905 889 πάνσοφος,
939 821 1098 875 τοῦτο
1118 822 1219 892 μὲν
1244 824 1303 875 τὸ
1335 825 1463 894 περὶ
1488 824 1585 895 τὴν
1605 826 1789 897 ἁμαρ-

214 905 339 957 τίαν
364 907 753 978 μηχανώμενος
780 914 957 982 μῖσος,
993 912 1438 983 προευτρεπίζων
1456 917 1512 969 δὲ
1541 918 1619 986 τῷ
1644 918 1788 986 γένει

215 998 317 1066 τῆς
380 1001 653 1068 σωτηρίας
696 1002 756 1055 τὸ
805 1004 1116 1074 φάρμακον,
1160 1005 1260 1077 τήν
1317 1006 1414 1062 τοῦ
1454 1009 1789 1077 Μονογενοῦς

217 1087 631 1158 ὲνανθρώπησιν
656 1105 671 1121 ⁸
705 1093 771 1145 δι’
793 1088 861 1166 ἧς
883 1096 1015 1164 ήμῖν
1047 1097 1081 1165 ή
1128 1097 1193 1149 ἐκ
1230 1098 1444 1169 νεκρῶν
1493 1099 1789 1163 ἀνάστασις

218 1182 316 1233 καὶ
339 1184 656 1250 ήάθανασία
682 1186 1264 1257 διαπεπραγμάτευται
1292 1208 1308 1223 ο
1346 1190 1401 1244 τί
1447 1190 1503 1244 δὲ
1539 1191 1632 1245 καὶ
1671 1193 1783 1246 ἀπ-

215 1273 345 1340 ηνὲς
375 1277 407 1342 ή
434 1266 705 1343 ἀπόφασις
721 1277 866 1347 ἔχεις
896 1278 1004 1347 «rs,
1028 1278 1097 1345 εἴ,
1114 1281 1209 1333 καὶ
1227 1281 1307 1344 είς
1332 1281 1436 1351 γῆν
1450 1283 1783 1357 ἁπελεύσῃ..
1814 1282 1817 1285 ’

232 1364 368 1415 ’Λπὸ
401 1364 506 1431 γῆς
563 1383 644 1431 σε,
677 1369 862 1434 φησὶν,
898 1371 978 1432 εἰς
1029 1370 1237 1437 ἀμείνω
1262 1371 1441 1441 πολλῷ
1468 1372 1628 1440 φύσιν
1657 1389 1789 1441 μετ-

216 1456 490 1509 εσκεύασα
524 1473 539 1487 ο
595 1458 717 1511 ἐπεὶ
752 1459 810 1511 δὲ
864 1459 1093 1528 φυλαξαι
1143 1478 1245 1531 μου
1304 1461 1406 1532 τήν
1441 1463 1660 1534 ιντολὴν
1688 1465 1789 1517 οὐκ

213 1546 505 1616 ἠθέλησας,
560 1549 696 1619 πρὸς
734 1549 833 1621 τήν
887 1550 1163 1622 προτέραν
1196 1550 1535 1623 ὲπανελεύση
1576 1552 1739 1620 φύσιν
1770 1570 1784 1584 ο

212 1639 438 1690 ἁνθότου
460 1638 517 1690 δὲ
552 1640 646 1692 καὶ
671 1641 901 1711 σμικρὸν
918 1636 1059 1695 εἶναι
1083 1641 1233 1695 δοκεῖ
1261 1642 1324 1695 τὺ
1347 1642 1686 1714 ἁμάρτημας
1728 1642 1786 1696 '0

216 1730 321 1797 μὲν
379 1730 595 1785 πάντων
663 1732 831 1785 ἔδωκε
883 1732 983 1804 τὴν
1028 1733 1304 1797 ἐξουσίαν,
1345 1735 1463 1795 ἑνὸς
1515 1733 1571 1787 δὲ
1623 1736 1785 1804 μόνου

212 1820 477 1891 ἁπεῖρξεν
513 1835 527 1851 ·
550 1823 579 1874 ὁ
603 1821 661 1874 δὲ
687 1821 1005 1875 καταλιπὼν
1026 1823 1263 1889 ἅπαντα,
1287 1823 1475 1877 τοῦτον
1500 1824 1594 1877 καὶ
1622 1824 1785 1893 μόνον

1900 644 2240 700 liorresceret
2298 644 2578 699 hominum
2652 661 2823 716 genus
2876 658 2937 702 ut
2995 663 3218 703 causam
3275 650 3466 703 mortis

1899 737 2121 803 factum,
2153 746 2275 808 post
2307 738 2797 809 transgressionem
2846 739 3089 794 mandati
3135 740 3330 796 mortis
3374 740 3468 794 de-

1897 838 2105 883 cretum
2142 830 2234 899 qui
2265 839 2349 884 est
2378 830 2603 885 omnino
2630 831 2870 901 sapiens,
2900 832 3101 896 intulit,
3142 840 3198 886 et
3224 832 3330 884 hoc
3348 833 3470 900 qni-

1897 919 2021 975 dem
2068 921 2253 975 odium
2286 922 2496 990 peccati
2537 921 2791 986 moliens,
2830 922 3143 978 hominibus
3166 931 3348 976 autem
3376 938 3465 981 sa-

1896 1011 2125 1066 lutarem
2172 1012 2499 1067 medicinam
2546 1029 2878 1083 praeparans,
2928 1016 3155 1083 scilicet,
3189 1013 3463 1087 Unigeniti

1897 1104 1979 1158 sui
2039 1105 2489 1169 incarnationem,
2555 1121 2647 1174 per
2678 1122 2843 1177 quam
2906 1107 3065 1162 nobis
3125 1124 3192 1162 ex
3235 1110 3465 1163 mortuis

1894 1197 2225 1253 resurrectio
2272 1206 2327 1251 et
2353 1198 2737 1253 immortalitas
2793 1209 3072 1268 operatur.
3106 1199 3248 1267 Quid
3282 1212 3463 1255 autem

1894 1289 2113 1344 crudele
2136 1288 2297 1342 habet
2323 1288 2427 1342 lioc
2442 1288 2787 1343 decretiimh
2814 1288 2980 1344 Terra
3008 1308 3087 1355 es,
3112 1300 3168 1344 et
3186 1291 3240 1344 in
3266 1301 3463 1344 terram

1896 1379 2184 1435 reverteris
2215 1379 2258 1411 ¹⁸
2289 1398 2309 1431 ι
2345 1394 2376 1434 e
2397 1387 2541 1433 terra
2568 1389 2639 1440 te,
2661 1380 2860 1448 inquit,
2889 1382 2955 1435 ad
2986 1383 3160 1435 multo
3182 1382 3463 1435 meliorem

1896 1477 2147 1522 naturam
2176 1470 2499 1539 praeparavi,
2532 1470 2659 1539 quia
2699 1478 3020 1526 autemnon
3062 1472 3285 1526 voluisti
3310 1489 3466 1527 man-

1894 1562 2077 1614 datum
2104 1576 2285 1614 meum
2322 1575 2561 1626 servare,
2617 1562 2685 1616 ad
2717 1562 2946 1631 primam
2990 1573 3241 1618 naturam
3281 1580 3467 1619 rever-

1896 1650 2046 1715 teris,
2078 1664 2248 1718 quare
2272 1658 2453 1703 autem
2498 1664 2725 1727 parvum
2774 1664 2895 1704 esse
2950 1650 3207 1704 videatur
3264 1666 3461 1720 pecca-

1895 1743 2047 1799 tum?
2086 1740 2180 1797 Ille
2232 1742 2452 1811 quidem
2499 1742 2744 1795 omnium
2770 1742 2921 1797 dedit
2968 1742 3303 1812 potentiam,
3355 1758 3465 1797 uno

1894 1833 2238 1887 solummodo
2275 1832 2596 1898 interdixit;
2630 1833 2719 1887 hic
2750 1842 2930 1887 autem
2952 1835 3211 1890 omnibus
3236 1835 3464 1900 relictis,

216 1909 311 1960 καὶ
334 1909 551 1979 πρῶτον
583 1912 853 1982 ἐτρύγησε
882 1914 973 1967 τδν
1006 1916 1218 1985 καρπόν
1246 1930 1261 1946 °
1292 1913 1452 1969 τοῦτο
1478 1916 1588 1986 γὰρ
1645 1915 1786 1985 αότῷ

1895 1926 2048 1979 illum
2085 1936 2139 1980 et
2172 1926 2346 1980 solum
2387 1935 2444 1980 et
2472 1926 2715 1994 primum
2739 1926 2946 1995 carpsit
2999 1925 3260 1981 fructum.
3302 1946 3320 1977 ι
3352 1924 3465 1981 [loc

219 2000 312 2052 xui.
341 2003 369 2053 6
394 2004 671 2072 Δεσπότης
696 2005 1003 2075 ἐμέμψατο.
1022 2008 1117 2070 Τίς
1137 2010 1266 2078 γὰρ,
1292 2008 1476 2077 φησὶν,
1499 2007 1786 2078 ἀνήγγειλέ

1893 2016 2037 2069 enim
2071 2015 2144 2069 illi
2193 2014 2450 2070 Dominus
2477 2016 2844 2085 exprobravit.
2899 2016 3035 2083 Quis
3059 2017 3228 2081 enim,
3264 2019 3462 2084 inquit,

219 2107 304 2143 σοι
320 2092 401 2144 ὅτι
422 2092 627 2161 γυμνὸς
650 2089 718 2157 εἴ,
749 2097 799 2147 εἰ
822 2095 896 2166 μὴ
920 2098 1029 2150 ἀπὸ
1051 2097 1145 2149 τοῦ
1179 2097 1336 2161 ξύλου
1353 2090 1413 2150 οὗ
1432 2098 1786 2168 ἐνετειλάμην

1893 2106 2152 2161 indicavit
2176 2106 2273 2161 tibi
2311 2106 2456 2175 quod
2488 2106 2663 2159 nudus
2689 2121 2863 2171 esses,
2912 2108 3018 2161 nisi
3047 2107 3191 2177 quod
3212 2124 3277 2162 ex
3315 2108 3465 2175 ligno

212 2198 298 2235 σοι
322 2182 510 2235 τούτου
534 2186 695 2252 μόνον
730 2186 804 2258 μὴ
838 2191 1063 2257 φαγεῖν,
1092 2190 1185 2242 ἀπ’
1207 2190 1374 2243 αὐτοῦ
1410 2188 1650 2258 έφαγες;
1685 2191 1774 2245 δε·-

211 2274 425 2342 δήλωκε
452 2275 510 2327 δὲ
543 2276 636 2328 καὶ
686 2279 715 2330 6
745 2278 995 2344 διάϐολος
1054 2283 1131 2351 μὴ
1187 2283 1382 2351 φαγεῖν
1432 2281 1632 2344 αὐτοὺς
1680 2282 1787 2335 ἀπό

206 2380 355 2426 τινος
379 2364 540 2418 ἄλλου
567 2365 748 2430 ξύλου.
777 2369 856 2420 Δι’
891 2363 966 2425 ὦν
994 2370 1098 2441 ἐφη
1135 2373 1202 2441 τῇ
1239 2372 1350 2443 Εὕα
1375 2388 1387 2401 ⁸
1419 2374 1484 2425 Τί
1517 2374 1600 2427 ὅτι
1632 2367 1786 2427 εἷπεν

206 2460 239 2509 ὁ
270 2456 423 2519 Θεὸς,
448 2458 521 2511 Οὐ
558 2457 633 2529 μή
671 2459 882 2530 φάγητε
1048 2464 1252 2527 παντὸς
1279 2464 1441 2529 ξύλου
1467 2465 1563 2518 τοῦ
1600 2467 1658 2518 ὲν
1677 2482 1783 2518 πα-

210 2545 476 2617 ραδείσῳς
512 2550 561 2601 εὶ
588 2550 695 2618 γὰρ
718 2545 860 2603 οἶδεν
886 2550 1228 2621 ἐδηδοκότας,
1249 2554 1350 2607 οὐκ
1376 2554 1442 2608 ἂν
1466 2554 1621 2626 ᾠήθη
1650 2556 1781 2626 περὶ

207 2636 427 2691 πάντων
454 2640 649 2703 αὐτοὺς
672 2640 778 2695 τῶν
799 2642 1344 2714 δένδρωνμείληφέναι
1371 2646 1470 2716 τὴν
1498 2645 1721 2716 ἐντολήν
1763 2663 1778 2679 ο

205 2730 272 2780 οὐ
303 2730 473 2802 μικρὰ
502 2732 679 2785 τοίνυν
730 2736 761 2804 ή
797 2735 1108 2804 παράϐασις
1141 2752 1156 2765 ·
1206 2736 1427 2808 πρώτου.
1484 2737 1593 2806 γὰρ
1650 2756 1781 2808 μετ·

208 2818 423 2885 ἔλαϐον,
453 2815 514 2875 οὗ
545 2823 707 2891 μόνου
746 2825 821 2894 μὴ
845 2830 1134 2896 μετασχεῖν
1167 2828 1585 2900 ἐκελεύσθησαν.

730 3040 1061 3095 ΕΡΩΤΗΣΙΣ
1094 3044 1257 3099 ΣΝΕ’.

404 3130 573 3195 τίνας
616 3133 785 3197 υἱοὺς
827 3134 978 3187 Θεοῦ
1009 3135 1268 3203 κέκληκε
1296 3139 1596 3208 Mearm-qq;

1889 2198 1956 2252 de
1976 2213 2085 2266 quo
2104 2212 2465 2266 pisces-peram
2493 2196 2588 2250 tibi
2609 2211 2675 2250 ne
2695 2199 3008 2253 coiiiederes
3033 2198 3322 2253 comedisti
3351 2198 3391 2230 "
3408 2197 3457 2251 ἓν

1886 2290 2283 2344 demonstravit
2336 2297 2519 2343 autem
2559 2297 2614 2341 et
2662 2287 2915 2343 diabolus
2956 2290 3078 2344 illos
3125 2306 3232 2344 non
3281 2303 3463 2343 come-

1884 2383 2032 2437 disse
2057 2382 2126 2436 ab
2155 2382 2261 2436 alio
2295 2382 2534 2451 quodam
2565 2380 2731 2451 ligno.
2787 2381 2976 2451 Itaque
3001 2382 3134 2435 dicit
3167 2382 3324 2436 Evas:
3354 2382 3463 2436 Cur

1886 2476 2135 2545 praecepit
2157 2474 2314 2528 vobis
2363 2471 2507 2527 Deus
2559 2483 2748 2528 utnon
2796 2474 3161 2530 coniederetia
3212 2474 3282 2528 de
3311 2475 3460 2529 omni

1886 2568 2030 2637 ligno
2084 2566 2367 2636 paradisi?
2401 2563 2457 2619 Si
2497 2566 2649 2619 enim
2682 2566 2803 2621 illos
2829 2567 3145 2621 comedisse
3187 2568 3459 2632 scivisset,

1885 2677 1992 2714 non
2022 2669 2262 2728 putasset
2286 2658 2353 2713 de
2385 2659 2644 2713 omnibus
2664 2658 2954 2713 arboribus
2985 2659 3110 2714 illos
3142 2658 3458 2713 mandatum

1882 2752 2178 2821 accepisse.
2207 2748 2323 2805 Non
2350 2760 2434 2806 est
2450 2765 2615 2821 parva
2632 2766 2761 2820 ergo
2784 2752 3186 2819 transgressio:
3220 2752 3459 2821 primum

1880 2844 2025 2899 enim
2061 2843 2427 2913 apprehendit
2452 2860 2614 2912 quem
2645 2843 2819 2898 solum
2851 2860 2958 2898 non
2984 2846 3251 2914 attingere
3272 2846 3462 2913 jussus

1883 2934 2077 2989 fuerat.

1874 3049 2202 3117 QUESTIO
2255 3048 2432 3103 CCLV
2482 3048 2664 3119 [(Ioi'sl.
2713 3048 2908 3111 (δεον,
2950 3050 3110 3103 Taur.
3159 3049 3455 3123 CCXCIV].

2015 3142 2287 3207 Quasnam
2335 3142 2476 3210 ﬁlios
2522 3142 2614 3195 Dei
2655 3142 2911 3195 vocaverit
2943 3141 3148 3211 Moyses
3179 3142 3315 3211 (52).

844 3266 983 3315 Edita
1012 3281 1041 3316 a
1068 3267 1193 3317 Maio
1219 3270 1275 3334 (I.
1300 3284 1343 3320 c.
1370 3286 1416 3334 p.
1454 3274 1561 3335 125,
1582 3290 1631 3337 q.
1668 3278 1797 3340 εει).
1822 3303 1883 3313 —-
1904 3279 1977 3328 De
2001 3277 2114 3326 ﬂliis
2148 3279 2242 3327 Dei
2271 3280 2321 3327 in
2353 3283 2493 3326 textu
2522 3276 2647 3326 Gen.
2672 3290 2734 3335 vi,
2760 3275 2807 3322 2.

278 3344 339 3398 Οί
374 3345 472 3413 μὲν
525 3348 649 3409 τοὺς
692 3350 955 3418 ἀγγέλους
989 3354 1404 3423 ὑπονοήσαντες,
1464 3362 1765 3429 μαίνονται’

1939 3362 2045 3430 Qui
2068 3364 2286 3434 quidem
2316 3364 2536 3433 angelos
2563 3378 2684 3417 esse
2729 3360 2969 3417 sentiunt
2992 3362 3223 3430 turpiter
3247 3376 3455 3425 errant.

202 3438 353 3498 υἱοὺς
370 3436 427 3488 δὲ
456 3438 689 3509 κέκληκε
718 3441 805 3493 νῦν
829 3443 922 3495 τοῦ
951 3444 1086 3496 Θεοῦ
1107 3448 1232 3511 τοὺς
1258 3450 1322 3502 ἐκ
1344 3449 1438 3504 τοῦ
1482 3453 1589 3524 Σὴθ
1644 3474 1782 3509 κατ-

200 3528 535 3595 αγομένους·
562 3530 791 3584 εἰποῦσα
826 3534 933 3604 γὰρ
966 3537 998 3606 ή
1027 3538 1216 3610 Γραφὴ
1238 3541 1385 3606 ὅπως
1411 3546 1473 3597 ἐκ
1498 3546 1588 3599 τοῦ
1614 3548 1720 3616 Σὴθ
1752 3552 1779 3602 6

214 3619 385 3683 Ἐνὼς
410 3623 690 3695 ἐγεννήθη,
720 3628 1079 3696 προσέθηκεν·
1110 3627 1306 3695 ιοῦτος
1333 3634 1560 3704 ήλπισεν
1585 3640 1779 3693 ἐπικαο

205 3710 415 3800 λεῖσθαι
432 3712 492 3764 τὸ
513 3714 680 3783 ὄνομα
706 3718 910 3785 Κυρίου
927 3719 1021 3772 τοῦ
1045 3721 1201 3774 Θεοῦ·
1216 3742 1235 3774 i
1262 3726 1290 3777 6
1304 3725 1361 3777 δὲ
1377 3726 1604 3790 Ἀκύλας
1621 3733 1776 3800 φησί’

207 3797 353 3853 Τότε
392 3800 620 3868 ἤρξατο
675 3805 887 3858 καλεῖν
933 3808 1002 3859 ἐν
1037 3810 1284 3879 ὀνόματι
1310 3817 1582 3882 Κυρίουί
1610 3797 1779 3873 αἰνίτ-

199 3892 435 3945 τεταιδε
491 3893 567 3955 ὡς
614 3896 702 3948 διὰ
747 3898 849 3965 τὴν
906 3899 1188 3955 εὐσέϐειαν
1232 3898 1389 3968 οὗτος
1428 3906 1644 3977 πρῶτος
1676 3910 1777 3979 τῆς

200 3983 354 4046 θείας
388 3987 755 4057 προσηγορίας
786 3988 1050 4059 τετύχηκε
1084 3995 1178 4048 καὶ
1227 3996 1333 4049 ὑπὸ
1362 3998 1473 4051 τῶν
1501 4000 1777 4068 συγγενῶν

198 4070 491 4141 ὠνομάσθη
544 4073 696 4136 Θεός·
751 4076 872 4129 ὅθεν
920 4080 971 4131 oi
1023 4081 1088 4133 ὲκ
1147 4084 1336 4137 τούτου
1397 4086 1612 4154 φύντες,
1671 4091 1776 4143 υἱοὶ

198 4160 337 4214 Θεοῦ
381 4164 763 4252 ὲχνρημᾶτιζονο
791 4167 871 4221 διὸ
903 4172 997 4222 καὶ
1032 4175 1061 4226 6
1092 4173 1295 4245 Κύριος
1324 4176 1414 4229 διὰ
1436 4178 1531 4231 τοῦ
1562 4185 1777 4252 προφή-

196 4266 297 4303 του
344 4251 526 4305 Δαϐίδ·
568 4272 587 4304 i
634 4254 774 4323 Ἐγὼ
803 4254 932 4312 εἶπα
963 4276 977 4291 ·
1005 4262 1129 4315 Θεοί
1158 4264 1283 4319 ἐστε
1322 4269 1417 4320 καὶ
1476 4271 1579 4323 olei
1620 4251 1775 4341 Ὑψί-

199 4355 327 4392 στου
344 4341 562 4406 πὰντες·
583 4364 602 4395 i
626 4347 769 4410 καὶ,‹
792 4348 849 4401 '0
865 4349 996 4413 Θεὸς
1011 4352 1138 4423 ἔστη
1152 4354 1211 4407 ἐν
1232 4362 1520 4429 συναγωγῇ
1540 4360 1697 4414 θεῶν·
1716 4364 1777 4416 ὲν

200 4430 351 4497 μέσῳ
391 4432 447 4485 δὲ
471 4434 625 4498 θεοὺς
661 4437 944 4505 διακρινεῖ·
986 4462 1005 4494 i
1050 4444 1191 4498 οὕτω
1239 4448 1295 4501 δὲ
1348 4448 1605 4519 ὀνομάζει
1648 4453 1776 4518 τοὺς

194 4522 485 4589 ἄρχοντας·
511 4526 607 4578 καὶ
625 4530 734 4597 γὰρ
753 4532 968 4598 ἐπάγει·
992 4556 1009 4585 i
1022 4535 1169 4598 Ἕως
1186 4537 1316 4591 πότε
1332 4540 1545 4609 κρίνετε
1562 4543 1775 4597 ἀδικίαν

196 4614 293 4664 καὶ
378 4617 645 4684 πρόσωπα
682 4621 1023 4690 ἁμαρτωλῶν
1059 4626 1363 4696 λαμϐάνετε
1385 4648 1400 4695 ;
1424 4650 1442 4681 i
1477 4634 1572 4687 καὶ
1621 4634 1769 4703 ἑξῆς·

1884 3456 2024 3510 ﬁlios
2048 3464 2227 3509 autem
2262 3455 2475 3508 vocavit
2509 3455 2599 3508 Dei
2632 3455 2753 3509 illos
2789 3456 2883 3523 qui
2913 3469 2978 3508 ex
3012 3453 3145 3508 Seth
3178 3457 3280 3509 orti
3305 3466 3454 3511 sunt.

1882 3545 2075 3599 Dicens
2104 3546 2250 3599 enim
2300 3546 2580 3615 Scriptura
2629 3560 2783 3599 sacra
2815 3545 2958 3615 quod
3010 3562 3076 3599 ex
3108 3545 3237 3600 Setli
3269 3545 3453 3603 Enocli

1882 3646 2040 3691 natus
2072 3646 2177 3698 est.
2217 3637 2411 3707 adjecit
2444 3653 2458 3689 :
2510 3655 2529 3687 ‹
2568 3637 2675 3692 Iste
2707 3638 2932 3692 conlidit
2965 3639 3219 3693 invocare
3258 3656 3454 3695 tioith

1882 3724 2095 3779 Domini
2129 3725 2221 3780 Dei
2244 3728 2311 3779 ³⁸.
2350 3745 2369 3778 ο
2420 3727 2612 3796 Aquila
2667 3735 2848 3781 autem
2891 3728 3067 3782 dicit:
3105 3726 3251 3781 Tunc
3304 3731 3454 3797 capit

1880 3818 2119 3871 invocare
2144 3834 2329 3871 nomen
2376 3818 2624 3881 Domini;
2658 3819 2896 3874 ostendit
2942 3829 3120 3874 autem
3172 3820 3315 3889 quod
3361 3837 3454 3890 per

1875 3910 2130 3981 pietatem
2152 3912 2254 3966 iste
2280 3910 2486 3981 primus
2507 3911 2745 3965 divinam
2770 3914 3188 3981 appellationem
3216 3914 3455 3969 obtinuit

1875 4010 1930 4054 et
1974 4018 2004 4054 ιι
2035 4002 2349 4069 parentibus
2397 4000 2540 4056 Deus
2570 4004 2987 4072 cognominatus
3016 4016 3119 4057 est.
3168 4002 3320 4058 Unde
3356 4006 3453 4075 qui

1875 4108 1941 4145 ex
1984 4092 2075 4146 illo
2121 4092 2233 4146 nati
2283 4102 2448 4155 sunt,
2502 4092 2594 4146 lilii
2637 4093 2728 4147 Dei
2779 4094 3222 4149 nominabantur.
3268 4094 3454 4165 Itaque

1880 4183 2138 4237 Dominus
2193 4199 2284 4252 per
2315 4183 2630 4252 prophetam
2675 4180 2840 4237 David
2866 4183 2996 4237 dicit
3027 4202 3041 4237 :
3077 4202 3095 4234 ι
3134 4183 3244 4253 Ego
3287 4184 3399 4238 dixi
3435 4203 3447 4239 :

1878 4273 1958 4329 Dii
1991 4274 2223 4329 estisvet
2280 4274 2374 4327 lilii
2420 4272 2629 4329 Escelsi
2680 4290 2869 4329 omnes
2916 4275 2983 4327 ".
3012 4292 3031 4325 ι
3085 4274 3149 4328 Et
3182 4293 3195 4328 :
3228 4293 3247 4326 ι
3305 4274 3449 4330 Deus

1875 4366 2024 4421 stetit
2055 4366 2110 4419 iii
2138 4365 2371 4420 concilio
2402 4364 2629 4419 deorum
2661 4367 2726 4416 ".
2778 4364 2835 4419 In
2870 4366 3048 4419 medio
3092 4376 3272 4420 autem
3314 4367 3447 4421 deos

1871 4456 2095 4525 judicat.
2141 4473 2160 4505 i
2195 4455 2286 4509 Sic
2334 4455 2578 4510 neininat
2610 4455 2731 4511 illos
2772 4456 2861 4524 qui
2910 4456 3197 4525 imperant.
3233 4455 3444 4511 Etenim

1873 4545 2104 4613 adjicit:
2138 4562 2157 4596 ι
2200 4543 2493 4614 Usquequo
2543 4545 2796 4615 iudicatis
2842 4546 3164 4615 iniustitiam
3223 4560 3277 4599 et
3321 4564 3447 4617 per-

1873 4652 2039 4691 sonas
2078 4648 2423 4708 peccatorum
2455 4638 2671 4693 sumitis
2686 4638 2769 4690 "?
2802 4656 2821 4689 ι
2856 4648 2908 4693 et
2931 4650 3150 4694 cetera.
3184 4639 3246 4695 Et
3272 4642 3353 4695 sic
3390 4642 3444 4693 in

194 4705 290 4807 καὶ
319 4706 584 4807 πολλαχοῦ
630 4712 727 4781 τῆς
771 4714 991 4785 Γραφῆς
1018 4718 1271 4789 εὑρήσεις
1318 4720 1473 4783 θεοὺς
1498 4726 1623 4789 τοὺς
1650 4727 1765 4780 δια-

1887 4730 2054 4785 iiultis
2099 4728 2394 4799 Scriptura:
2437 4730 2569 4785 locis
2615 4730 2855 4785 invenies
2900 4731 3032 4786 deos
3088 4732 3272 4787 vocari
3324 4734 3445 4788 illos

190 4798 459 4889 φέροντας
484 4798 595 4889 τῶν
637 4802 845 4855 πολλῶν
880 4805 1181 4878 ἀνθρώπων
1229 4810 1683 4881 ὀνομαζομένους⁸
1712 4818 1761 4870 οί

1886 4834 2049 4873 ιιιιιιεε
2088 4818 2181 4888 qui
2221 4798 2291 4873 ab
2320 4819 2442 4873 aliis
2487 4818 2804 4873 hominibus
2859 4819 3288 4889 distinguuntur.
3337 4816 3442 4886 Qui

189 4882 372 4936 τοίνυν
416 4887 508 4939 τοῦ
537 4889 641 4958 Σὴο
670 4893 925 4959 ἀπόγονοι
946 4896 1057 4950 εἴτε
1093 4898 1160 4950 ἐκ
1203 4898 1297 4951 τοῦ
1334 4901 1518 4968 Ἐνὼς,
1546 4904 1604 4968 ὃς
1630 4906 1763 4970 Θεὸς

1886 4926 1986 4979 :rgo
2005 4925 2071 4964 ex
2090 4882 2219 4963 Seth
2240 4910 2346 4964 orti
2372 4918 2501 4964 sunt
2518 4910 2636 4964 sive
2650 4925 2712 4962 ex
2732 4908 2937 4975 Enocli,
2961 4882 3058 4980 qui
3078 4910 3219 4964 Deus
3235 4882 3442 4980 primus

186 4975 467 5069 ἐπεκλήθη
490 4982 730 5069 πρῶτος,
750 4985 1034 5054 ἐκφύντες,
1059 4990 1172 5042 εῐτε
1194 4991 1380 5055 ἁπλῶς
1399 4994 1473 5058 ὡς
1504 4996 1760 5069 εὐσεϐείᾳ

1886 5008 2112 5060 ocatur,
2148 4998 2259 5052 nati
2293 5000 2425 5065 sint,
2455 4999 2571 5053 sive
2614 4998 2963 5052 solummodo
2990 4986 3192 5068 pietate
3239 5014 3270 5052 a
3316 5000 3441 5053 lillis

185 5064 300 5116 τῶν
328 5066 393 5117 ἐκ
421 5068 513 5120 τοῦ
566 5071 707 5125 Κάῖν
751 5076 1052 5144 τεχθέντων
1078 5078 1447 5151 διαφέροντες,
1492 5087 1596 5138 υίοὶ
1624 5064 1759 5141 Θεοῦ

1886 5089 1995 5141 lain
2022 5086 2355 5153 dill‘erentes,
2414 5087 2510 5141 lilii
2554 5087 2650 5142 Dei
2693 5089 3064 5151 vocabantur,
3102 5100 3157 5142 et
3201 5104 3308 5144 non
3338 5091 3441 5143 iiii-

184 5154 496 5222 ἐκαλοῦντο,
522 5163 615 5213 καὶ
635 5163 737 5214 οὐκ
765 5165 1057 5233 ἐμίγνυντο
1073 5171 1185 5232 τοῖς
1207 5171 1271 5223 ὲκ
1286 5170 1380 5224 τοῦ
1403 5174 1541 5227 Κάῖν
1560 5175 1647 5229 διὰ
1668 5178 1766 5247 τὴν

1886 5181 2158 5235 εοειιαιιιιιιυ
2201 5196 2325 5235 cuin
2392 5180 2496 5236 illis
2548 5181 2640 5249 qui
2706 5196 2772 5235 ex
2818 5179 2950 5235 Cain
3017 5181 3436 5243 descendebant,

182 5247 566 5316 ἐπενεχθεῖσαν
590 5254 740 5323 αὐτῷ
789 5259 942 5327 παρὰ
980 5259 1074 5312 τοῦ
1107 5261 1244 5314 Θεοῦ
1268 5263 1379 5316 τῶν
1407 5264 1543 5318 ὅλων
1596 5269 1759 5338 ἀράν*

1886 5280 2082 5340 iropter
2113 5272 2543 5326 maledictionem
2566 5247 2785 5326 contra
2816 5272 2970 5325 illinn
3004 5287 3033 5325 a
3067 5272 3173 5325 Deo
3208 5272 3430 5326 illatam.

179 5340 441 5430 κΡΫνΨ-δὲ
473 5342 697 5411 ὖστερον
750 5348 977 5411 εὐειδεῖς
1039 5350 1367 5423 θεασάμενοι
1419 5358 1516 5420 τὰς
1562 5359 1627 5411 ὲκ
1656 5361 1758 5430 τῆς

1886 5356 2145 5426 [‘emporis
2175 5369 2363 5414 autem
2401 5360 2667 5425 decursu,
2724 5360 2975 5428 pulchras
3018 5362 3257 5415 videntes
3298 5362 3435 5417 tilias

176 5427 280 5481 τοῦ
305 5430 443 5483 Κάῖν
466 5436 782 5501 συγγενείας
809 5437 1135 5510 θυγατέρας,
1159 5444 1252 5496 καὶ
1274 5427 1751 5516 καταθελχθὲντες,

1886 5449 1988 5502 iain
2017 5461 2068 5503 et
2093 5451 2279 5506 multis
2306 5452 2532 5506 musicis
2558 5453 2938 5507 instrumentis
2963 5452 3032 5506 ab
3059 5454 3168 5508 illis
3200 5456 3432 5511 inventis

174 5519 261 5582 ὡς
310 5521 476 5588 εἰκὸς,
516 5528 627 5589 τοῖς
682 5530 825 5598 παρ’
874 5532 1052 5585 αὐτῶν
1104 5535 1433 5605 ἐπινοηθεῖσι
1474 5544 1754 5608 μουσικοῖς

1888 5542 2079 5609 cliniti,
2111 5542 2266 5598 Jobal
2303 5544 2447 5599 enim
2494 5560 2557 5598 ex
2596 5545 2699 5598 illis
2729 5556 2884 5598 ortus
2930 5546 3241 5613 psalterium
3270 5556 3325 5600 et
3352 5549 3430 5601 ci-

254 5634 278 5666 ⁸
308 5636 446 5691 Gen.
470 5655 555 5706 ιιι,
602 5641 685 5696 19.
774 5646 818 5677 ¹⁹
847 5647 978 5701 ibid.
1015 5649 1103 5705 il.
1196 5652 1240 5682 ’°
1278 5651 1477 5707 Genes.
1508 5671 1581 5717 iv,
1611 5656 1701 5709 ‘35.
1776 5657 1818 5686 "
1855 5656 1994 5711 l’sal.
2028 5673 2222 5725 um,
2274 5660 2329 5715 6.
2406 5662 2450 5692 "
2488 5658 2631 5715 l’sal.
2659 5674 2749 5727 cs,
2779 5660 2830 5713 1.
2908 5660 2952 5692 ³³
2978 5658 3124 5715 Psal.
3155 5675 3341 5725 LXXXI,
3367 5660 3420 5716 ‘2.

255 5844 372 5913 (59.)
407 5846 481 5899 lix
509 5845 851 5906 Tlieodoi‘clo
885 5863 1073 5921 quiest.
1126 5856 1193 5911 47
1232 5858 1284 5911 iii
1325 5858 1517 5915 Getica.
1563 5878 1615 5930 ιι.
1660 5768 1919 5931 .
