4162 6442
737 387 867 450 1071

1859 387 2118 446 ΡΙΙΟἸῚΙ
2165 387 2666 446 I’ATRIARCHIE
2691 389 2780 448 ΟΡ

3863 384 3987 445 1072

731 507 923 561 audire
969 505 1240 574 potuisses
1275 503 1598 566 patriai-clue
1635 503 1919 558 dicentes:
1962 523 1982 554 ι
2012 501 2125 557 Rex
2154 519 2212 556 es
2255 513 2310 556 tu

2422 504 2645 575 Χεϐρὼν
2690 505 3002 558 οἰκούντων·
3041 498 3118 558 ὧν
3170 504 3284 556 ἐστι
3334 506 3468 573 πρὸς
3520 503 3612 556 τὸν
3641 505 3989 572 πατριάρχην

735 615 764 651 a
798 598 907 654 Deo
937 597 1140 652 missus
1191 597 1384 660 nobis;
1453 595 1506 647 in
1550 595 1741 649 electis
1794 596 2060 665 sepulcris
2110 594 2313 648 nostris

734 691 899 761 sepeli
926 704 1127 758 Corpus
1166 697 1342 741 tuum.
1367 706 1384 736 ι

940 888 1270 956 ρυΑῑδτιο
1302 887 1506 945 ccux
1539 888 1728 960 [CoisL
1765 887 2094 957 cccxxxi.

737 985 908 1048 Quam
983 984 1047 1036 ab
1105 999 1323 1036 causam
1392 981 1643 1035 eluctata:
1719 980 1971 1035 adversus

1331 1051 1546 1118 angelus
1576 1052 1711 1121 (56).

2051 983 2312 1040 Jacobum

2405 598 2637 650 ἀκοῦσαι
2683 598 2972 666 λεγόντωνο
3001 614 3020 648 ι
3056 596 3322 656 Βασιλεὺς
3352 591 3402 647 εἴ
3453 596 3518 647 οὐ
3569 595 3724 664 παρὰ
3754 593 3896 646 Θεοῦ
3938 597 3990 645 ὲν

2407 693 2558 759 ἡμῖν,
2612 692 2670 742 ἐν
2707 693 2822 755 τοῖς
2855 691 3138 752 ἐκλεκτοῖς
3173 689 3465 760 μνημείοις
3509 687 3674 758 ἡμῶν
3705 687 3884 756 θάψον
3905 686 3991 739 τὸν

2408 783 2599 853 νεκρόν
2633 800 2750 836 σου.
2787 801 2806 833 ι

2937 898 3275 953 ΕΡΩἸἪΣΙΣ
3298 895 3467 949 ΣΝΘἎ

2451 990 2630 1056 Thraci
2643 991 2853 1046 ἕνεκεν
2879 991 3194 1047 ἐκπαλαίει
3228 987 3307 1053 τῷ
3339 987 3555 1042 Ἰακὼϐ
3593 989 3626 1040 ὀ
3660 984 3918 1054 ἄγγελος
3947 999 3966 1047 ;

1071 1162 1209 1211 Edita
1232 1173 1262 1209 a
1293 1158 1416 1208 Maio
1440 1157 1497 1222 (l.
1531 1171 1576 1208 c.
1603 1172 1651 1222 p.
1681 1159 1788 1221 125,
1822 1159 1929 1220 126,
1951 1174 1999 1222 q.
2021 1161 2155 1222 258).
2189 1190 2249 1200 —
2269 1165 2342 1213 De
2366 1168 2532 1228 angeli
2558 1179 2669 1217 cum
2693 1167 2878 1218 Jacobo
2907 1169 3200 1218 certamine.
3233 1165 3361 1217 Gen.
3392 1179 3554 1225 nm,
3574 1164 3655 1213 26.

807 1271 945 1328 Cum
981 1269 1208 1325 fratrem
1251 1269 1468 1324 timeret
1497 1269 1728 1338 angelus
1759 1270 1808 1324 ei
1849 1269 2105 1324 virtutem
2145 1273 2316 1326 addit.

740 1365 941 1420 Eadem
985 1365 1151 1418 etiam
1203 1361 1272 1417 de
1302 1376 1470 1416 causa
1513 1362 1643 1415 huic
1688 1362 1975 1416 victoriam
2029 1365 2319 1428 concessit,

743 1459 859 1512 hate
906 1454 1294 1526 propemodum
1341 1454 1528 1508 dicens
1567 1471 1580 1506 :
1625 1453 1728 1519 Qui
1776 1469 1863 1508 me
1892 1453 2106 1517 vicisti,
2141 1457 2322 1508 homi-

2489 1279 2692 1331 Δεδιότι
2723 1279 2814 1333 τὸν
2833 1278 3066 1347 ἀδελφὸν
3095 1277 3298 1346 θάρσος
3328 1275 3596 1343 ἐντίθησι·
3620 1271 3716 1326 διά
3732 1288 3821 1324 τοι
3847 1267 4003 1322 τοῦτο

2419 1371 2515 1419 acati.
2550 1370 2651 1436 τῆς
2680 1371 2837 1438 νίκης
2892 1367 3043 1439 αὐτῷ
3086 1364 3552 1437 παρακεχώρηκε
3601 1362 3896 1433 μονονουχὶ
3927 1360 4004 1409 λέ-

2420 1476 2554 1524 γων·
2582 1461 2712 1529 Ἐμὲ
2736 1461 3048 1530 νενίκηκας,
3073 1462 3167 1513 καὶ
3199 1459 3487 1530 ἄνθρωπον
3515 1457 3766 1516 δέδοικας
3789 1471 3804 1513 ;
3845 1453 3931 1504 τνα
3950 1450 4003 1502 δὲ

743 1563 865 1602 nem
898 1546 1096 1601 times?
1139 1546 1218 1601 Ne
1272 1560 1404 1599 vero
1461 1546 1551 1600 ille
1595 1543 1903 1614 superbiret
1951 1545 2119 1602 Deum
2177 1563 2206 1601 a
2263 1563 2322 1602 se

2423 1553 2499 1623 μὴ
2540 1553 2680 1622 μέγα
2715 1555 2886 1623 φρονῇ
2917 1553 3076 1619 δόξας
3105 1552 3453 1622 νενικηκέναι
3474 1549 3628 1614 Θεδν,
3660 1549 3730 1617 τῇ
3763 1547 3885 1614 ἀφῇ
3916 1543 4005 1596 τοῦ

743 1639 947 1693 victum
980 1637 1151 1692 fuisse
1181 1646 1380 1706 putans
1408 1644 1554 1690 tactu
1603 1636 1827 1691 femoris
1853 1637 2080 1707 angelus
2119 1640 2316 1692 volun-

2425 1645 2600 1714 μηροῦ
2626 1645 2687 1697 τὸ
2710 1645 3017 1699 ἐθελούσιον
3046 1645 3144 1714 τῆς
3170 1644 3340 1713 ἥττης
3361 1642 3622 1712 ἐδήλωσεο
3653 1642 3723 1710 τῇ
3755 1639 3873 1708 γὰρ
3899 1637 4004 1705 ἀφῇ

744 1729 938 1782 tariam
979 1727 1150 1782 fuisse
1191 1727 1403 1782 cladem
1456 1742 1611 1781 suam
1647 1727 1909 1781 ostendit.
1949 1726 2122 1783 Tactu
2169 1729 2314 1783 enim

2422 1733 2516 1786 τοῦ
2545 1735 2719 1804 μηροῦ
2750 1735 2852 1806 τὴν
2885 1733 3093 1804 νάρκην
3123 1732 3439 1803 εἰργάσατο.
3475 1730 3644 1792 Γνοὺς
3673 1729 3732 1781 δὲ
3754 1728 3857 1780 τοῦ
3887 1730 4005 1779 ἑπι-

747 1819 970 1874 femoris
1016 1820 1092 1872 illi
1151 1827 1426 1886 torporem
1483 1818 1725 1872 obducit.
1782 1817 2078 1888 Postquam
2132 1829 2314 1874 autem

2423 1827 2682 1895 φανέντος
2705 1827 2804 1898 τὴν
2830 1827 3080 1898 δύναμιν,
3113 1826 3213 1898 τὴν
3242 1825 3494 1892 εὐλογίαν
3543 1825 3711 1878 αἰτεί’
3757 1823 3789 1874 6
3823 1821 3883 1873 δὲ
3918 1819 4008 1872 καὶ

747 1912 924 1981 angeli
952 1911 1044 1981 qui
1073 1911 1176 1966 sibi
1207 1921 1531 1981 apparuerat
1559 1913 1856 1979 potentiam
1885 1913 2057 1976 novit,
2079 1912 2318 1969 Jacobus

2423 1919 2522 1989 τὴν
2559 1920 2778 1988 αῐτησιν
2822 1919 3006 1973 δίδωσι
3048 1920 3143 1973 καὶ
3195 1919 3293 1990 τὴν
3335 1915 3712 1988 προσηγορίαν
3755 1912 4003 1982 ἀμείϐει·

749 2002 1183 2057 benedictionem
1231 2002 1301 2057 ab
1352 2017 1419 2056 eo
1473 2004 1685 2070 poscit,
1742 2019 1904 2072 quam
1967 2004 2056 2058 ille
2114 2007 2318 2075 petenti

2422 1987 2654 2078 διέμεινε
2678 1987 2736 2064 δὲ
2774 2012 2870 2065 καὶ
2911 2010 3050 2082 μετὰ
3083 2011 3182 2082 τὴν
3221 1987 3550 2080 ἐγρήγορσιν
3591 2010 3618 2060 6
3665 2006 3846 2077 μηρὸς
3880 2021 4009 2073 ναρ-

748 2095 978 2158 annuit;
1020 2095 1250 2164 ejusque
1291 2109 1485 2148 nomen
1522 2102 1717 2148 mutat.
1758 2095 2041 2153 Remansit
2081 2097 2164 2151 vel
2200 2105 2322 2166 post

2425 2103 2538 2156 κῶν
2573 2121 2634 2156 τε
2665 2105 2757 2156 καὶ
2782 2103 3132 2168 ὑποσκάζων,
3173 2105 3260 2157 ἵνα
3292 2103 3368 2174 μὴ
3413 2100 3713 2171 φαντασίαν
3749 2096 4011 2166 ὐπολάῦῃ

748 2187 989 2256 vigiliam
1045 2187 1222 2241 femur
1273 2187 1395 2256 ejus
1455 2196 1672 2254 torpore
1721 2187 1974 2243 affectum
2031 2205 2096 2243 ac
2133 2189 2324 2243 leviter

2425 2192 2522 2262 τὴν
2553 2191 2696 2262 ὄψινο
2729 2192 2816 2245 διὰ
2853 2192 3012 2246 τοῦτο
3041 2195 3136 2246 καὶ
3165 2194 3447 2264 ἐρωτήσας
3473 2192 3597 2244 τίνα
3629 2187 4010 2259 προσηγορίαν

749 2279 1030 2343 claudum,
1065 2295 1134 2332 ne
1161 2295 1354 2333 vanam
1389 2278 1683 2349 imaginem
1723 2281 1947 2337 duceret
1979 2281 2084 2336 hoc
2125 2283 2323 2337 visum.

2426 2282 2563 2354 ἔχει,
2595 2286 2655 2336 οὐ
2699 2285 2860 2354 μόνον
2894 2285 3257 2355 διαμαρτάνει
3299 2283 3401 2350 τῆς
3426 2284 3714 2351 αἰτήσεως,
3739 2278 3886 2332 ἀλλὰ
3916 2279 4012 2329 καὶ

750 2373 868 2437 Qua
939 2370 1006 2424 de
1061 2386 1230 2426 causa
1293 2387 1419 2426 cum
1481 2371 1878 2442 interrogasset
1925 2389 2036 2442 quo
2098 2374 2326 2442 angelus

2427 2378 2821 2448 ὲπιπλήττεται
2865 2377 2941 2441 ὡς
2993 2377 3242 2449 ὑπερϐὰς
3285 2375 3354 2428 τὰ
3396 2376 3571 2445 μέτρα
3611 2374 3710 2441 τῆς
3753 2371 4009 2440 φύσεως

751 2462 1112 2532 appellaretur
1160 2466 1416 2530 nomine,
1467 2479 1575 2518 non
1628 2465 1808 2519 solum
1859 2465 2050 2534 petitio
2081 2480 2189 2518 non
2236 2480 2327 2518 ex-

2435 2471 2582 2522 ιἿνα
2607 2469 2658 2521 τί
2677 2471 2805 2540 γὰρ,
2830 2469 3018 2540 φησὶν,
3039 2471 3249 2541 ἐρωτᾷς
3271 2468 3330 2521 τδ
3343 2468 3515 2538 ὄνομά
3533 2484 3633 2536 μου
3659 2482 3706 2529 ς»
3731 2465 3833 2516 καὶ
3849 2463 4014 2516 τοῦτο

753 2556 992 2619 auditur,
1023 2555 1114 2609 sed
1148 2556 1310 2609 etiam
1337 2556 1449 2623 ipse
1471 2557 1786 2625 increpatur
1809 2596 1824 2621 ,
1855 2565 1914 2610 ut
1947 2565 2156 2611 natura:
2176 2573 2326 2610 men-

2431 2567 2544 2616 ὲστι
2562 2562 2898 2632 Θαυμαστόν
2917 2565 3080 2633 ἓπιση
3090 2561 3322 2633 μαντέον
3337 2562 3395 2615 δὲ
3412 2558 3782 2614 κάνταῦοαὸτι
3800 2557 3902 2610 τὸν
3913 2556 4013 2609 αὐ-

753 2662 936 2702 suram
977 2656 1374 2716 transgressus.
1428 2666 1445 2697 ι
1474 2647 1606 2713 Cur,
1639 2649 1849 2716 inquit,
1898 2650 2100 2718 quaeris
2131 2666 2327 2704 nomen

2432 2657 2524 2708 τὸν
2546 2655 2770 2709 ἐκάλεσε
2789 2655 2886 2708 καὶ
2901 2655 3186 2726 ἄνθρωπον
3201 2655 3298 2709 καὶ
3310 2653 3464 2706 Θεόν·
3487 2672 3504 2703 ι
3517 2649 3847 2719 Ἐνισχύσας
3875 2650 4012 2716 γὰρ,

757 2756 933 2793 meum
952 2739 1014 2792 “,
1033 2760 1051 2791 ι
1081 2739 1384 2809 Mirumque
1403 2749 1487 2794 est
1509 2748 1670 2809 atque
1697 2741 1784 2794 hic
1809 2742 2085 2795 notatione
2106 2742 2328 2811 dignum

2433 2748 2558 2815 ἔφη,
2584 2747 2723 2816 μετὰ
2737 2746 2873 2799 Θεοῦ
2898 2749 2992 2800 καὶ
3010 2747 3150 2816 μετὰ
3165 2745 3469 2816 ἀνθρώπιον
3487 2744 3585 2812 ἔσῃ
3607 2742 3858 2802 δυνατόςν
3877 2760 3897 2792 ι
3920 2740 4015 2792 καὶ

755 2833 902 2899 quod
955 2831 1206 2885 eumdem
1254 2831 1544 2897 appellavit
1589 2839 1644 2884 et
1699 2833 1977 2885 hominem
2024 2840 2080 2886 et
2129 2831 2328 2894 Deum.

2433 2837 2657 2890 ἐκάλεσε
2681 2842 2742 2889 τὸ
2765 2836 2938 2908 ὄνομα
2962 2836 3058 2891 τοῦ
3079 2837 3246 2889 τόπου
3263 2835 3492 2887 ἐκείνου·
3520 2829 3669 2894 Εἶδος
3685 2830 3850 2883 Θεοῦ.
3883 2851 3901 2880 ι
3928 2827 4017 2883 Εἱ-

754 2926 890 2979 dixit
939 2926 1085 2979 enim
1121 2945 1134 2978 :
1188 2943 1208 2975 ι
1248 2923 1330 2979 Τιι
1370 2925 1462 2993 qui
1502 2933 1694 2979 contra
1746 2923 1915 2980 Deum
1959 2925 2118 2979 fortis
2160 2925 2330 2988 fuisti,

2434 2931 2522 2981 δον
2548 2929 2677 2999 γάρ,
2698 2931 2886 2999 φησὶν,
2908 2930 3043 2983 Θεὸν
3070 2929 3363 2998 πρόσωπον
3389 2926 3529 2994 πρὸς
3555 2924 3880 2994 πρόσωπον·
3927 2929 4017 2974 καί

757 3030 944 3071 contra
969 3016 1220 3070 homines
1270 3017 1612 3085 prawalebis,
1652 3035 1670 3065 ι
1723 3016 2048 3085 vocavitque
2094 3013 2333 3070 Iacobus

2436 3021 2612 3090 ἐσώοη
2626 3024 2657 3085 ὴ
2673 3021 2841 3092 ψυχή·
2873 3041 2891 3070 ι
2909 3022 3004 3074 καὶ
3016 3021 3198 3074 πάλινο
3230 3040 3248 3072 ι
3271 3017 3534 3072 Ἀνέτειλε
3547 3018 3592 3068 δ’
3607 3013 3754 3081 αὐτῷ
3779 3020 3812 3067 ὁ
3836 3015 4013 3084 ἣλιος,

757 3123 952 3161 nomen
985 3107 1084 3162 loci
1117 3107 1259 3161 illius
1283 3106 1547 3170 Phanuel,
1573 3107 1758 3160 dicens
1785 3126 1798 3162 :
1825 3127 1843 3158 ι
1861 3104 1982 3160 Vidi
2010 3105 2178 3161 Deum
2198 3105 2335 3160 facie

2437 3111 2598 3180 ἡνίκα
2630 3112 2874 3180 παρῆλθε
2925 3111 2987 3164 τὸ
3024 3105 3166 3174 εἶδος
3193 3107 3288 3162 τοῦ
3317 3106 3452 3162 Θεοῦ
3471 3122 3486 3137 ⁸
3530 3126 3549 3158 ι
3575 3107 3662 3160 διὰ
3693 3105 3910 3159 τούτων
3965 3104 4020 3155 δὲ

759 3201 824 3255 ad
876 3200 1091 3262 faciem,
1122 3211 1178 3254 et
1233 3199 1384 3253 salva
1431 3200 1571 3254 facta
1601 3209 1686 3253 est
1715 3199 1895 3252 anima
1942 3215 2060 3252 mea
2100 3200 2165 3252 ".
2212 3220 2230 3249 ι
2267 3230 2336 3238 -

2440 3203 2655 3256 πάντων
2689 3204 3033 3272 μανθάνομεν
3059 3202 3136 3266 ὡς
3167 3204 3196 3254 6
3215 3200 3509 3272 μονογενὴς
3535 3199 3664 3262 Υἱὸς
3683 3199 3870 3267 ὶφάνη
3890 3197 4018 3250 κάν-

763 3307 783 3339 ι
822 3287 1098 3358 Uriosque
1125 3297 1206 3341 est
1235 3287 1284 3341 ei
1309 3287 1491 3340 statim
1522 3287 1601 3340 sol
1622 3295 1909 3355 postquam
1960 3295 2334 3354 transgressus

2438 3293 2614 3346 ταῦθα
2645 3294 2720 3364 τῷ
2779 3293 2994 3348 Ἰακώϐ.

759 3391 842 3437 est
873 3381 1113 3438 Phanuel
1129 3383 1194 3436 ³⁸.
1229 3401 1249 3434 ι
1297 3381 1444 3447 Quas
1486 3381 1558 3436 ob
1586 3396 1783 3436 causas
1828 3381 2181 3450 intelligimus
2211 3381 2334 3435 uni-

759 3470 1000 3538 genitqu
1040 3467 1237 3523 Filium
1283 3469 1369 3524 hic
1403 3465 1572 3524 Jacob
1601 3469 1940 3539 apparuisse.

761 3582 1090 3652 QUESTIO
1141 3581 1321 3639 CCLX
1366 3580 1556 3654 [CoisL
1601 3580 1810 3643 CLXX.
1854 3581 2020 3637 Taur.
2070 3580 2328 3655 CLXIX].

765 3679 872 3734 Cur
913 3679 1088 3734 liberis
1127 3679 1237 3732 suis
1279 3677 1602 3730 benediaisse
1649 3674 1884 3728 Iacobus
1934 3676 2168 3739 dicatur,
2209 3691 2330 3728 cum

1077 3748 1342 3802 nonnullis
1379 3758 1517 3800 certe
1547 3745 1883 3799 maledixerit
1907 3745 1951 3776 ⁸⁸
1977 3745 2069 3814 (57
2082 3745 2159 3814 ⁸).

2993 3583 3326 3638 ΕΡΩΤΗΣΙΣ
3375 3585 3490 3637 ΣΞἏ

2429 3675 2562 3743 Πῶς
2598 3675 2928 3745 εὐλογῆσαι
2979 3677 3124 3742 τοὺς
3170 3677 3388 3744 παῖδας
3438 3681 3472 3733 ὀ
3519 3675 3734 3732 Ἰακὼϐ
3779 3679 4024 3746 λέγεται

2862 3747 3049 3811 ἐνίοις
3066 3747 3525 3817 ἐπαρασάμενος
3541 3765 3564 3814 ;

970 3861 1110 3912 Edita
1130 3875 1156 3909 a
1179 3859 1304 3910 Maio
1335 3858 1480 3922 (Nov.
1506 3859 1631 3910 Coll.
1657 3864 1697 3908 t.
1722 3859 1762 3918 i,
1791 3872 1841 3921 p.
1864 3857 1958 3907 208
1978 3858 2129 3920 seq.).
2155 3885 2214 3896 —
2240 3859 2316 3908 De
2339 3858 2508 3909 Jacobi
2532 3860 2702 3909 ultima
2723 3858 2950 3910 oratione
2975 3874 3029 3910 ac
3049 3859 3504 3912 benedictionibus.
3529 3864 3656 3913 Gen.
3678 3877 3815 3914 ιιιι.

842 3946 885 3996 l.
930 3941 1115 4012 Neque
1153 3941 1288 3995 dira:
1339 3954 1515 4009 neque
1557 3939 1988 4001 benedictiones.
2043 3938 2156 3993 imo
2208 3953 2339 3993 vero

767 4035 1023 4090 vaticinia
1046 4045 1172 4088 sunt
1193 4031 1519 4102 patriarcha:
1541 4046 1822 4086 sermones
1845 4031 2096 4085 extremi.
2119 4031 2338 4094 Adeste,

769 4128 971 4199 inquit,
1021 4136 1085 4182 ut
1127 4125 1392 4181 certiores
1430 4139 1525 4178 vos
1568 4122 1766 4178 faciam
1812 4123 1942 4194 quid
1996 4122 2200 4193 cuique
2244 4138 2341 4192 po-

2509 3947 2578 3995 α’.
2611 3941 2747 3994 υῦτε
2777 3943 2911 4011 ἀραί
2941 3943 3080 3996 είσιν
3098 3942 3222 3997 οὗτε
3246 3945 3488 4013 εὐλογίαι
3518 3947 3656 3999 άλλά
3683 3949 4028 4018 προρρήσεις

2436 4033 2486 4086 οἱ
2507 4033 2803 4087 τελευταῖοι
2819 4034 2912 4086 τοῦ
2943 4036 3291 4108 Πατριάρχου
3308 4039 3477 4105 λόγοι·
3505 4057 3524 4089 ι
3544 4039 3865 4109 Συνάχθητε
3897 4042 4027 4111 γάρ,

2439 4127 2624 4194 φησὶν,
2670 4127 2756 4178 ἶνα
2786 4129 3097 4196 ἀναγγείλω
3128 4130 3255 4199 ὑμῖν
3288 4130 3342 4182 τί
3364 4130 3744 4199 ἀπαντήσεται
3778 4133 3922 4200 ὑμῖν
3947 4136 4030 4186 ἐπ’

769 4220 992 4278 strenuis
1018 4218 1356 4289 temporibus
1385 4227 1710 4272 eventurum
1752 4215 1844 4272 sit.
1869 4213 2008 4270 Tum
2033 4214 2338 4270 facinorum

2437 4217 2664 4288 ἐσχάτου
2683 4217 3343 4292 τῶνήμερῶν·›ὲμνήσθη
3371 4222 3428 4274 δὲ
3455 4223 3548 4275 καὶ
3561 4221 3670 4274 τῶν
3701 4224 3840 4291 παρ’
3871 4225 4033 4276 ὲνίων

770 4329 989 4385 quoque
1030 4311 1299 4370 meminit.
1352 4325 1474 4379 qua:
1523 4309 1769 4364 nonnulli
1801 4318 2185 4378 patraverant;
2225 4323 2336 4362 non

2437 4311 2834 4382 γεγενημένων,
2869 4313 2970 4365 οὐκ
3003 4312 3191 4382 ἐπειδὴ
3242 4313 3396 4375 δίκας
3427 4313 3479 4365 oi
3501 4314 3693 4377 παῖδες
3724 4316 4030 4384 sinapi-.-

771 4407 915 4475 quod
946 4414 1158 4473 patrum
1195 4401 1401 4454 scelera
1434 4398 1778 4454 vindicentur
1811 4399 1866 4452 in
1896 4399 2045 4462 ﬁliis.
2079 4397 2173 4455 sed
2209 4399 2338 4468 quia

2436 4420 2588 4456 τοντο
2605 4403 2714 4455 τῶν
2737 4406 3021 4476 πατρικῶν
3042 4406 3480 4475 ἁμαρτημάτων,
3503 4405 3639 4460 ἀλλὰ
3664 4409 4036 4477 σχηματίζων

769 4495 906 4551 diris
938 4509 1001 4548 ac
1041 4492 1514 4548 benedictionibus
1563 4493 1866 4546 orationem
1901 4506 2056 4545 suam
2087 4490 2156 4546 ob
2187 4505 2339 4543 com-

2439 4496 2518 4556 είς
2543 4495 2682 4564 ἀρὰν
2715 4496 2810 4548 καὶ
2861 4495 3111 4563 εὐλογίαν
3162 4498 3288 4560 τοὺς
3332 4495 3526 4564 λόγους
3573 4499 3654 4560 εἰς
3695 4502 3898 4570 κοινὴν
3930 4501 4038 4553 τῶν

771 4603 991 4642 munem
1021 4587 1310 4657 legentium
1347 4584 1634 4638 utilitatem
1665 4585 1879 4654 tigurat.
1907 4582 2026 4637 Jam
2063 4599 2192 4636 vero
2227 4581 2340 4635 Ru-

2445 4585 2837 4654 ἐντευξομένων
2865 4588 3153 4656 ὠφέλειαν.
3209 4588 3318 4641 Kal
3344 4588 3426 4656 τῷ
3472 4589 3573 4657 μὲν
3617 4588 3855 4658 Ῥουὸἱμ
3903 4591 4032 4642 αὐθ-

776 4681 939 4737 benio
975 4680 1344 4749 arrogantiam
1370 4676 1663 4745 exprobrat
1691 4685 1746 4730 et
1771 4675 2027 4729 ferociam
2057 4675 2339 4743 patrisque

2447 4678 2633 4730 άδειαν
2662 4679 3035 4749 ἐπιμέμφεται
3069 4679 3162 4731 καὶ
3200 4677 3515 4747 θρασύτητα
3555 4680 3650 4732 καὶ
3679 4679 3782 4750 τὴν
3811 4674 3902 4742 si;
3933 4699 4039 4733 πα-

773 4774 1074 4828 thalamum
1108 4770 1368 4824 violatum
1400 4787 1410 4821 :
1443 4779 1800 4837 posterosque
1831 4768 1951 4836 ejus
1987 4782 2190 4837 paucos
2217 4783 2345 4837 prae-

2443 4771 2623 4840 τρῴαν
2657 4771 2815 4839 εὐνὴν
2861 4770 3230 4841 παρανομίανο
3275 4765 3335 4824 οὗ
3365 4770 3431 4841 δὴ
3468 4769 3687 4838 ὀλίγους
3735 4772 3918 4824 αὐτοῦ
3961 4789 4040 4836 75-

775 4865 1034 4918 tlicitzid
1088 4863 1232 4918 enim
1285 4862 1519 4915 innuunt
1570 4861 1759 4921 verba,
1811 4861 1979 4914 instar
2027 4874 2184 4928 aqua:
2236 4876 2343 4914 non

2453 4860 2702 4929 γενῆσθαι
2717 4863 2841 4924 τοὺς
2861 4860 3158 4929 ἀπογόνους
3178 4861 3456 4930 προλέγει’
3479 4860 3638 4914 τοῦτο
3661 4861 3778 4930 γάρ
3797 4863 3964 4931 δηλοῖ
3983 4863 4040 4914 τὲ

774 4957 1010 5021 ferreas,
1061 4956 1112 5010 id
1163 4965 1248 5010 est
1301 4955 1367 5008 ad
1418 4953 1804 5008 fecunditatem
1851 4968 1961 5006 non
2021 4952 2341 5008 incalescas.

2447 4972 2464 5003 ι
2491 4953 2576 5013 Ὠς
2599 4951 2739 5017 ὕδωρ
2755 4953 2830 5019 μὴ
2859 4953 3130 5015 ὲκξέσαις,
3146 4971 3164 5000 ι
3186 4951 3306 5003 ἀντὶ
3329 4948 3444 5014 τοῦ,
3473 4949 3563 5016 Μὴ
3590 4948 4040 5019 ὲκΘερμανθείης

774 5050 1027 5106 irascitur
1050 5062 1268 5118 quoque
1302 5047 1545 5100 Simeoui
1578 5056 1741 5115 atque
1772 5047 2019 5109 Levinio,
2067 5044 2342 5099 Sicimitac

2441 5044 2520 5106 εἰς
2559 5042 2902 5110 πολυγονίαν.
2949 5044 3173 5114 Νεμεσᾷ
3210 5043 3268 5096 δὲ
3311 5045 3404 5096 καὶ
3445 5041 3523 5112 τῷ
3551 5040 3776 5110 Σιμεὼν
3835 5044 3942 5095 καὶ
3967 5040 4041 5109 τῷ

774 5157 894 5195 rum
929 5141 1186 5209 injustam
1225 5154 1412 5194 necem
1452 5139 1770 5208 deplorans;
1804 5138 2129 5208 deprecatur
2157 5147 2338 5191 autem

2449 5135 2599 5197 Δευῒ,
2633 5135 2740 5188 τῶν
2763 5135 3057 5205 Σικιμιτῶν
3085 5135 3178 5188 τὸν
3219 5135 3404 5189 ἄδικον
3433 5134 3654 5204 ὀλεθρον
3675 5133 4039 5202 ὀδυρόμενος.

773 5235 1068 5304 quominus
1105 5233 1334 5302 ipsemet
1381 5232 1544 5285 ullam
1599 5231 1821 5286 sceleris
1851 5229 1970 5295 ejus
2023 5229 2340 5283 societatem

2451 5228 2543 5279 καὶ
2569 5226 2783 5296 εὐχεται
2815 5227 3084 5298 μηδεμίαν
3115 5227 3402 5279 κοινωνίαν
3440 5227 3522 5288 εἰς
3550 5225 3651 5294 τὴν
3676 5224 4041 5295 παρανομίαν

775 5331 1043 5396 attingat:
1075 5338 1188 5381 tum
1232 5325 1506 5380 maledicit
1537 5323 1820 5379 atIecIibus
1849 5337 2038 5377 eorum
2078 5321 2342 5390 improbis

2449 5320 2592 5389 ἔχειν
2612 5321 2845 5391 ἐκείνην
2873 5321 3145 5391 ἐπαρᾶται
3184 5320 3369 5388 μέντοι
3405 5318 3507 5370 οὐκ
3531 5318 3745 5380 αὐτοῖς,
3761 5317 3914 5369 ἀλλὰ
3936 5319 4042 5377 sai;

846 5439 891 5469 "
918 5439 1115 5494 Cenes.
1141 5455 1308 5500 um.
1347 5438 1439 5491 29.
1516 5438 1561 5469 ’°
1595 5437 1723 5490 ibid.
1751 5435 1840 5489 28.
1919 5435 1965 5466 ’°
1998 5433 2127 5487 ibid.
2180 5431 2249 5486 50
2283 5441 2337 5486 et
2369 5446 2486 5501 seq.

2257 5522 2485 5578 NOTAJ.

851 5621 962 5690 (56)
992 5619 1112 5672 [late
1143 5620 1392 5685 qttmstio,
1421 5635 1543 5688 qua:
1587 5619 1640 5671 in
1671 5621 1792 5690 cod.
1842 5616 2071 5671 Taurin.
2109 5617 2340 5690 Adeside-
2452 5636 2502 5688 p.
2536 5620 2661 5672 250.

781 5683 953 5754 ratur,
989 5707 1051 5744 ex
1085 5683 1517 5758 Tlteodoreto'q.
1567 5690 1636 5745 92
1683 5693 1736 5743 in
1767 5689 1965 5744 Gcnes.
2007 5704 2059 5758 p.
2100 5687 2203 5742 199
2250 5690 2344 5742 dc-
2453 5683 2463 5688 ’
2525 5691 2634 5756 (57)
2677 5689 2807 5742 Fere
2852 5691 3016 5742 verbo
3059 5696 3220 5741 tenus
3261 5702 3325 5739 es
3363 5683 3708 5740 Tlteodorcto
3739 5702 3800 5755 q.
3866 5690 3965 5740 llo
3993 5689 4039 5740 in

781 5774 992 5824 sumpta
1027 5761 1146 5812 fuit.
2452 5761 2626 5812 lintres
2677 5778 2726 5827 ν.
2766 5759 2890 5812 2ιᾶ

855 5833 963 5900 (57)
1005 5830 1099 5886 Est
1138 5830 1460 5886 Theodoreti
1502 5847 1556 5900 q.
1599 5829 1632 5882 (ἶ
1692 5832 1745 5882 in
1814 5830 1982 5883 Exod.
2037 5839 2074 5883 t.
2128 5827 2343 5892 LXXX,

2579 5433 2643 5463 ’θ’
2671 5432 2868 5488 Genes.
2908 5447 3055 5487 thx.
3085 5430 3108 5483 1
3150 5447 3302 5500 seqq.
