4162 6442
115 463 250 526 1073
914 464 1012 523 ΑΙ)
1043 464 1630 525 AMPHILOCHIUM
1656 467 1755 537 QU

1711 460 1997 527 UESTIO
2040 466 2277 538 CCLIX,
2315 463 2521 524 CCLX.
3220 454 3354 518 1074

115 576 369 643 πονηροῖς
399 574 579 627 αὐτῶν
610 572 806 627 πάθεσι
838 573 933 626 καὶ
957 576 1024 644 τῇ
1054 574 1192 645 ὀργῇ
1224 578 1294 645 τῇ
1326 575 1522 644 μήνιδν
1556 580 1676 629 ὲπι-
1704 586 1750 637 Α

1706 586 1750 637 Α
1779 578 1978 645 iraeque
1996 578 2215 630 vindici.
2237 576 2301 629 Et
2319 577 2537 644 quidem
2560 568 2877 641 cupiditatis
2903 569 3125 623 nomine
3151 584 3349 625 excan—

113 663 314 733 θυμίαν
335 662 390 714 δὲ
419 662 516 731 τὴν
541 662 712 731 ὀργὴν
737 661 1015 714 ἐκάλεσενο
1042 664 1107 714 ὲκ
1126 662 1333 732 ταύτης
1354 664 1461 733 γὰρ
1488 666 1521 733 ἡ
1545 665 1683 734 ὀργὴ

1782 670 2112 723 deseentiatn
2173 670 2448 737 appellat:
2483 667 2631 719 illinc
2678 664 2882 733 quippe
2927 663 3150 717 ducitur
3188 679 3351 718 voca-

111 757 213 825 τὴν
244 754 602 822 ὲτυμολογίαν
652 754 764 822 ἔχει
786 769 802 783 ·
834 752 1089 823 ὀρέγεται
1120 753 1231 824 γάρ
1262 755 1292 805 δ
1334 753 1682 824 ὀργιζόμενος

1786 760 1897 812 buli
1930 759 2368 812 excandescentia
2394 760 2569 822 ratio;
2599 758 2754 810 ardet
2772 756 2918 809 enim
2947 756 3352 811 excandescens

115 846 423 916 ἀμύνασθαι
488 847 582 899 τὸν
640 845 852 915 ἐχθρόν·
911 845 1009 897 καὶ
1062 845 1201 912 αὐτὴ
1251 844 1307 898 δὲ
1362 846 1397 915 ἡ
1449 846 1686 913 τιμωρία

1788 850 2067 903 inimicum
2116 850 2416 904 ulciscendi
2466 849 2788 918 cupiditate.
2838 849 3018 916 Atque
3066 847 3181 901 haec
3233 849 3351 914 ipsa

115 938 423 1007 πρόρρησις
442 932 530 1006 ἦν’
563 956 580 987 ι
607 934 885 1005 Διαμεριῶ
905 934 1014 1005 γάρ
1040 934 1238 997 αὐτοὺς
1268 936 1327 988 ὲν
1356 934 1575 996 Ἰακὼϐ,
1593 934 1688 987 καὶ

1787 942 1922 996 ultio
1961 942 2277 996 vaticinium
2311 951 2453 996 erat.
2492 959 2509 992 ι
2545 941 2786 994 Dividam
2817 940 3017 1009 quippe
3039 952 3137 992 eos
3164 940 3218 990 in
3256 935 3351 991 Ja-

111 1027 394 1097 διασπερῶ
419 1028 615 1090 αὐτοὺς
642 1028 700 1079 ιν
732 1026 965 1097 Ἰσραήλ·
1003 1045 1023 1076 ι
1058 1026 1175 1080 ἀλλ’
1195 1027 1229 1097 ἡ
1255 1026 1351 1079 τοῦ
1380 1025 1513 1079 Λευῒ
1546 1026 1687 1094 φυλὴ

1788 1034 1912 1097 cob,
1958 1033 2263 1104 dispergam
2310 1035 2364 1088 in
2399 1033 2583 1089 Israel.
2621 1052 2639 1082 ι
2692 1032 2899 1100 Reapse
2933 1040 3113 1085 tamen
3145 1028 3354 1083 Levinii

112 1118 203 1171 διά
218 1120 318 1187 τὴν
338 1119 513 1189 ἄκραν
533 1118 797 1189 διεσπάρη
813 1121 1003 1190 τιμὴνο
1025 1118 1164 1172 ὥστε
1185 1118 1293 1188 γὰρ
1312 1118 1519 1189 ἑκάστῃ
1548 1118 1687 1187 φυλῇ

1791 1126 1967 1180 tribus
2016 1126 2216 1179 summi
2255 1126 2479 1179 honoris
2515 1125 2688 1193 gratia
2722 1124 2969 1192 dispersa
3010 1122 3116 1176 fuit
3153 1138 3167 1174 :
3197 1136 3354 1175 nam-

116 1210 353 1260 συνεῖναι
374 1208 606 1271 Δευΐτας
621 1210 715 1262 καὶ
741 1210 919 1279 ἱερέας
943 1211 1038 1263 καὶ
1053 1209 1154 1280 τὴν
1180 1209 1314 1280 παρ’
1339 1208 1519 1261 αὐτῶν
1543 1208 1689 1276 ὠφέ-

1793 1232 1899 1285 que
1923 1227 1980 1270 ut
2014 1217 2067 1270 in
2102 1218 2333 1286 singulis
2365 1217 2610 1270 tribubus
2635 1214 2835 1267 Levitte
2864 1223 3048 1267 essent
3082 1227 3149 1267 ac
3176 1227 3358 1266 sacer-

113 1297 270 1350 λειαν
316 1299 677 1369 καρποῦσθαι,
700 1301 801 1353 οὐκ
847 1301 1039 1355 ἔλαϐον
1068 1301 1202 1354 ἴδιον
1230 1302 1452 1372 κλῆρον,
1486 1300 1601 1353 ἀλλ’
1634 1302 1693 1353 ἐν

1791 1307 1966 1373 dotes,
2014 1308 2364 1377 indidemque
2416 1308 2704 1361 utilitatem
2752 1305 3095 1374 perciperent
3119 1305 3187 1366 “,
3249 1319 3359 1355 non

116 1391 325 1461 ἑκάστῃ
374 1392 513 1463 φυλῇ
561 1409 707 1456 τινες
773 1393 958 1457 αὐτοῖς
1010 1394 1439 1464 άπενεμήθησαν
1487 1393 1691 1455 πόλεις,

1793 1409 1875 1455 est
1904 1399 2013 1454 illis
2041 1400 2319 1469 assignata
2348 1398 2642 1467 peculiaris
2675 1396 2973 1466 possessio,
3003 1395 3099 1449 sed
3131 1393 3185 1447 in
3220 1409 3359 1447 una-

117 1483 215 1533 καὶ
242 1482 338 1550 τῆς
372 1483 696 1551 προαστείου
728 1484 830 1552 γῆς
855 1484 1157 1554 ὡρισμένος
1187 1486 1408 1555 πήχεων
1437 1483 1690 1555 ἀριθμόςο

1795 1505 2015 1560 quaque
2043 1490 2186 1543 tribu
2215 1489 2465 1559 quaedam
2498 1490 2660 1542 urbes
2684 1488 2961 1541 attributa:
2991 1501 3118 1539 cum
3159 1486 3361 1539 subur-

117 1578 218 1627 καὶ
245 1578 277 1646 ἡ
306 1576 399 1630 τοῦ
422 1577 634 1647 Σιμεὼν
656 1577 798 1647 φυλὴ
829 1577 930 1630 οὐκ
980 1570 1091 1646 εἶχε
1121 1576 1322 1646 κλῆρον
1348 1574 1695 1645 κεχωρισμέ-

1798 1579 1924 1634 bani
1952 1577 2056 1633 soli
2085 1577 2309 1632 deﬁnito
2351 1578 2662 1631 cubitorum
2704 1589 2957 1629 numero.
2993 1572 3131 1626 Tum
3164 1588 3232 1626 ne
3272 1571 3360 1625 Si—

117 1683 232 1730 νον,
266 1667 401 1720 ἀλλά
426 1673 567 1722 κατά
593 1669 691 1738 τὴν
723 1667 817 1720 τοῦ
869 1670 1209 1739 πατριάρχου
1261 1668 1566 1738 πρόρρησιν
1601 1682 1698 1737 με·

1797 1669 2009 1725 meonis
2033 1670 2253 1739 quidem
2293 1670 2469 1723 tribus
2502 1668 2782 1737 proprium
2810 1681 3000 1735 agrum
3030 1664 3221 1719 sortita
3257 1675 3362 1724 est,

117 1756 255 1822 ταξὺ
278 1759 387 1812 τῶν
416 1760 591 1814 ἀλλων
615 1759 800 1830 φυλῶν
825 1761 1250 1830 διεσπαρμένον.

1797 1764 1893 1819 sed
1944 1775 2004 1817 ut.
2060 1763 2368 1832 patriarcha
2424 1760 2765 1831 prmdixerat,
2815 1759 2956 1813 inter
2995 1757 3130 1812 alias
3189 1757 3364 1810 tribus

1796 1858 2042 1912 dispersa
2066 1856 2131 1907 ι’.

195 1938 261 2007 β’.
320 1936 427 1989 Τοῦ
478 1937 534 1990 δὲ
597 1938 768 1991 Ἰούδα
814 1937 1039 2000 πολλοὺς
1105 1937 1360 2001 δπαίνους
1413 1937 1685 2001 διέξεισιν.
1721 1908 1767 1968 Β
1796 1872 1838 1912 a1

1721 1908 1767 1968 Β
1796 1872 2042 1925 dispersa
2066 1872 2131 1907 ··.

1862 1949 1917 2002 2.
1958 1949 2067 2018 Age
2101 1961 2227 2001 vero
2246 1942 2399 1999 Juda:
2425 1944 2684 2012 plurimas
2709 1942 2893 1997 laudes
2914 1941 3122 1995 recitat.
3160 1955 3179 1987 ι
3204 1936 3364 1999 Juda,

122 2048 144 2081 ι
190 2029 379 2091 Ἰούδα,
434 2029 494 2081 σε
522 2030 839 2083 αἰνέσαισαν
862 2032 911 2082 οἱ
965 2028 1184 2098 ἀδελφοί
1241 2047 1358 2083 σουο
1400 2030 1457 2083 αἱ
1508 2031 1687 2100 χεῖρές

1792 2037 2014 2092 laudent
2058 2045 2110 2089 te
2157 2033 2356 2087 fratres
2402 2032 2517 2097 tui;
2566 2045 2759 2084 manus
2813 2039 2919 2082 tua:
2970 2030 3021 2081 in
3061 2026 3364 2081 cervicibus

118 2137 218 2175 σου
259 2121 353 2172 ἐπὶ
394 2120 565 2173 νώτου
608 2121 717 2174 τῶν
745 2119 957 2191 ἐχθρῶν
991 2136 1103 2173 σου·
1137 2120 1576 2191 προσκυνήσουσί
1608 2137 1690 2172 σοι

1791 2131 2029 2187 hostium
2062 2138 2318 2191 tuorum;
2348 2126 2442 2180 lilii
2474 2126 2651 2193 patris
2678 2123 2755 2177 tui
2783 2124 3009 2176 adorent
3035 2130 3107 2174 te.
3139 2118 3365 2173 Catulus

114 2212 168 2263 οί
206 2211 308 2264 υἱοὶ
340 2208 435 2262 τοῦ
481 2209 686 2280 πατρός
730 2225 844 2262 σου·
876 2208 1115 2280 σκύμνος
1143 2209 1355 2273 λέοντος
1407 2210 1597 2272 Ἰούδα,
1626 2212 1689 2263 ἐκ

1790 2222 1962 2277 leonis
1992 2220 2161 2275 Judas
2188 2237 2205 2284 ;
2238 2234 2304 2273 ex
2332 2218 2591 2288 germine,
2624 2215 2698 2269 ﬁli
2721 2213 2815 2274 mi,
2848 2212 3165 2265 ascendas.»
3202 2209 3360 2277 Atqui

119 2300 375 2370 βλαστοῦ,
412 2302 497 2354 υίέ
534 2320 659 2372 μου,
685 2300 905 2374 ἀνέϐης.
941 2319 961 2353 ι
1004 2301 1165 2355 Ἀλλά
1189 2301 1397 2356 τούτων
1424 2302 1577 2356 οὐδὲν
1612 2302 1690 2372 τῷ

1790 2314 1927 2370 nihil
1957 2316 2150 2367 horum
2177 2311 2331 2365 Judze
2362 2308 2631 2378 congruit,
2661 2308 2757 2362 sed
2795 2315 2927 2359 orta:
2955 2320 3021 2358 ex
3065 2317 3132 2357 eo
3168 2300 3354 2358 tribui.

128 2392 307 2447 Ἰούδα
360 2393 640 2464 ἁρμόττει,
684 2393 820 2447 ἀλλά
856 2395 923 2465 τῇ
989 2394 1056 2448 ὲκ
1096 2394 1289 2447 τούτου
1341 2392 1692 2467 βλσστησάσῃ

1790 2423 1911 2479 ηοω
1957 2405 2154 2475 regalis
2205 2403 2396 2463 evasit,
2464 2400 2663 2453 Davide
2718 2414 2844 2467 rege
2901 2397 3111 2466 primo,
3161 2395 3354 2449 deinde

118 2485 286 2553 φυλῇο
340 2484 591 2554 βασιλικὴ
643 2486 753 2555 γάρ
809 2480 878 2556 ἧν
920 2484 1104 2571 αὕτη,
1165 2485 1384 2556 πρώτου
1449 2486 1546 2555 μὲν
1596 2486 1693 2540 τοῦ

1791 2499 2028 2571 posteris
2062 2496 2202 2566 ejus.
2238 2492 2362 2548 Haec
2399 2491 2644 2547 omnium
2692 2489 2929 2543 tribuum
2983 2485 3359 2555 potentissima

116 2578 287 2631 Δαϐὶδ
308 2578 745 2647 βασιλεύσαντος,
764 2573 885 2632 εἷτα
908 2570 1017 2631 τῶν
1040 2580 1099 2646 ἐξ
1129 2578 1359 2641 ἐκείνου,
1386 2579 1482 2632 κα)⁸
1503 2580 1695 2634 πασῶν

1792 2570 1939 2645 iuit:
1978 2604 2109 2643 nam
2162 2598 2368 2640 etcum
2422 2600 2515 2638 rex
2568 2580 2732 2634 David
2790 2579 3064 2633 numerari
3104 2577 3363 2646 populum

117 2672 180 2725 δὲ
220 2671 326 2724 τῶν
355 2672 530 2726 ἄλλων
560 2673 744 2740 φυλῶν
773 2668 840 2744 ῆν
877 2674 1247 2743 δυνατωτάτη·
1270 2674 1364 2727 καὶ
1394 2674 1502 2744 γάρ
1532 2674 1696 2744 ἡνίκα

1790 2682 1983 2755 jussit,
2020 2679 2415 2749 quadringenta
2450 2673 2619 2728 millia
2662 2670 2975 2725 Iudaeorum
3014 2672 3252 2740 reperit;
3301 2684 3367 2721 ex

116 2762 291 2815 Δαϐὶδ
315 2764 344 2814 ὁ
383 2762 632 2832 βασιλεὺς
660 2764 1032 2835 ἀριθμηθῆναι
1080 2764 1381 2834 προσέταξε
1425 2767 1517 2820 τὸν
1543 2767 1693 2831 λαδν,

1796 2777 1918 2831 aliis
1976 2789 2105 2828 vero
2161 2770 2399 2827 cunctim
2456 2767 2703 2821 tribubus
2770 2773 3036 2832 nongenta
3115 2760 3366 2814 millia“.

118 2854 483 2923 τετρακοσίας
504 2855 747 2924 χιλιάδας
774 2856 869 2909 τοῦ
910 2852 1085 2909 ’ἰούδα
1106 2849 1257 2927 εὗρε,
1288 2855 1399 2909 τῶν
1439 2857 1496 2910 δὲ
1522 2858 1697 2910 ἄλλων

1795 2870 1907 2925 lino
1938 2874 1993 2921 et
2050 2866 2102 2919 in
2164 2863 2379 2919 deserto
2438 2876 2562 2913 cum
2620 2873 2818 2913 census
2868 2866 3138 2925 ageretur,
3189 2853 3373 2922 plures

119 2945 311 3014 φυλῶν
358 2947 722 3009 ἐννεακοσξας·
756 2947 849 3000 καὶ
877 2946 1060 3017 μέντοι
1093 2948 1196 3001 κάν
1231 2950 1298 3018 τῇ
1332 2948 1522 3020 ἐρήμῳ
1575 2950 1697 3018 ἀρι-

1795 2960 1965 3015 Judaei
1997 2960 2206 3013 ceteris
2242 2954 2495 3009 tribubus
2526 2949 2789 3019 comperti
2824 2956 2971 3001 sunt.
3005 2944 3263 2997 Vaticinii
3285 2956 3367 2995 ta-

117 3036 149 3084 t?
160 3037 452 3107 μηθέντες,
472 3037 692 3100 πλείους
713 3036 868 3108 ὤφθη
877 3054 974 3093 σαν
1000 3039 1108 3091 τῶν
1141 3039 1318 3093 ἄλλων
1333 3038 1534 3107 φυλῶν·
1563 3040 1697 3092 ἀλλὰ

1798 3068 1920 3107 men
1960 3056 2213 3104 accurata
2273 3046 2412 3099 ratio
2459 3051 2616 3097 nacta
2672 3048 2755 3094 est
2800 3038 3001 3092 exitum
3054 3036 3105 3087 in
3150 3033 3374 3087 Christo

116 3129 187 3184 τδ
220 3125 441 3201 ἀκριϐὲς
466 3129 565 3199 τῆς
597 3130 953 3199 προρρήσεως
991 3126 1091 3197 τὴν
1128 3125 1351 3178 ἔκϐασιν
1385 3125 1574 3179 ἐλαϐεν
1605 3127 1698 3179 ἐπὶ

1798 3144 2051 3205 Domino,
2079 3142 2173 3211 qui
2200 3139 2266 3194 de
2291 3137 2439 3192 Juda:
2474 3134 2720 3206 germine
2742 3130 2986 3191 emersit,
3017 3138 3179 3197 prout
3206 3124 3368 3179 Jaco-

117 3221 223 3279 τοῦ
248 3224 515 3277 Δεσπὸτου
540 3220 797 3291 Χριστοῦ,
825 3219 883 3282 δς
906 3221 971 3272 ὲκ
995 3217 1229 3288 βλαστοῦ
1271 3216 1438 3271 Ἰούδα
1458 3218 1697 3271 ἀνέτειλε
1724 3268 1760 3324 C

1726 3268 1765 3324 ε
1800 3236 1902 3290 bus
1934 3232 2242 3304 patriarcha
2294 3237 2348 3283 et
2394 3226 2561 3281 Isaias
2608 3223 2869 3294 propheta
2925 3220 3369 3275 allirmavernut:

119 3314 269 3368 κατά
294 3315 383 3366 τὸν
419 3313 762 3383 πατριάρχην
806 3310 1021 3374 Ἰακὼϐ,
1064 3310 1160 3365 καὶ
1188 3311 1331 3364 κατά
1366 3311 1456 3363 τὸν
1489 3311 1695 3381 προφή-
1726 3310 1762 3324 “

1730 3310 1765 3324 υ
1799 3326 1945 3379 Ειίίι
1972 3324 2117 3390 virga
2142 3321 2209 3375 de
2236 3320 2414 3375 radice
2439 3316 2646 3378 Jessaai,
2676 3325 2729 3369 et
2752 3314 2851 3367 ﬁos
2875 3313 2942 3367 de
2975 3312 3155 3365 radice
3182 3325 3373 3363 ascen-

119 3423 229 3478 την
256 3405 501 3459 Ἡσαΐαν·
533 3423 551 3456 ι
575 3403 794 3474 Ἐξῆλθε
816 3403 1011 3474 ῥάϐδος
1028 3403 1093 3456 ἐκ
1107 3403 1208 3471 τῆς
1226 3404 1379 3473 ῥίζης
1396 3402 1584 3466 Ἰεσαὶ,
1603 3404 1693 3456 καὶ

1797 3419 1894 3473 dit.
1929 3416 2149 3473 Christo
2198 3423 2455 3483 praeterea
2502 3411 2665 3464 verba
2708 3415 3039 3475 congruunt,
3108 3422 3127 3452 ι
3180 3400 3248 3455 Ut
3291 3403 3374 3455 leo

120 3498 287 3561 ἄνθος
309 3501 373 3549 ἐκ
402 3496 502 3566 τῆς
533 3495 687 3566 ῥίζης
716 3495 937 3566 ἀνέϐηἰ
965 3494 1113 3564 αὐτῷ
1131 3495 1187 3547 δὲ
1218 3497 1312 3548 καὶ
1336 3495 1396 3547 τὸ
1427 3514 1444 3545 ι
1470 3495 1697 3548 Ἀναπε-

1798 3510 2161 3584 procumbens
2222 3505 2445 3575 quievit,
2503 3517 2561 3557 ut
2616 3500 2790 3556 leonis
2824 3498 3117 3553 catulus“.
3163 3514 3183 3546 ι
3238 3493 3371 3547 Nam

123 3589 243 3642 σὼν
284 3588 360 3650 ὼς
388 3586 527 3640 λέων
568 3586 861 3656 ἐκοιμήθη,
908 3584 1192 3655 ἁρμόττει,
1221 3585 1315 3639 καὶ
1346 3585 1420 3647 ὡς
1461 3583 1696 3653 σκύμνος

1800 3583 1962 3660 sicuti
1999 3602 2084 3656 leo
2114 3599 2321 3655 cubans
2362 3592 2618 3651 terribilis
2658 3600 2760 3655 est,
2804 3591 2879 3645 ita
2911 3604 3062 3642 mers
3093 3585 3373 3641 Dominica

120 3679 363 3740 λέοντος·
396 3698 415 3730 ι
437 3677 624 3747 ὥσπερ
647 3677 752 3747 γάρ
779 3677 808 3729 ὁ
836 3676 971 3729 λέων
992 3674 1272 3729 καθεύδων
1302 3677 1420 3729 ἐστὶ
1444 3676 1687 3748 φοϐερὸς,

1800 3694 1961 3749 morti
1994 3708 2057 3748 ac
2093 3692 2304 3746 diabolo
2342 3686 2534 3741 terrori
2567 3684 2689 3738 fuit.
2732 3682 2967 3736 Leonem
3009 3680 3184 3749 ipsum
3217 3686 3376 3731 catu-

120 3771 304 3833 οῦτως
349 3772 379 3823 ὁ
399 3769 721 3833 Δεσποτικὸς
750 3768 979 3831 θάνατος
1027 3768 1123 3822 καὶ
1151 3767 1231 3837 τῷ
1260 3768 1475 3838 θανάτῳ
1504 3769 1699 3839 καὶτῷ

1802 3789 2024 3858 lumque
2056 3784 2228 3839 leonis
2261 3781 2515 3851 appellat.
2558 3791 2750 3844 nempe
2795 3783 2853 3827 ut
2895 3787 3076 3843 regem
3123 3770 3377 3839 regisque

120 3862 361 3931 διαϐόλῳ
398 3862 711 3930 γεγένηται·
753 3860 943 3913 λέοντα
986 3860 1094 3930 γάρ
1127 3860 1289 3913 αὑτὸν
1336 3862 1429 3913 καὶ
1462 3860 1700 3928 σκύμνον

1805 3877 2291 3944 tilium,Denmque
2338 3872 2426 3925 Dei
2466 3869 2681 3923 Filium.
2719 3865 2931 3920 Etenim
2965 3873 3021 3914 ut
3052 3866 3235 3923 homo,
3272 3859 3376 3912 Da-

122 3958 342 4019 λέοντος
363 3956 631 4025 κέκληκεν
651 3954 725 4016 ὼς
750 3953 984 4007 Βασιλέα
1004 3953 1098 4007 καὶ
1118 3952 1392 4017 Βασιλέως
1425 3954 1577 4016 Υίὸν,
1606 3954 1700 4007 καὶ

1802 3970 1924 4026 vide
1953 3978 2106 4023 ortus
2133 3976 2249 4030 est;
2288 3976 2345 4019 ut
2378 3965 2539 4026 Deus,
2592 3967 2717 4013 ante
2748 3956 2945 4011 saecula
2979 3970 3005 4005 a
3039 3951 3202 4006 Patre
3226 3950 3370 4020 geni-

124 4050 263 4103 Θεὸν
301 4050 395 4101 καὶ
416 4046 555 4123 Θεοῦ
574 4047 701 4100 Υίόν
734 4063 747 4076 ·
771 4046 867 4101 καὶ
890 4046 1031 4099 κατά
1046 4046 1107 4099 τὸ
1127 4046 1491 4118 ἀνθρώπινον·
1520 4049 1585 4100 ἐκ
1606 4046 1699 4100 τοῦ

1804 4073 1914 4118 tus.
1934 4059 2052 4116 Jam
2071 4060 2233 4113 verba
2258 4076 2274 4108 ι
2301 4056 2435 4121 Quis
2453 4051 2739 4108 suscitabit
2758 4064 2907 4113 eum,
2930 4066 2948 4097 ι
2973 4045 3238 4099 maximas
3258 4041 3376 4110 ejus

126 4141 299 4195 Δαϐὶδ
339 4141 445 4211 γάρ
470 4139 791 4209 ἐϐλάστησεσ
825 4140 916 4191 καὶ
947 4139 1021 4201 ὼς
1058 4138 1191 4202 Θεὸς
1221 4139 1328 4209 πρὸ
1350 4138 1459 4191 τῶν
1489 4137 1702 4192 αἰώνων

1803 4157 1947 4209 vires
1974 4152 2350 4207 demonstrant
2386 4164 2397 4200 :
2429 4147 2544 4214 ipse
2566 4144 2711 4197 enim
2739 4148 2910 4196 semet
2934 4146 3095 4208 prout
3121 4134 3380 4205 praedixe-

126 4236 194 4286 ὲκ
216 4233 312 4285 τοῦ
329 4232 541 4301 Πατρὸς
571 4230 855 4301 ἐγεννήθη·
887 4230 982 4282 καὶ
1003 4231 1083 4291 τὸ,
1106 4247 1125 4279 ι
1149 4229 1245 4292 Τίς
1266 4231 1446 4301 ἑτερεί
1473 4230 1697 4295 αὑτόνςι

1805 4256 1891 4302 rat
1933 4242 2289 4300 exsuscitavit
2339 4260 2351 4295 :
2411 4259 2428 4290 ι
2473 4238 2679 4292 Solvite
2742 4234 3001 4302 templum
3054 4230 3193 4294 hoc;
3252 4246 3271 4277 ι
3325 4236 3378 4278 et

124 4326 231 4395 τὴν
284 4325 491 4392 ἄφατον
546 4320 713 4374 αὑτοῦ
767 4320 1007 4373 δείκνυσι
1072 4320 1319 4390 δύναμιν·
1389 4321 1551 4384 αὐτὸς
1595 4322 1704 4391 γὰρ
1808 4341 2037 4409 reliqua.
3032 4332 3041 4339 .

126 4414 328 4468 ἑαυτὸν
343 4411 605 4481 ἀνέστησε
631 4410 770 4463 κατά
785 4411 884 4479 τὴν
908 4409 1075 4463 αὑτοῦ
1094 4411 1400 4482 πρόρρησιν
1417 4428 1430 4442 ο
1444 4428 1463 4461 ι
1488 4411 1703 4466 Λύσατε

125 4508 223 4561 τὸν
249 4507 377 4559 ναὸν
403 4503 610 4566 τοῦτον,
644 4523 662 4554 ι
690 4502 785 4556 καὶ
807 4501 952 4572 ἑξῆς.

204 4606 275 4668 γ,
310 4562 675 4667 Προαγορεύει
715 4594 773 4647 δὲ
800 4562 1038 4661 καί-τῆς
1061 4593 1381 4661 ἐπιφανείας
1410 4594 1574 4647 αὐτοῦ
1604 4596 1696 4648 τὸν
1736 4596 1782 4651 D

1736 4596 1782 4651 ι)
1878 4583 1932 4637 5.
1967 4579 2147 4649 Pergit
2179 4586 2395 4645 tempus
2425 4572 2584 4627 etiam
2621 4569 2932 4639 prredicere.
2976 4578 3085 4633 quo
3114 4562 3205 4617 ille
3248 4577 3378 4615 νειμ

130 4654 343 4760 atat-96w
405 4654 774 4757 Dux-taleidzst
791 4688 897 4757 γάρ
914 4654 1096 4756 ἄρχων
1112 4654 1181 4750 ἐξ.
1199 4686 1387 4751 Ἰούδα,
1412 4707 1431 4740 ι
1452 4689 1545 4741 καὶ
1558 4687 1702 4758 ἑξῆς·

1803 4686 1963 4732 turus
1998 4682 2157 4728 erat:
2193 4689 2211 4721 ι
2258 4668 2377 4723 Non
2405 4665 2618 4720 deﬁciet
2664 4664 2912 4731 princeps
2947 4674 3011 4711 ex
3040 4654 3214 4719 Juda;
3259 4673 3278 4707 ι
3327 4669 3380 4707 et

128 4752 363 4853 σημεῖον
396 4782 502 4852 γὰρ
537 4752 710 4834 τοῦτο⁷
731 4752 831 4850 τῆς
868 4752 1209 4847 ,τοῦ-Κυρίου
1251 4780 1553 4847 παρουσίας
1607 4752 1706 4833 σα-

1807 4769 2037 4837 rcliqua.
2066 4764 2177 4818 Hoc
2222 4762 2367 4817 cnim
2407 4758 2666 4813 indicium
2715 4753 2816 4806 fuit
2848 4752 3047 4805 Clu-isti
3100 4752 3382 4817 praesentis

126 4838 421 4942 (pilata-rw:
474 4838 719 4934 ίίξέλιπον
914 4868 1021 4921 τῶν
1059 4838 1450 4937 Ἰουδαίων-οὺχ
1479 4838 1708 4938 οίῖβασι-

1805 4857 2300 4930 cxploratissimum
2338 4870 2351 4905 :
2388 4862 2623 4917 namque
2650 4844 2791 4914 apud
2816 4841 3031 4897 Judzeos
3065 4838 3381 4893 defecerant

126 4934 249 5027 λεῖς
309 4964 468 5034 μόνον
496 4962 633 5015 ἀλλὰ
671 4934 860 5014 καινοί
906 4962 1183 5031 ἀρχιερεῖς
1210 4961 1304 5014 καὶ
1331 4962 1382 5012 οἱ
1410 4934 1704 5031 προφῆται·

1808 4970 1915 5009 non
1952 4967 2103 5021 reges
2142 4943 2539 5005 tantummodo,
2572 4940 2663 4995 sed
2698 4939 2860 4992 etiam
2901 4934 3189 5004 pontiﬁces
3220 4940 3383 4999 atque

124 5054 226 5109 τοῦ
267 5027 376 5124 γάρ
407 5052 655 5123 Σωτῆρος
696 5049 853 5120 ἡμῶν
885 5027 1164 5119 μέλλοντος
1194 5027 1496 5114 τίκτεσθαι,
1531 5027 1700 5103 ’ἀλλό-

1811 5044 2105 5115 ρτοριιοιαε.
2139 5039 2347 5093 Etenim
2378 5034 2680 5089 Servatoris
2711 5027 2880 5082 nostri
2912 5028 3150 5080 instante
3187 5027 3384 5077 nativi-

126 5146 292 5215 φυλοι
322 5144 500 5197 αὐτῶν
528 5145 837 5213 ἐκράτησαν
874 5140 1134 5209 βασιλεῖς,
1171 5141 1256 5194 ἱνα
1285 5142 1314 5193 ὁ
1357 5141 1571 5204 αἰώνιος
1600 5143 1705 5195 δει-

1813 5150 1942 5203 tate,
1972 5136 2286 5205 alienigenae
2318 5146 2469 5203 reges
2498 5127 2938 5187 dominabantur,
2976 5134 3035 5176 ut
3084 5137 3178 5175 rex
3224 5130 3383 5174 :cter-

125 5209 235 5308 θιοῇ
271 5234 528 5297 Βασιλεὺς
556 5209 731 5304 ῆντῶν
756 5232 926 5285 ἐθνῶν
974 5231 1290 5302 προσδοκία·
1328 5233 1421 5285 καὶ
1451 5233 1558 5301 γὰρ
1613 5234 1705 5286 καὶ

1816 5248 1918 5287 nus
1970 5227 2427 5285 manifestaretur,
2476 5220 2711 5291 gentium
2744 5215 3097 5285 exspectatio.
3144 5209 3279 5263 Nam
3330 5219 3384 5261 et

264 5327 513 5397 Ἀϐραὰμ
543 5303 637 5377 καὶ
664 5324 741 5394 τῷ
784 5324 969 5376 Ἰσαάκ
991 5324 1083 5375 καὶ
1113 5323 1189 5393 τῷ
1223 5322 1416 5376 Ἰακὼϐ
1441 5325 1705 5393 ὑπέσχετο

1814 5322 2126 5378 Abrahamo
2152 5331 2204 5373 et.
2238 5316 2419 5371 lsaaco
2445 5323 2498 5368 et
2533 5311 2733 5365 Jacobo
2776 5308 3103 5377 promisch
3131 5303 3293 5364 Deus,
3327 5303 3381 5353 in

124 5394 327 5482 6-626;
358 5394 416 5471 tv
465 5418 542 5488 τῷ
592 5420 866 5487 σπέρματι
925 5415 1105 5467 αὐτῶν
1154 5415 1470 5485 εὑλογήσειν
1531 5417 1710 5467 πάντα

1809 5415 2017 5470 semine
2064 5424 2254 5464 eorum
2316 5406 2720 5460 benedicturum
2774 5417 2831 5455 se
2870 5408 3055 5468 gentes
3115 5406 3289 5449 terrm.
3328 5394 3381 5445 ld

125 5514 199 5567 τὰ
230 5512 359 5580 ἔθνη
382 5511 480 5577 τῆς
513 5483 636 5577 χῆς·
668 5483 826 5561 τοῦτο
845 5508 900 5560 δὲ
920 5507 1015 5559 καὶ
1043 5506 1276 5559 ἐνταῦθα
1320 5483 1642 5575 παραδηλῶν
1682 5507 1711 5557 ὀ

1809 5505 1986 5573 ipsum
2030 5502 2133 5555 hoc
2160 5502 2278 5553 loco
2307 5497 2589 5551 declarans
2618 5492 2851 5546 Jacobus
2884 5489 2961 5542 ait
2988 5507 2999 5540 :
3040 5503 3058 5537 ι
3098 5483 3217 5538 Non
3245 5484 3379 5537 deli-

141 5572 363 5667 Ἰακὼϐ,
399 5572 550 5673 φησί-ο
622 5600 985 5669 Οὑκέκλείψει
1018 5601 1254 5669 ἀρχων,›
1284 5602 1377 5652 καὶ
1398 5572 1547 5666 ἑξῆς)
1580 5599 1708 5661 ἕως,

1809 5572 1916 5651 ciet
1943 5592 2232 5664 princeps;
2262 5610 2278 5640 ι
2307 5587 2605 5653 ett-eliqua,
2630 5597 2800 5651 usque
2818 5580 2883 5632 ad
2908 5578 3070 5631 verba
3094 5595 3106 5629 :
3140 5592 3157 5624 ι
3186 5572 3247 5626 Et
3266 5574 3387 5643 ipse

137 5716 155 5746 ι
181 5696 297 5748 Καὶ
311 5696 466 5757 αὐτὸς
485 5695 776 5764 προσδοκία
794 5693 981 5747 ἐθνῶν·
1006 5712 1023 5742 ι
1043 5694 1138 5745 καὶ
1152 5691 1420 5745 Ἰουδαίων
1441 5692 1710 5744 συστάντα

1810 5689 1911 5743 erit
1950 5686 2281 5755 exspectatio
2313 5681 2555 5753 gentium
2583 5696 2596 5732 :
2625 5697 2641 5727 ι
2680 5676 3045 5745 populumque
3095 5669 3382 5723 Judaicum

209 5809 254 5841 ³¹
284 5808 439 5861 Num.
497 5823 658 5866 xxxv.
690 5809 741 5862 4.
848 5808 891 5839 ³³
920 5804 1035 5861 Jos.
1069 5820 1179 5870 XIX,
1208 5804 1259 5858 9.
1362 5803 1407 5835 ³⁸
1434 5803 1449 5855 ι
1480 5803 1655 5858 Paral.
1686 5819 1798 5867 XXI,
1833 5803 1852 5856 ζ

1731 5819 1798 5867 ιι,
1833 5803 1901 5869 li;
1932 5800 2088 5854 Num.
2134 5816 2170 5863 t,
2223 5797 2311 5853 ετ.
2418 5796 2459 5824 ³⁵
2493 5793 2595 5848 lsa.
2648 5807 2716 5852 xi,
2755 5792 2803 5842 7.
2902 5788 2943 5817 ³³
2976 5782 3130 5837 Joan.
3201 5798 3253 5841 Α,
3296 5782 3374 5831 ιν.

136 5882 181 5911 ⁸*
208 5880 407 5934 (leues.
444 5894 585 5943 xm,
625 5880 704 5931 l0.
