4162 6442
755 409 893 476 1075
1821 408 2083 469 ῙἯΟΤΙΙ
2125 405 2335 466 ΡᾹἸῊ]

2434 403 2628 462 lCll/E
2666 404 2777 462 CP.
3865 396 4001 458 1076

745 521 1060 579 constituet.
1095 518 1354 584 Alligans,
1388 516 1586 586 inquit,
1619 515 1715 571 viti
1745 517 1955 571 asinam
1993 531 2168 580 suam,
2201 513 2327 568 vitis

2434 508 2575 561 λαόν.
2591 507 2909 578 (Δεσμεύων
2928 508 3064 578 πρὸς
3091 507 3336 576 ἀμπελον
3361 507 3459 578 τὴν
3481 507 3602 560 θνον
3630 505 3825 570 αὑτοῦ,
3844 509 4004 576 φησὶ·

748 629 904 669 ramo
928 612 1132 681 pullum
1163 610 1330 664 asina:
1356 624 1487 663 suae.
1520 607 1675 674 Quod
1704 609 1923 677 quidem
1951 612 2078 664 vitis
2107 609 2328 664 nomine

2434 599 2523 650 καὶ
2537 601 2602 668 τῇ
2633 598 2773 650 ’ἑλικι
2799 597 2897 667 τῆς
2914 598 3160 667 ἀμπέλου
3182 599 3272 650 τὸν
3297 597 3474 650 πῶλον
3495 598 3597 668 τῆς
3620 598 3744 650 δνου
3773 597 3996 649 αὐτοῦ’»

748 708 1034 761 denotetut'
1067 704 1252 767 Israel,
1301 703 1502 770 passim
1557 702 1834 772 propheta:
1875 703 2093 757 docent.
2132 701 2328 772 Utique

751 799 917 853 David
966 799 1071 851 ait:
1127 818 1146 848 ι
1191 795 1411 850 Vineam
1457 812 1523 850 ex
1563 795 1798 867 Egypto
1853 795 2174 850 transtulisti
2195 796 2263 850 ³⁷.
2301 814 2322 848 ι

750 891 887 945 Tum
964 891 1225 945 Dominus
1287 892 1338 942 in
1377 889 1732 955 Evangeliis:
1790 908 1809 940 ι
1862 885 2042 944 Homo
2101 889 2324 958 quidam

751 985 966 1035 vincam
1036 982 1380 1051 plantavit“.
1425 1002 1444 1034 ι
1509 980 1723 1036 Pulluni
1788 983 1924 1038 dicit
1975 981 2324 1035 ethnicorum

752 1075 1012 1146 populum
1034 1116 1050 1139 ,
1101 1085 1282 1143 utpote
1311 1075 1491 1130 adhuc
1520 1075 1806 1130 indocilem
1839 1085 1896 1130 et
1932 1077 2200 1130 domitore
2232 1090 2325 1129 ca-

754 1177 981 1222 rentem.
1019 1166 1132 1223 lloc
1161 1169 1278 1237 ipse
1302 1166 1567 1223 Dominus
1622 1169 1821 1231 innuit,
1878 1184 2004 1224 cum
2051 1168 2329 1223 mandavit

697 1323 700 1326 ,
753 1265 1038 1335 discipulis
1072 1275 1128 1319 ut
1153 1266 1208 1318 in
1241 1265 1528 1320 adversum
1558 1267 1837 1321 castellum
1869 1268 2032 1332 irent,
2064 1269 2329 1321 vinctam-

753 1373 859 1425 que
901 1359 1112 1413 asinam
1143 1360 1415 1412 solverent
1443 1374 1568 1413 cum
1609 1359 1758 1428 pullo
1802 1360 1942 1429 ejus,
1973 1376 2136 1430 quem
2168 1375 2327 1414 nemo

753 1451 952 1512 adhuc,
990 1451 1185 1520 inquit,
1228 1452 1500 1507 insederat
1518 1453 1584 1506 ⁸⁸.
1616 1452 1748 1508 Nam
1779 1471 1956 1526 neque
1993 1459 2324 1526 patriarcha,

754 1558 930 1610 neque
959 1543 1255 1610 legislator,
1279 1560 1452 1614 neque
1485 1546 1748 1616 propheta
1773 1548 1964 1604 salutis
1981 1551 2324 1607 ethnicorum

754 1651 941 1688 curaui
968 1648 1266 1705 gesserant.
1301 1636 1416 1692 Divi
1440 1649 1623 1694 autem
1654 1642 1881 1710 apostoli
1910 1644 2126 1698 erudire
2147 1646 2328 1700 ethni-

755 1742 848 1780 cos
877 1725 1018 1793 jussi
1058 1727 1336 1782 solverunt
1391 1731 1622 1794 asinam,
1656 1730 1708 1786 id
1742 1740 1826 1786 est
1854 1733 2135 1788 hominum
2167 1744 2329 1791 natu-

756 1835 873 1871 rant
914 1831 1260 1887 peccatorum
1289 1821 1418 1874 loris
1465 1829 1623 1875 antea
1650 1823 1955 1879 devinctam
1987 1839 2002 1877 :
2045 1825 2328 1882 solverunt
2357 1851 2402 1910 Β

755 1923 810 1963 ct
843 1909 1069 1977 pullum.
1105 1912 1497 1980 germinantem
1536 1913 1744 1970 scilicet
1785 1931 1852 1970 ex
1892 1933 1956 1972 ea
2013 1920 2271 1988 populum
2309 1938 2324 1975 :

759 2002 1133 2073 impositisque
1157 2005 1205 2058 ei
1233 2005 1568 2061 vestimentis
1598 2009 1732 2069 suis,
1763 2008 1813 2063 id
1840 2019 1944 2073 est,
1978 2027 2140 2081 quam
2173 2028 2330 2068 acce-

759 2107 968 2162 perant,
1007 2097 1179 2162 gratia
1232 2100 1380 2167 (nam
1422 2109 1689 2168 quotquot
1724 2100 1776 2155 in
1812 2101 2031 2157 Christo
2070 2105 2328 2174 baptizati

760 2197 920 2248 sunt,
980 2185 1254 2241 Christum
1311 2189 1684 2261 induerunt“)
1748 2192 1977 2248 docilem
2035 2195 2332 2253 eﬂccerunt

756 2291 918 2342 eum,
967 2277 1059 2348 qui
1115 2287 1236 2333 erat
1296 2290 1451 2334 antea
1495 2282 1674 2351 pullus
1723 2285 2060 2353 indomitus,
2118 2289 2332 2362 ipsique

762 2369 1049 2426 Dominum
1085 2372 1481 2442 imposuerunt.
1532 2374 1670 2431 Tum
1708 2382 1957 2435 eumdem
1997 2382 2089 2437 viti
2140 2385 2333 2451 alliga-

762 2474 979 2528 verunt,
1020 2465 1072 2519 id
1103 2478 1186 2520 est
1213 2467 1432 2522 sibimet
1462 2470 1596 2538 ipsis
1633 2490 1647 2525 :
1695 2488 1820 2527 nam
1859 2472 2063 2532 Judmis
2112 2479 2331 2536 oriundi

761 2559 1015 2628 apostoli.
1067 2557 1251 2628 Neque
1320 2562 1580 2629 apostolis
1635 2571 1879 2630 tantum,
1928 2584 2115 2624 verum
2168 2577 2331 2628 etiam

764 2649 960 2704 horum
1011 2651 1294 2722 discipulis
1340 2655 1574 2710 devincti
1625 2656 1810 2715 ﬁdeles
1855 2673 2032 2717 sunt:
2085 2664 2137 2719 id
2187 2668 2335 2736 quod

763 2745 1072 2813 patriarcha
1126 2748 1426 2816 praevidens
1474 2750 1550 2804 ait
1592 2765 1608 2804 :
1660 2753 1902 2824 Alligans
1955 2758 2049 2812 viti
2119 2762 2334 2817 asinam

764 2853 940 2902 suam,
975 2854 1234 2910 ramoque
1263 2841 1388 2897 vitis
1419 2842 1624 2911 pullum
1654 2846 1818 2902 asina:
1847 2863 1980 2903 sum.

2424 692 2506 744 ὅτι
2534 690 2589 743 δὲ
2621 690 2862 760 ἄμπελος
2900 692 2930 742 ό
2989 691 3206 761 Ἰσραὴλ
3253 690 3607 759 ὠνομάζετο.
3647 691 3855 747 πάντες
3907 690 4003 754 μὲν

2424 782 2474 834 oi
2511 784 2785 850 προφῆται
2807 781 3142 835 διδάσκουσι·
3167 783 3261 834 καὶ
3290 781 3454 834 Δαὸἰδ
3485 796 3643 849 φησι·
3670 800 3688 829 ι
3718 781 4003 847 Ἄμπελον

2425 876 2481 942 ἐξ
2506 876 2781 943 Αἰγύπτου
2815 877 3079 944 μετῆρας·
3107 894 3126 924 ι
3150 876 3243 928 καὶ
3265 876 3294 927 ὁ
3323 874 3525 942 Κύριος
3545 874 3605 926 δὲ
3623 875 3681 924 ὲν
3697 874 3814 933 τοῖς
3840 871 4006 935 Εὐαγ.

2424 969 2642 1036 γελίοις·
2670 985 2689 1018 ι
2713 965 3028 1037 ’Ἄνθρωπός
3041 983 3122 1028 τις
3139 965 3432 1033 ἐφύτευσεν
3444 963 3770 1034 ἀμπελῶνα·
3785 980 3806 1011 ι
3829 959 4005 1012 πῶλον

2424 1060 2479 1112 δὲ
2513 1060 2603 1112 τὸν
2639 1057 2699 1122 ἐξ
2725 1057 2893 1110 ἐθνῶν
2921 1055 3178 1126 ὀνομάζει
3213 1056 3364 1119 λαὸν,
3413 1055 3489 1118 ὡς
3529 1054 3853 1122 ἀδάμαστον
3880 1051 4005 1101 ὄντα

2427 1152 2519 1203 καὶ
2569 1149 2925 1220 πωλοδάμνην
2973 1149 3076 1202 οὐκ
3136 1147 3428 1218 ἐσχηκότα·
3468 1146 3628 1199 τοῦτο
3686 1146 3801 1213 γάρ
3857 1144 3954 1195 καὶ
3979 1142 4005 1191 ό

2427 1240 2628 1312 Κύριος
2680 1239 2901 1309 ᾐνίξατο
2951 1240 3065 1300 τοῖς
3113 1237 3434 1299 ἀποστόλοις
3483 1230 3880 1306 προστεταχὼς
3931 1232 4005 1290 είς

2425 1333 2522 1401 τὴν
2550 1332 2811 1385 ἀπέναντι
2854 1329 3047 1401 κώμην
3078 1329 3332 1383 ἀπελθεῖν
3386 1328 3481 1381 καὶ
3529 1327 3694 1380 λῦσαι
3731 1325 3840 1394 τὴν
3891 1323 4009 1374 δνον

2425 1426 2524 1496 τὴν
2563 1424 2856 1494 δεδεμένην
2883 1421 3091 1476 καὶτὸν
3117 1423 3322 1492 ταύτης
3355 1421 3551 1484 πιῖιλον,
3587 1419 3675 1487 ἐφ’
3714 1417 3799 1481 ὃν,
3851 1414 4006 1484 φησὶ,

2424 1515 2600 1578 οὐδεὶς
2643 1515 2947 1586 ἀνθρώπων
3004 1513 3254 1567 ἐκάθισε·
3296 1513 3420 1566 οὔτε
3467 1514 3577 1582 γάρ
3632 1509 4015 1582 πατριάρχης,

2426 1605 2550 1660 οὔτε
2575 1605 2898 1677 νομοθέτης,
2927 1604 3054 1659 οὕτε
3076 1606 3365 1676 προφήτης
3386 1604 3523 1674 (58),
3554 1603 3654 1674 τῆς
3686 1601 3804 1655 τῶν
3843 1600 4012 1653 ἰθνῶν

2429 1699 2709 1770 ἐφρόντισε
2759 1699 3063 1770 σωτηρίας·
3095 1699 3146 1752 oi
3186 1699 3244 1752 δὲ
3282 1698 3419 1751 θεῖοι
3470 1696 3766 1751 ἀπόστολοι
3833 1707 4008 1764 προσ-

2428 1791 2723 1862 ταχθέντες
2788 1791 3125 1862 μαθητεῦσαι
3176 1792 3246 1844 τά
3307 1790 3457 1859 ἔθνη,
3514 1787 3717 1840 ἔλυσαν
3767 1785 3877 1856 μὲν
3918 1783 4015 1853 τὴν

2428 1885 2569 1948 δνον,
2611 1885 2859 1937 τουτέστι
2900 1883 3010 1938 τῶν
3043 1883 3348 1954 ἀνθρώπων
3378 1881 3477 1952 τὴν
3507 1881 3672 1950 φύσιν
3720 1880 3827 1947 τὴν
3868 1876 4013 1929 δεδε-

2432 1977 2600 2048 μένην
2637 1978 2763 2040 ταῖς
2808 1977 2903 2046 τῆς
2947 1976 3225 2047 ἁμαρτίας
3283 1977 3510 2047 σειραῖς·
3564 1973 3765 2025 ἔλυσαν
3825 1970 3887 2022 δὲ
3926 1971 4016 2022 καὶ

2429 2065 2520 2118 τὸν
2565 2066 2744 2119 πῶλον
2771 2067 2864 2120 τὸν
2915 2068 2980 2121 ὲκ
3015 2067 3220 2136 ταύτης
3273 2066 3686 2135 βεϐλαστηκότα
3713 2063 3869 2115 λαόν·
3925 2061 4015 2113 καὶ

2430 2159 2708 2223 ἐπιθέντες
2737 2158 2888 2230 αὐτῷ
2911 2159 2979 2213 τά
3036 2160 3224 2229 ἱμάτια
3257 2160 3327 2212 τά
3357 2157 3592 2222 ἑαυτῶν,
3625 2155 3888 2209 τουτέστι
3918 2155 4014 2222 τὴν

2430 2252 2592 2324 χάριν
2609 2246 2678 2324 ἦς
2700 2251 2888 2322 ἔτυχον
2913 2253 3051 2322 (ὅσοι
3078 2251 3188 2322 γάρ
3207 2253 3287 2316 είς
3307 2250 3542 2322 Χριστὸν
3567 2246 4010 2316 ἐϐαπτίσθησαν,

2432 2344 2665 2415 Χριστὸν
2679 2343 3016 2412 ὲνεδύσαντο)
3029 2344 3266 2414 ,εὐήνιον
3283 2344 3570 2413 ἀπέφηναν
3585 2341 3675 2394 τὸν
3695 2341 4013 2408 άδάμαστον

2433 2436 2726 2502 πῶλον,καὶ
2753 2436 3089 2490 έπεκάθισαν
3109 2436 3259 2507 αὐτῷ
3291 2437 3382 2490 τὸν
3402 2435 3701 2504 Δεσπότην.
3721 2433 3821 2486 καὶ
3847 2448 3994 2502 προσ

2435 2528 2632 2600 έδησαν
2693 2528 2855 2583 αύτδν
2903 2531 2971 2600 τῇ
3030 2529 3283 2598 ἀμπέλῳ,
3337 2529 3620 2581 τουτέστιν
3671 2527 3916 2586 ἑαυτοῖς·
3957 2523 4015 2587 ἐξ

2448 2622 2718 2676 Ἰουδαίων
2755 2623 2864 2692 γάρ
2899 2623 2950 2676 oi
2983 2621 3298 2686 ἀπόστολοι,
3344 2621 3406 2673 ού
3433 2619 3593 2690 μόνον
3623 2619 3680 2671 δὲ
3720 2618 3837 2679 τοῖς
3877 2617 4014 2669 ἀτω-

2438 2715 2644 2779 στόλοις
2677 2715 3030 2786 συνήφθησαν
3054 2714 3103 2766 οἱ
3130 2712 3577 2774 πεπιστευκότες,
3604 2709 3739 2765 ἀλλά
3772 2709 3877 2762 καὶ
3902 2711 4014 2769 τοῖς

2433 2806 2546 2859 τῶν
2588 2807 2901 2861 ἀποστόλων
2967 2806 3233 2877 μαθηταῖς
3261 2823 3275 2836 ·
3334 2805 3430 2858 καὶ
3474 2803 3629 2856 τοῦτο
3681 2799 3946 2872 προορῶν
3991 2802 4016 2850 ἑ

2438 2897 2785 2968 πατριάρχης
2813 2896 2916 2966 ἔφη
2940 2912 2954 2926 ·
2975 2915 2994 2946 ι
3017 2896 3307 2966 Δεσμεύων
3327 2893 3465 2965 πρὸς
3486 2890 3728 2962 άμπελον
3755 2891 3866 2957 τὴν
3896 2889 4016 2941 δῖον

2437 2990 2625 3055 αὑτοῦ,
2653 2991 2747 3042 καὶ
2774 2991 2844 3060 τῇ
2869 2987 3010 3041 ἕλικι
3031 2987 3132 3058 τῆς
3157 2986 3406 3057 ἀμπέλου
3434 2985 3525 3037 τὸν
3544 2983 3721 3036 πῶλον
3755 2982 3864 3052 τῆς
3895 2981 4018 3033 ὕψου

2438 3078 2622 3132 αὑτοῦ.
2660 3097 2679 3129 ι

836 3153 889 3206 4.
948 3153 1081 3207 Exin
1124 3155 1433 3225 passionem
1482 3175 1702 3232 quoque
1729 3165 2010 3234 praedicit:
2053 3188 2072 3220 ι
2109 3169 2335 3230 Lavabit

2509 3173 2569 3226 δ’.
2604 3168 2735 3226 Εἶτα
2765 3172 2859 3225 καὶ¹
2899 3171 2960 3224 τὸ
2984 3171 3153 3234 πάθος
3192 3169 3478 3240 προλέγει·
3513 3186 3533 3219 ι
3565 3166 3756 3220 Πλυνεῖ
3794 3168 3860 3218 ὲν
3895 3166 4020 3235 οἴνῳ

766 3249 894 3301 vino
931 3248 1124 3301 stolam
1165 3264 1345 3313 suam,
1395 3254 1662 3322 sanguine
1699 3272 1816 3312 uvae
1859 3259 2085 3328 pallium
2121 3280 2280 3321 suum
2321 3286 2336 3322 :

767 3341 969 3395 hilares
1005 3342 1147 3396 oculi
1185 3343 1306 3410 ejus
1348 3359 1380 3398 a
1414 3347 1571 3411 vino,
1625 3353 1840 3408 candidi
1879 3356 2087 3413 dentes.
2128 3356 2341 3430 Corpus

765 3434 983 3503 quidem
1017 3435 1137 3504 ejus
1171 3436 1324 3491 stolae
1357 3440 1578 3494 nomine
1611 3442 1859 3514 indigitat
1883 3485 1898 3510 ,
1955 3449 2064 3503 vini
2121 3453 2342 3507 nomine

767 3526 1124 3595 sanguinem:
1158 3543 1282 3582 nam
1303 3543 1686 3587 consecratum
1719 3535 1900 3590 vinum
1923 3542 2145 3611 sanguis
2172 3544 2339 3610 est“,

769 3625 906 3670 teste
938 3616 1243 3671 Servatoris
1265 3634 1538 3678 sermone.
1567 3619 1703 3676 Tum
1727 3627 2110 3694 evangelistam
2142 3629 2347 3685 docen-

769 3719 876 3760 tem
906 3708 1194 3773 audimus,
1227 3709 1376 3779 quod
1427 3726 1552 3766 eum
1586 3713 1782 3776 militis,
1816 3715 2004 3772 lancea
2054 3719 2194 3775 latus
2222 3723 2342 3791 ejus

765 3797 1027 3855 eﬂ'ossuin
1053 3809 1156 3863 est,
1186 3803 1407 3872 sanguis
1439 3813 1494 3856 et
1521 3818 1662 3873 aqua
1700 3808 2005 3876 eruperit“
2035 3827 2050 3864 :
2077 3826 2200 3880 quae
2219 3828 2342 3868 sca-

769 3890 937 3942 tebrm
952 3904 1078 3944 eum
1105 3892 1158 3943 in
1189 3905 1389 3961 corpus
1414 3893 1740 3960 dilllnerent,
1784 3895 1990 3952 idcirco
2034 3900 2151 3954 ait:
2191 3920 2210 3952 ι
2234 3901 2341 3958 La-

772 3980 917 4035 vabit
974 3983 1102 4036 vino
1156 3985 1352 4036 stolam
1397 3999 1575 4050 suam,
1629 4002 1746 4042 uva
1799 3990 2065 4060 sanguine
2120 3995 2341 4062 pallium

767 4072 1010 4129 suum".
1043 4092 1063 4124 ι
1098 4073 1300 4130 Deinde
1335 4079 1632 4132 ostendens
1665 4090 1982 4137 exorturum
2022 4100 2054 4140 e
2088 4088 2344 4155 passione

768 4166 1057 4236 gaudium,
1084 4167 1346 4233 illilares,
1366 4169 1567 4240 inquit,
1596 4174 1738 4227 oculi
1758 4175 1876 4243 ejus
1897 4190 1928 4229 a
1951 4176 2076 4232 vino
2114 4195 2128 4232 :
2157 4197 2177 4230 ι
2216 4196 2341 4234 nam

773 4257 954 4312 laetitia
988 4257 1138 4312 orbis
1169 4256 1474 4314 servatoris
1505 4266 1688 4330 passio
1715 4273 1821 4320 est.
1848 4264 1999 4331 Quod
2027 4278 2207 4324 autem
2242 4272 2344 4327 hac

775 4351 944 4420 llgura
972 4352 1283 4420 passionem
1305 4355 1617 4422 patriarcha
1639 4357 2023 4428 designaverit,
2051 4365 2204 4417 testis
2229 4365 2344 4434 ipse

2441 3264 2540 3332 τὴν
2566 3262 2756 3333 στολὴν
2776 3263 2967 3329 αὑτοῦ,
2992 3264 3085 3317 καὶ
3116 3266 3173 3316 έν
3195 3263 3388 3332 αἵματι
3423 3259 3696 3329 σταφυλῆς
3719 3260 3824 3328 τήν
3863 3274 4020 3326 περιρ

2442 3357 2602 3430 δολὴν
2665 3355 2829 3411 αὑτοῦ
2857 3374 2871 3389 ο
2939 3356 3224 3428 χαροποιοὶ
3280 3355 3330 3407 oi
3377 3352 3643 3422 ὀφθαλμοὶ
3688 3351 3867 3405 αὑτοῦ
3919 3351 4021 3405 ὀ.πὴ

2441 3449 2586 3503 οἴνου
2613 3465 2627 3479 ·
2700 3448 2794 3501 καὶ
2868 3447 3055 3500 λευκοὶ
3133 3447 3183 3499 oi
3229 3445 3441 3507 ὀδόντες
3497 3443 3663 3498 αὑτοῦ
3689 3461 3704 3476 ·
3752 3462 3770 3493 ι
3819 3446 3923 3496 καὶ
3969 3447 4021 3496 τὺ

2447 3543 2544 3613 μὲν
2607 3541 2768 3612 σῶμα
2824 3539 2990 3594 αὑτοῦ
3042 3539 3235 3607 στολὴν
3300 3536 3556 3606 ὀνομάζει
3583 3554 3599 3568 ο
3651 3537 3715 3589 τὸ
3770 3537 3838 3589 δὲ
3885 3535 4019 3606 αἱμα

2443 3631 2585 3689 οἶνον
2620 3650 2634 3667 ο
2669 3632 2853 3705 ἐπειδὴ
2877 3633 2972 3686 καὶ
3003 3635 3095 3684 τὸν
3124 3631 3385 3702 μυστικὸν
3409 3628 3551 3684 οἶνον
3579 3625 3717 3699 αἷμα
3745 3630 4022 3693 κέκληκεν

2442 3727 2472 3779 ό
2496 3727 2770 3797 Δεσπότης
2803 3724 2939 3796 (59)·
2968 3724 3242 3794 ἀκούομεν
3263 3723 3321 3777 δὲ
3355 3725 3452 3776 καὶ
3495 3721 3589 3776 τοῦ
3627 3720 4022 3789 εὐαγγελιστοῦ

2444 3819 2781 3881 διδάσκοντος
2839 3817 2915 3881 ὡς
2959 3815 3055 3869 τοῦ
3076 3815 3407 3887 στρατιώτου
3459 3817 3529 3885 τῆ
3560 3812 3727 3884 λόγχη
3759 3814 4023 3880 νύξαντος

2445 3910 2611 3966 αὑτοῦ
2634 3912 2734 3982 τὴν
2761 3910 3027 3981 πλευράν,
3069 3908 3294 3979 ἐξῆλθεν
3325 3901 3465 3978 αἷμα
3498 3907 3593 3961 καὶ
3625 3907 3768 3977 ὕδωρ
3801 3923 3818 3936 ·
3880 3899 4023 3960 οὗτοι

2445 4005 2502 4057 δὲ
2537 4004 2587 4057 oi
2612 4003 2833 4074 κρουνοὶ
2872 4001 2961 4056 διὰ
3009 4000 3104 4054 τοῦ
3154 4001 3408 4071 σώματος
3455 3999 3851 4070 κατερρύησαν
3878 4010 3895 4028 ⁸
3941 3999 4023 4051 διὰ

2445 4095 2605 4151 τοῦτο
2641 4096 2734 4149 καί
2765 4110 2922 4166 φησι·
2965 4115 2984 4147 ι
3015 4094 3216 4148 Πλυνεῖ
3250 4096 3309 4148 ὲν
3335 4094 3465 4161 οἴνῳ
3480 4091 3580 4162 τὴν
3602 4091 3798 4162 στολὴν
3833 4092 4020 4153 αὑτοῦ,

2445 4189 2537 4241 καὶ⁵
2601 4188 2659 4240 ὲν
2719 4188 2912 4257 αἵματι
2965 4185 3245 4254 σταφυλῆς
3297 4183 3398 4254 τὴν
3425 4182 3718 4254 περιϐολὴν
3768 4183 3969 4236 αὑτοῦ.
4003 4202 4020 4233 ι

2446 4275 2579 4333 Εἶτα
2632 4278 2844 4340 δεικνὺς
2897 4275 2997 4346 τὴν
3049 4275 3158 4329 ἀπὸ
3206 4273 3301 4328 τοῦ
3365 4274 3573 4336 πάθους
3644 4268 4025 4342 γενησομένην

2447 4371 2803 4441 εὐφροσύνην·
2841 4387 2861 4420 ι
2896 4367 3214 4440 Χαροποιοὶ,
3244 4369 3429 4436 φησὶν,
3461 4369 3512 4418 οι
3551 4365 3831 4436 ὀφθαλμοῖ⁸
3866 4367 4024 4420 αὑτοῦ

778 4446 1038 4498 Dominus
1066 4446 1252 4500 dicens
1285 4464 1298 4500 :
1337 4445 1556 4510 «Pater,
1606 4450 1651 4502 si
1696 4449 1815 4504 ﬁeri
1842 4462 2042 4522 potest,
2097 4464 2335 4509 transeat

2448 4462 2557 4514 ἀπὸ
2578 4459 2785 4514 οῐνουοι
2817 4458 3126 4529 εὐφροσύνη
3170 4459 3280 4528 γάρ
3331 4457 3434 4526 τῆς
3470 4457 3800 4528 οἰκουμένης
3831 4458 3900 4510 τὸ
3931 4474 4028 4510 σω-

774 4551 805 4587 a
851 4550 938 4590 me
988 4537 1128 4591 calix
1190 4539 1293 4592 iste
1323 4539 1388 4592 “.
1439 4557 1458 4590 ι
1513 4536 1653 4593 Tum
1706 4542 1873 4596 etiam
1929 4543 2174 4602 Zebedaei
2215 4547 2335 4603 ﬁliis

2449 4559 2637 4627 τήριον
2664 4554 2856 4618 πάθος.
2887 4527 3008 4608 Ὅτι
3045 4527 3282 4607 δὲοῦτω
3312 4553 3372 4606 τὸ
3405 4553 3576 4616 πάθος
3599 4527 3860 4614 ἐκάλεσε,
3894 4554 4028 4624 μάρ-

773 4627 998 4683 aiebat:
1057 4650 1074 4681 ι
1112 4629 1418 4687 Potestisue
1468 4633 1654 4687 bibere
1722 4635 1948 4690 calicem
2019 4653 2184 4707 quem
2246 4655 2335 4709 ego

2442 4667 2540 4714 τυς
2572 4649 2734 4711 αὐτὸς
2778 4650 2807 4701 ὁ
2857 4646 3062 4718 Κύριος
3102 4646 3314 4714 λέγων·
3371 4664 3389 4695 ι
3423 4645 3626 4717 Πάτερ,
3679 4647 3732 4698 εί
3776 4646 4023 4708 δυνατὸν,

776 4721 1046 4776 bibiturus
1077 4724 1296 4777 sum“?
1333 4744 1351 4776 ι
1388 4724 1531 4796 Ergo
1568 4726 1853 4783 oculorum
1881 4730 2130 4786 hilaritas
2158 4746 2335 4787 conse'

2444 4740 2760 4810 παρελθέτω
2787 4739 2850 4792 τὺ
2883 4744 3141 4808 ποτήριον
3177 4737 3333 4790 τοῦτο
3358 4738 3454 4790 ἀπ’
3489 4737 3623 4807 ἐμοῦ
3651 4754 3665 4768 ·
3700 4756 3720 4788 ι
3756 4737 3909 4791 οὕτω
3939 4737 4027 4790 καὶ

775 4826 954 4869 cutam
997 4831 1028 4873 e
1078 4819 1331 4886 passione
1382 4819 1622 4874 latitiam
1678 4822 1919 4876 denotat.
1955 4821 2198 4895 Namque
2225 4838 2335 4895 post

2441 4839 2553 4898 τοῖς
2585 4835 2719 4894 υἱοῖς
2749 4833 2855 4902 ἔφη
2886 4831 3171 4886 Ζεϐεδαίου
3193 4847 3206 4860 ·
3261 4848 3280 4881 ι
3308 4830 3547 4883 Δύνασθε
3585 4831 3735 4883 πιεῖν
3771 4830 3838 4882 τὸ
3872 4832 4027 4898 mf;

775 4910 1257 4976 passionemmissi
1287 4924 1415 4965 sunt
1448 4914 1500 4966 in
1536 4916 1848 4969 universqu
1876 4918 2064 4972 orbem
2092 4921 2335 4990 discipuli

2447 4944 2560 4996 ριον
2581 4927 2610 4979 ὃ
2638 4924 2749 4994 ἐγὼ
2783 4925 2962 4996 μέλλω
2993 4926 3136 4976 πιεῖν
3158 4941 3173 4989 ;
3197 4942 3217 4973 ι
3277 4923 3337 4976 τὸ
3359 4924 3544 4975 τοίνυν
3572 4923 3880 4993 χαροποιδν
3929 4924 4026 4975 τῶν

773 5001 1000 5055 salutem
1049 5003 1298 5059 ﬁdelibus
1343 5007 1579 5060 allatnri.
1614 5006 1733 5063 lam
1762 5010 2026 5067 doctrina:
2059 5016 2335 5084 puritatem

2452 5017 2769 5088 ὀφθαλμῶν,
2796 5016 2895 5087 τὴν
2944 5016 3081 5086 μετὰ
3133 5017 3194 5068 τὸ
3246 5014 3423 5077 πάθος
3459 5015 3806 5085 εὐφροσύνην
3838 5014 3989 5085 δηλοῖ
4011 5029 4024 5040 ’

773 5093 1184 5166 claritatemque
1230 5100 1636 5156 candidissimis
1685 5103 1936 5160 dentibus
1989 5111 2335 5174 comparavit.

2459 5110 2599 5180 μετά
2626 5109 2734 5179 γάρ
2767 5108 2829 5161 τὸ
2858 5107 3027 5170 πάθος
3052 5107 3147 5161 καὶ
3203 5106 3303 5177 τὴν
3348 5108 3666 5170 ἀνάστασιν,
3723 5108 3804 5168 εἰς
3853 5109 4026 5161 πᾶσαν

779 5205 797 5237 ι
831 5186 1081 5254 Candidi,
1113 5190 1310 5260 inquit,
1341 5194 1528 5250 dentes
1557 5194 1677 5265 ejus
1715 5212 1823 5266 prae
1849 5199 1986 5254 lacte
2003 5200 2070 5254 “.
2115 5217 2135 5254 ι
2176 5200 2335 5272 Atque

2456 5203 2843 5272 ἀπεστάλησαν
2864 5201 2964 5271 τὴν
2986 5199 3315 5270 οἰκουμένην
3363 5201 3412 5252 οἱ
3444 5198 3686 5270 μαθηταὶ
3718 5199 3822 5269 τὴν
3856 5216 4026 5267 own,-

776 5280 1041 5336 hactenus
1065 5284 1376 5353 patriarcha
1413 5285 1611 5343 Judam
1637 5295 2059 5349 commendavit.

2463 5295 2580 5367 ρίαν
2609 5294 3012 5364 προσφέροντες
3068 5277 3183 5354 τοῖς
3227 5292 3546 5344 πιστεύουσι
3572 5308 3586 5323 ·
3639 5292 3741 5361 τῆς
3769 5292 3830 5344 δέ
3867 5309 3934 5360 γε
3957 5293 4029 5344 δι-

848 5425 1283 5512 ”ml’sal‘._t.nxxrx,
1315 5433 1368 5487 9.
1448 5432 1778 5512 "timet-ul
1811 5438 1877 5512 9,,
1941 5441 1984 5472 to
2016 5441 2147 5498 Luc.
2203 5464 2315 5512 nx,
2348 5453 2439 5506 50.
2514 5450 2560 5482 ιο
2585 5447 2763 5504 calas.
2796 5457 2880 5505 ιιι,
2928 5439 3063 5512 27._
3096 5435 3137 5466 "
3177 5429 3364 5487 Matth.
3399 5443 3551 5512 :va,
3608 5427 3698 5482 38.
3775 5430 3821 5461 δ’
3861 5426 4023 5484 Marc.

775 5512 831 5561 Χ,
874 5497 964 5551 38.
1032 5498 1085 5528 “
1116 5499 1251 5555 Gen.
1301 5519 1446 5566 uix,
1481 5505 1569 5560 ll.
1645 5506 1693 5537 “
1731 5507 1923 5566 Matth.
1980 5497 2878 5582 xxvi,diuuvﬂatthrss,22.
2951 5510 2996 5541 “
3024 5506 3224 5562 Cenes.
3263 5516 3409 5565 aut,
3445 5501 3530 5554 l2.

2257 5655 2491 5714 NOTAS.

990 5785 1192 5864 Excipe
1219 5798 1399 5864 tamen
1433 5799 1579 5846 certe
1607 5790 1797 5848 Ionam
1821 5793 1886 5847 ad
1917 5796 2166 5854 ethnicos
2189 5797 2458 5857 Ninivitas
2485 5803 2736 5858 missum.

849 5855 964 5926 (59)
995 5855 1194 5916 RecOle
1217 5860 1395 5918 Photii
1431 5864 1791 5933 quaestionem
1829 5866 1917 5921 75.
