4162 6442
167 407 301 473 1οΠ

1136 414 1235 473 ΑΙ)
1264 414 1851 481 AMPHILOCHIUM
1905 423 2253 494 QUIESTIO
2286 426 2496 487 CCLX.

3261 419 3395 484 1078

158 519 453 583 δασκαλίας
498 518 561 572 sb
599 518 790 581 διειδὶς
843 518 936 572 καί⁵
977 518 1041 573 τδ
1083 517 1341 588 διαφανὲς
1389 522 1734 591 λευκοτάτας
1780 528 1995 585 ὀδοῦσιν
2023 534 2292 588 ἀπείκασε
2320 551 2335 566 ’
2366 554 2387 587 ι
2418 532 2623 589 Δευκοὶ
2648 530 2791 603 γάρ,
2841 530 3028 601 φησὶν,
3072 529 3122 583 οί
3183 528 3395 593 ὀδόντες

157 612 389 681 αὑτοῦῆ
451 612 612 680 γάλα.
654 630 673 663 ι
726 610 977 665 Τοσαῦτα
1000 610 1100 680 μιν
1151 613 1480 681 προείρηκεν
1529 617 1558 668 6
1616 617 1959 689 πατριάρχης
1987 622 2226 691 εὐλογῶν
2251 625 2346 678 τὸν
2413 624 2635 681 Ἰούδαν.

228 705 291 759 ε’.
335 702 440 756 τοῦ
492 703 551 756 δὲ
604 701 892 757 Ζαϐουλὼν
947 702 1249 773 προείρηκε
1298 702 1395 774 τὴν
1464 706 1728 775 παράλιον

1896 710 1952 769 5.
2005 714 2117 783 Age
2172 729 2301 770 vero
2349 714 2641 770 Zabulouis
2700 714 3034 771 maritimum
3094 715 3389 771 iucolatum

153 794 369 864 οἴκησιν
394 810 410 825 ’
446 792 541 847 τοῦ
565 795 623 847 δὲ
667 793 886 864 ’ἰσάχαρ
933 793 1034 863 τὴν
1060 793 1352 864 γηπονίανο
1378 794 1473 849 τοῦ
1501 796 1560 849 δὲ
1591 797 1721 863 Δάν,

156 887 298 937 κατὰ
333 885 435 953 μέν
468 900 640 946 τινας.
679 885 749 939 τά
770 884 876 937 ύπδ
901 883 997 937 τοῦ
1050 882 1291 953 Σαμψὼν
1346 888 1718 955 γεγενημένα·

155 972 221 1022 εκ
246 970 446 1040 ταύτης
478 969 585 1040 γάρ
610 966 679 1041 ἦν
708 973 809 1041 τῆς
841 971 1016 1041 φυλῆς
1042 988 1059 1005 ·
1113 973 1512 1045 συνηρίθμηται
1543 974 1601 1027 δὲ
1628 975 1724 1030 καὶ

156 1063 269 1123 τοῖς
294 1063 521 1131 Κριταῖς
539 1076 554 1091 ’
584 1063 679 1115 καὶ
704 1061 793 1116 διά
822 1062 1002 1126 τοῦτο,
1022 1064 1208 1132 φησὶν,
1226 1063 1350 1133 ἔφη’
1375 1083 1395 1117 ι
1421 1066 1529 1118 Δάν
1550 1068 1726 1137 κρινεῖ

155 1152 251 1203 τὸν
275 1152 469 1205 ἑαυτοῦ
500 1152 628 1206 λαὸν
652 1152 785 1205 ὡσεὶ
810 1153 905 1208 καὶ
940 1154 1041 1223 μία
1060 1154 1171 1223 (60)
1199 1154 1339 1226 φυλὴ
1359 1158 1416 1209 εν
1439 1156 1679 1227 Ἰσραήλ·
1696 1176 1715 1210 ι

158 1240 289 1294 ἔνιοι
316 1242 373 1295 δέ
400 1259 531 1310 φασι
556 1244 626 1295 τά
650 1244 793 1297 κατὰ
832 1243 931 1315 τὴν
958 1245 1201 1300 Λάῖσσαν
1227 1248 1328 1317 τὴν
1356 1245 1452 1301 νῦν
1480 1249 1727 1304 Πανεάδα
1767 1282 1772 1287 -

159 1334 501 1405 καλουμένην
561 1333 1048 1406 προσαγορεῦσαι·
1114 1336 1373 1407 ἐξαπίνης
1423 1337 1531 1409 γάρ
1582 1354 1729 1404 τινες

156 1427 271 1479 ἀπὸ
299 1426 504 1498 ταύτης
538 1426 853 1498 ὁρμώμενοι
891 1429 993 1498 τῆς
1025 1428 1220 1498 φυλῆς,
1262 1428 1434 1501 ταύτῃ
1481 1431 1728 1501 προσϐα-

158 1517 343 1580 λόντες
365 1520 432 1590 τῇ
466 1520 642 1583 πόλει,
671 1516 814 1573 εῐλόν
845 1537 905 1573 τε
938 1521 1079 1574 κατά
1106 1520 1310 1591 κράτος
1356 1523 1451 1576 καὶ
1497 1522 1727 1594 ᾤκισαν,

160 1608 260 1662 καὶ
292 1609 390 1679 τὴν
440 1610 649 1663 οἰκείαν
684 1612 822 1682 αὐτῇ
872 1612 1248 1683 προσηγορίαν
1294 1614 1579 1670 meum.
1624 1615 1733 1669 Δάν

159 1697 273 1768 γὰρ
298 1698 467 1768 αὐτὴν
490 1701 756 1753 ἐκάλεσαν
776 1717 791 1733 ·
844 1702 956 1768 έγὼ
980 1701 1036 1753 δὲ
1060 1695 1219 1771 οἶμαι
1245 1702 1306 1757 τὸ
1335 1702 1476 1757 θεῖον
1507 1705 1731 1776 Πνεῦμα

161 1790 354 1861 ὥσπερ
387 1792 457 1847 τὰ
480 1794 611 1863 περὶ
634 1793 728 1846 τοῦ
753 1792 1005 1867 Σωτῆρος
1050 1795 1231 1864 ἡμῶν.
1275 1794 1420 1851 οὕτω
1463 1797 1563 1851 καὶ
1603 1799 1733 1871 περὶ

160 1879 259 1933 τοῦ
330 1880 703 1952 ’Δντιχρίστου
756 1883 845 1937 διά
886 1884 981 1937 τοῦ
1022 1885 1362 1956 πατριάρχου
1414 1888 1480 1939 lx
1530 1888 1733 1959 ταύτης

161 1969 355 2041 δηλοῦν
377 1967 496 2043 [cod
507 2010 523 2026 .
542 1971 740 2044 δηλῶν]
759 1972 855 2041 τῆς
875 1974 1249 2045 προρρήσεως.
1262 1993 1282 2026 ι
1300 1975 1406 2029 Δάν
1433 1975 1562 2047 γάρ,
1575 1980 1731 2049 φησι,

1822 802 2105 871 przedixit;
2143 801 2378 859 lsachari
2412 804 2743 874 agricolandi
2785 806 3061 871 studium;
3100 804 3265 860 Danis
3294 806 3393 859 tle-

1823 893 2008 963 nique,
2040 904 2101 949 ut
2136 896 2357 965 quidam
2387 905 2692 958 autumant.
2725 912 2849 965 qua:
2891 894 3145 950 Samsoni
3180 898 3392 949 accide-

1821 993 1970 1039 runt.
1990 985 2066 1040 Ex
2090 986 2192 1041 hac
2212 987 2358 1040 enim
2377 987 2423 1041 is
2452 987 2594 1041 tribu
2624 986 2746 1049 fuit,
2763 986 3013 1055 idemque
3034 987 3089 1040 in
3108 986 3394 1040 Judicihus

1822 1087 2261 1133 connumeratur.
2297 1078 2639 1147 Quapropter
2666 1079 2906 1134 dicitur:
2956 1098 2975 1129 ι
3015 1077 3128 1132 Dan
3184 1078 3398 1147 judica-

1825 1166 1904 1222 bit
1921 1169 2178 1237 populum
2200 1184 2387 1231 suum,
2407 1169 2582 1223 instar
2608 1168 2770 1223 unius
2786 1169 2959 1226 tribus
2979 1169 3031 1223 in
3050 1169 3252 1222 lsraele
3270 1168 3336 1221 ".
3369 1187 3389 1218 ι

1826 1255 1930 1311 Alii
1981 1257 2168 1313 dicunt
2246 1259 2657 1313 commemorari
2716 1274 2783 1313 ea
2855 1273 2975 1327 quae
3050 1260 3396 1327 contigerunt

1828 1347 2029 1403 Laisse
2068 1364 2214 1404 nunc
2264 1348 2502 1403 Paneadi
2555 1351 2729 1405 dictae.
2789 1348 3030 1419 Repente
3072 1351 3218 1405 enim
3254 1365 3395 1403 non-

1830 1437 1961 1492 nulli
1986 1453 2049 1492 ea
2079 1439 2223 1493 tribu
2250 1438 2467 1493 oriundi
2492 1439 2676 1493 urbem
2708 1439 2847 1493 hanc
2870 1439 3068 1505 adorti,
3100 1440 3150 1493 vi
3180 1449 3395 1509 captam

1832 1527 1933 1597 ipsi
1962 1529 2341 1593 incoluerunt.
2396 1545 2663 1598 suumque
2713 1531 2765 1586 ei
2814 1546 3011 1586 nomen
3063 1532 3395 1596 indiderunt,

1833 1617 1946 1673 Dan
1976 1620 2183 1675 scilicet
2210 1621 2534 1676 vocitantes.
2571 1619 2683 1690 Ego
2707 1638 2836 1677 vero
2871 1622 3126 1677 existimo
3148 1622 3396 1676 divinum

1834 1705 2095 1778 Spiritum
2125 1709 2284 1764 sicuti
2313 1725 2401 1764 res
2434 1711 2740 1766 Servatoris
2768 1712 2964 1777 nostri,
3006 1712 3079 1765 ita
3116 1725 3203 1765 res
3258 1725 3398 1779 quo-

1831 1813 1938 1869 que
1957 1798 2271 1853 Antichristi
2291 1799 2393 1855 hoc
2430 1801 2683 1856 vaticinia
2712 1800 3044 1871 patefacere;
3071 1819 3089 1852 ι
3114 1799 3227 1853 Dan
3249 1801 3400 1855 scili-

1833 1900 1940 1953 cet.
1967 1890 2163 1961 inquit,
2192 1890 2456 1961 iudicabit
2491 1892 2747 1961 populum
2789 1908 2986 1957 suum,
3032 1893 3205 1945 instar
3235 1892 3401 1946 unius

1834 1979 2008 2033 tribus
2050 1977 2106 2033 in
2157 1977 2371 2035 lsraele.
2404 1998 2423 2031 ι
2458 1980 2630 2034 Sicuti
2659 1981 2727 2037 de
2754 1980 2907 2036 lude
2952 1981 3098 2035 tribu
3140 1980 3401 2035 Servator

163 2040 445 2130 κρινεῖτδν
462 2040 657 2117 ἑαυτοῦ
680 2040 960 2117 una“:
984 2040 1088 2119 ...ί
1102 2066 1242 2136 φυλὴ
1260 2066 1357 2137 μία
1374 2040 1728 2139 έντἸσραήλά

1836 2068 2109 2141 pullulans
2141 2069 2403 2125 mundum
2455 2072 2721 2137 servabit,
2778 2072 2852 2126 ita
2905 2071 2972 2126 de
3032 2070 3195 2125 Danis
3252 2071 3399 2124 tribu

168 2152 380 2225 Ὠσπερ
400 2153 531 2223 γὰρ,
562 2154 716 2224 φησὶ,
745 2156 809 2210 ἐκ
829 2156 929 2226 τῆς
957 2155 1050 2210 τοῦ
1083 2156 1253 2211 Ἰούδα
1283 2158 1457 2226 φυλῆς
1490 2160 1519 2214 6
1545 2160 1735 2231 Σωτὴρ

166 2240 476 2313 βλαστήσας
500 2244 754 2309 διασώζει
790 2247 890 2316 τὴν
915 2246 1265 2316 οἰκουμένην,
1310 2246 1486 2313 οὕτως
1519 2250 1587 2303 έκ
1634 2249 1736 2321 τῆς

164 2333 263 2386 τοῦ
293 2335 397 2387 Δάν
419 2334 595 2405 φυλῆς
622 2335 747 2405 ϐφις
770 2335 1014 2407 ὀλέθριος
1036 2335 1377 2401 ἐξελεύσεται
1401 2354 1418 2370 ·
1446 2337 1606 2393 τοῦτο
1626 2341 1736 2411 γὰρ

165 2425 337 2495 λέγει’
378 2445 398 2478 ι
428 2427 537 2480 Καὶ
566 2427 854 2498 γενηθήτω
877 2429 988 2481 Δάν
1013 2428 1136 2497 ϐφις
1162 2430 1249 2499 ἐφ’
1275 2428 1398 2484 ὁδοῦ
1422 2429 1736 2501 καθήμενος

163 2519 263 2572 ἐπὶ
290 2518 474 2588 τρίϐου
512 2519 723 2573 δάκνων
774 2522 1011 2591 πτέρναν
1042 2521 1211 2575 ῖππου
1236 2536 1253 2553 ο
1282 2523 1375 2576 καὶ
1400 2525 1652 2578 πεσεῖται
1705 2525 1736 2579 6

166 2608 366 2670 ίππεὺς
388 2608 487 2681 τὴν
507 2608 779 2679 σωτηρίαν
792 2609 1081 2679 ἀναμένων
1099 2609 1340 2680 Κυρίουκ
1356 2630 1375 2663 ι
1403 2613 1595 2685 έπειδὴ
1627 2613 1736 2685 γάρ

164 2696 408 2760 ἀπάταις
466 2700 831 2763 παντοδαπαῖς
897 2700 1233 2771 κεχρημένος
1302 2705 1561 2774 πειρᾶται
1610 2705 1738 2770 τοὺς

164 2791 627 2860 φενακιζομένους
656 2792 910 2864 ἀγρεύειν
942 2793 1025 2854 είς
1049 2792 1292 2864 ὄλεθρον,
1338 2794 1464 2864 ϐφει
1487 2796 1598 2849 τινὶ
1624 2796 1739 2849 αύ-

161 2881 263 2933 τὺν
288 2882 576 2946 ἀπεικάζει
601 2884 755 2955 παρά
789 2901 895 2937 τινι
939 2881 1111 2954 τρίϐῳ
1152 2884 1447 2952 φωλεύοντι
1501 2887 1595 2940 καὶ
1623 2888 1738 2951 τοῖς

164 2973 430 3043 παριοῦσι
461 2973 841 3046 λυμαινομὲνῳ
857 2992 869 3004 ·
905 2975 1070 3028 ίππον
1097 2974 1156 3027 δι
1181 2971 1336 3046 οἶμαι
1360 2976 1546 3030 καλεῖν
1569 2976 1736 3031 αὐτὸν

163 3064 236 3117 τὺ
261 3064 439 3132 σῶμα,
472 3065 737 3136 έπιϐάτην
753 3066 809 3119 δέ
830 3068 932 3135 τὴν
959 3066 1138 3137 ψυχήν
1162 3080 1179 3096 ·
1215 3068 1278 3121 τὸ
1309 3067 1364 3120 δι
1392 3069 1473 3131 είς
1493 3068 1740 3124 τούπίσω

164 3157 381 3221 πεσεῖν,
418 3155 692 3209 τουτέστιν
718 3155 908 3211 ῦπτιον
935 3158 1148 3211 κεῖσθαι
1172 3157 1263 3211 τὸν
1294 3157 1524 3211 θάνατον
1556 3175 1738 3230 παρα-

164 3245 357 3314 δηλοῖο
390 3246 597 3299 τοιοῦτο
625 3246 736 3318 γάρ
759 3246 871 3300 τῶν
895 3246 1208 3303 τεθνεώτων
1262 3247 1325 3301 τὸ
1381 3246 1568 3318 σχῆμα
1588 3265 1605 3280 ο
1651 3248 1739 3303 διὰ

1832 2164 2096 2220 exitiosus
2122 2164 2313 2233 anguis
2334 2163 2567 2219 exsiliet.
2589 2163 2646 2219 Id
2674 2164 2819 2219 eniln
2846 2164 3008 2219 verba
3028 2164 3282 2227 inuuunt,
3305 2163 3401 2217 fiat

1833 2253 1947 2311 Dan
1975 2270 2199 2326 serpens
2227 2256 2281 2311 in
2311 2256 2432 2322 via,
2481 2256 2752 2327 proiectus
2784 2256 2837 2311 in
2868 2256 3058 2311 acunila
3079 2294 3095 2319 ,
3143 2256 3400 2310 mordens

1832 2346 1960 2417 equi
1989 2347 2308 2403 calcaneum
2348 2366 2361 2402 :
2396 2356 2508 2401 tum
2534 2356 2751 2403 corruet
2769 2363 2955 2418 eques,
2980 2347 3074 2417 qui
3105 2362 3135 2401 a
3168 2346 3402 2401 Domino

1834 2433 2173 2506 exspectabit
2204 2434 2457 2490 salutem.
2511 2433 2781 2500 Quoniam
2826 2433 3195 2489 Antichristus
3223 2433 3401 2488 omni-

1834 2526 2012 2580 modis
2049 2524 2190 2581 dolis
2246 2533 2404 2580 utens
2458 2523 2664 2580 illectos
2720 2526 3035 2593 pertrahere
3087 2523 3292 2579 nitetur
3343 2523 3401 2578 in

1836 2614 2150 2681 interitum,
2191 2615 2336 2669 hunc
2362 2614 2587 2669 colubro
2634 2622 2915 2683 comparat
2955 2613 3111 2682 juxta
3146 2614 3396 2668 semitam

1834 2705 2102 2771 latitanti,
2154 2706 2563 2775 viatoribusque
2604 2706 2831 2761 exitium
2874 2704 3149 2760 inferenti.
3188 2704 3399 2773 Equum

1834 2795 1943 2850 dici
1970 2811 2000 2849 a
2027 2796 2334 2865 patriarcha
2364 2811 2564 2866 corpus
2593 2810 2817 2862 censeo;
2848 2797 3111 2865 equitem,
3136 2796 3395 2849 animam.

1837 2885 1992 2953 Quod
2014 2894 2197 2942 autem
2231 2897 2376 2941 retro
2403 2886 2623 2953 decidit,
2647 2885 2699 2940 id
2726 2894 2809 2940 est
2830 2886 3058 2954 supinus
3092 2883 3400 2953 projicitur,

1838 2991 1987 3033 mors
2026 2977 2283 3032 nimirum
2315 2977 2597 3032 innuitur:
2650 2977 2739 3033 bic
2767 2987 2850 3031 est
2882 2976 3027 3029 enim
3057 2973 3401 3028 exanimato-

1837 3083 1961 3124 rum
1988 3068 2225 3125 habitus.
2259 3068 2528 3124 Calcaneo
2555 3069 2784 3135 denique
2810 3066 3056 3121 fraudem
3090 3064 3358 3134 significat
3383 3082 3397 3129 ;

1838 3161 1965 3230 quia
2018 3160 2271 3215 videlicet
2322 3160 2689 3215 Antichristus
2751 3160 2888 3213 alios
2937 3156 3204 3226 decipiet,
3262 3156 3403 3211 alios

1840 3247 2210 3303 acerbissimis
2256 3248 2532 3317 suppliciis
2576 3247 2867 3302 cruciabit.
2920 3246 3109 3315 Equo,
3157 3256 3216 3300 ut
3262 3245 3401 3310 dixi,

166 3337 231 3390 δὲ
262 3340 360 3407 τῆς
391 3337 628 3409 πτέρνης
676 3338 772 3408 τὴν
819 3339 1035 3408 ἀπάτην
1078 3339 1300 3411 ᾐνίξατο
1327 3355 1342 3369 ο
1386 3339 1574 3410 δπειδὴ
1600 3340 1735 3405 ’τοὺς

1839 3352 2039 3408 corpus
2070 3338 2347 3403 innuitur:
2388 3354 2498 3408 quo
2533 3338 2659 3393 Iesu
2696 3347 2754 3393 et
2779 3348 3055 3407 corrupto,
3085 3353 3233 3391 mors
3266 3352 3402 3391 con-

168 3426 274 3496 μὲν
306 3426 572 3497 ἐξαπατᾷ,
607 3427 719 3490 τοῖς
771 3426 829 3480 δὲ
865 3427 1239 3497 παγχαλέπως
1284 3427 1533 3497 έπιφέρει
1580 3426 1735 3481 κολά-

1844 3429 2124 3499 sequitur:
2159 3444 2281 3500 qua:
2310 3436 2490 3483 tamen
2523 3427 2754 3484 fortibus
2783 3428 2895 3499 spei
2932 3428 3166 3482 fructum
3202 3427 3357 3482 all'ert
3386 3444 3401 3481 :

169 3534 290 3581 σεις
318 3534 334 3550 ·
362 3518 450 3572 διά
477 3520 535 3572 δὲ
565 3518 660 3572 τοῦ
698 3518 869 3572 ῖππου
893 3519 954 3572 τὸ
981 3518 1140 3590 σῶμα
1164 3518 1405 3591 ᾐνίξατο,
1448 3509 1511 3571 οὗ
1546 3518 1739 3572 δακνο-

1842 3520 2004 3590 hujus
2029 3535 2155 3577 vero
2180 3521 2294 3591 spei
2314 3519 2545 3587 fructus,
2580 3522 2748 3577 salus.

171 3611 343 3680 μένου
402 3611 496 3664 καὶ
517 3610 983 3683 διαφθειρομένου,
1014 3612 1246 3677 θάνατος
1268 3614 1497 3681 γίνεται,
1528 3615 1655 3680 τοὺς
1690 3614 1792 3678 si];
1844 3614 2058 3679 ιλπίδος
2098 3618 2210 3679 τοῖς
2240 3616 2567 3686 ὑπομένουσι
2606 3614 2844 3687 κομίζων
2882 3614 3125 3684 καρπούς
3147 3631 3161 3645 ·
3194 3614 3404 3685 καρπὸς

167 3704 232 3757 δὲ
262 3704 360 3773 τῆς
384 3702 640 3772 τοιαύτης
664 3703 878 3766 ἐλπίδος
901 3706 933 3775 ἡ
965 3704 1229 3776 σωτηρία.

251 3794 324 3858 ς’.
359 3794 615 3864 Προλέγει
641 3793 719 3864 τῷ
740 3794 847 3848 Γὰδ
888 3795 986 3858 τὰς
1010 3794 1272 3865 έσομένας
1287 3793 1434 3865 αύτῷ
1456 3794 1608 3866 παρά
1630 3794 1739 3848 τῶν

167 3883 480 3955 λῃστρικῶν
533 3882 735 3951 ἐφόδων
799 3883 1090 3945 ἐπιϐουλάς
1125 3899 1142 3914 ⁸
1196 3884 1354 3937 τοῦτο
1403 3885 1512 3954 γάρ
1566 3884 1738 3950 λέγει,

179 3992 203 4026 ε
252 3974 612 4042 Πειρατήριον
642 3972 959 4043 πειρατεύει
987 3972 1180 4027 αὐτόν’
1223 3991 1243 4025 ι
1286 3972 1649 4044 προαγορεύει
1683 3974 1741 4026 δὲ

170 4067 272 4120 καὶ
306 4069 407 4138 τὴν
434 4065 695 4135 ἰσομένην
742 4064 908 4119 αὐτοῦ
950 4065 1107 4135 νίκην
1130 4081 1145 4097 ·
1185 4084 1205 4117 ι
1239 4066 1349 4120 Καὶ
1388 4066 1550 4129 αὐτὸς
1608 4068 1737 4136 γάρ,

169 4158 333 4229 φησὶ,
372 4155 716 4227 πειρατεύσει
743 4154 906 4208 αὑτὸν
933 4156 1075 4209 κατὰ
1103 4156 1268 4220 πόδας
1288 4173 1303 4187 ο
1346 4175 1365 4208 ι
1392 4155 1655 4220 ὡσαύτως
1681 4157 1740 4211 δὲ

169 4248 272 4301 καὶ
295 4246 389 4300 τοῦ
407 4246 570 4317 Ἀσὴρ
591 4245 688 4316 τὴν
714 4245 996 4317 σιτοφόρον
1032 4244 1242 4317 χώραν·
1273 4246 1368 4301 καὶ
1398 4246 1492 4300 τοῦ
1516 4246 1738 4317 Νεφθα-

168 4339 302 4408 λείμ
327 4339 425 4408 τὴν
458 4338 538 4399 είς
566 4336 767 4405 πλῆθος
794 4335 1061 4389 έπίδοσιν·
1092 4336 1249 4391 τοῦτο
1268 4336 1376 4406 γάρ
1403 4337 1529 4407 εφη’
1571 4356 1591 4389 ε
1608 4337 1739 4391 Στέ-

168 4433 330 4500 λεχος
356 4429 635 4499 ἀνειμένον
662 4427 925 4491 έπιδιδοὺς
951 4429 1010 4481 ιν
1024 4427 1101 4499 τῷ
1125 4428 1436 4497 γεννήματι
1470 4428 1664 4491 κάλλος
1686 4446 1733 4480 οι

1907 3789 1961 3845 6.
1984 3788 2136 3846 Gado
2163 3787 2375 3842 futuras
2398 3801 2428 3840 a
2452 3785 2725 3840 latronum
2750 3784 3155 3840 incursionibus
3179 3784 3405 3839 insidias

1834 3882 2130 3937 ominatur.
2167 3878 2223 3931 ιιι
2249 3876 2392 3931 enim
2423 3875 2577 3929 aiunt
2606 3874 2793 3939 verba,
2823 3874 3094 3944 «direptio
3114 3889 3236 3928 eum
3275 3874 3407 3927 diri-

1837 3971 1969 4043 piet.
1992 3989 2013 4023 ι
2041 3966 2179 4023 Tum
2213 3966 2377 4022 etiam
2408 3963 2687 4019 victoriam
2711 3964 2941 4033 spondet
2974 3980 2987 4015 :
3028 3963 3173 4033 ipse,
3207 3964 3404 4031 inquit,

1837 4076 1965 4116 mox
2019 4056 2240 4127 diripiet
2296 4056 2471 4109 illum.
2527 4053 2700 4108 Asero
2766 4052 3017 4107 similiter
3086 4051 3405 4123 frugiferum

1838 4164 2027 4221 agrum
2054 4147 2333 4219 praedicit;
2366 4144 2709 4215 Nephtalimo
2729 4143 2934 4199 sobolis
2964 4143 3360 4198 incrementum
3392 4164 3405 4199 :

1837 4244 1917 4298 sic
1949 4240 2094 4297 enim
2130 4237 2505 4307 intelliguntur
2536 4236 2696 4290 verba
2720 4274 2735 4300 ,
2769 4235 2977 4289 caudex
3015 4234 3253 4290 emissus
3280 4273 3295 4297 .
3341 4250 3408 4288 ex

1839 4348 1900 4388 se
1927 4332 2151 4402 gignens
2178 4324 2599 4397 pulchritudinis
2628 4338 2867 4395 germen.
2914 4322 3119 4378 Deinde
3140 4321 3405 4377 infensam

1837 4421 2073 4491 Josepho
2104 4419 2362 4474 invidiam
2400 4416 2687 4484 variasque
2716 4414 2958 4483 pandens
2994 4414 3245 4476 insidias,
3268 4414 3408 4466 divi-

166 4519 297 4578 εἶτα
324 4522 419 4578 τοῦ
459 4522 652 4591 Ἰωσὴφ
693 4522 785 4575 τδν
824 4521 1036 4591 φθόνον,
1093 4521 1187 4573 καὶ
1238 4520 1339 4583 τὰς
1391 4521 1735 4585 παντοδαπὰς

1844 4529 1966 4570 nam
1997 4511 2237 4567 celebrat
2266 4506 2689 4570 Providentiam,
2726 4520 2833 4575 qua
2865 4513 3040 4559 tectus
3067 4503 3409 4558 adversarios

166 4614 445 4679 ἐπιδείξας
500 4586 807 4676 ἐπιϐουλάς,
836 4586 949 4682 ’τὴν
994 4610 1148 4664 θείαν
1194 4611 1353 4680 ὑμνεῖ
1394 4610 1735 4681 κηδεμονίαν,

1848 4621 1977 4663 suos
2030 4603 2326 4673 superavit.
2390 4618 2409 4651 ι
2458 4598 2691 4653 Contriti
2747 4605 2913 4659 sunt,
2971 4596 3187 4664 inquit,
3250 4610 3413 4648 arcus

169 4705 244 4758 δι’
294 4700 364 4776 ἦς
411 4705 537 4766 τοὺς
586 4702 1036 4772 πεπολεμηκότας
1090 4700 1331 4771 ινίκησε.
1388 4717 1407 4750 ι
1450 4699 1745 4770 Συνετρίϐη

170 4796 308 4865 γὰρ,
338 4795 491 4864 φησι,
525 4794 659 4863 μετὰ
694 4793 931 4864 κράτους
959 4792 1029 4844 τά
1067 4790 1201 4854 τόξα
1241 4790 1455 4854 αὐτῶν,
1511 4790 1604 4844 καὶ
1658 4791 1747 4854 ἐξ·

172 4886 341 4956 ελύθη
370 4885 537 4955 νεῦρα
563 4884 863 4954 βραχιόνων
893 4880 1094 4951 χειρῶν
1126 4878 1327 4944 αὐτῶν,
1359 4879 1449 4933 διά
1476 4882 1631 4949 χεῖρα
1658 4882 1750 4933 δυ-

172 4980 371 5033 νάστου
435 4975 646 5030 Ἰακώϐ·
695 4973 904 5028 ἐκεῖθεν
958 4974 988 5025 6
1035 4970 1369 5041 κατισχύσας
1430 4987 1489 5023 σε
1533 4971 1749 5041 Ἰσραὴλ

172 5072 327 5143 παρά
356 5070 491 5124 Θεοῦ
522 5069 618 5123 τοῦ
647 5067 860 5137 Πατρός
889 5083 1006 5119 σου*
1035 5065 1129 5118 καὶ
1148 5062 1412 5132 ὲϐοήθησέ
1444 5081 1525 5116 σοι
1558 5065 1585 5116 ό
1609 5063 1741 5128 Θεὸς

168 5167 199 5218 6
226 5163 378 5235 ἐμός·
413 5163 507 5215 καὶ
532 5159 793 5230 εύλόγησέ
821 5174 880 5210 σε
915 5153 1171 5223 εὐλογίαν
1228 5152 1461 5223 ούρανοῦ
1507 5155 1733 5215 άνωθεν.

169 5257 266 5311 καὶ
291 5253 540 5323 εὐλογίαν
566 5251 670 5322 γῆς
702 5249 928 5321 ἐχούσης
957 5247 1155 5307 πάντα.
1194 5264 1212 5296 ι
1244 5246 1339 5299 καὶ
1366 5244 1493 5316 ἑξῆς
1518 5260 1531 5275 ⁸
1567 5246 1635 5299 δι’
1658 5239 1735 5299 ὦν

244 5397 289 5428 δ’
319 5394 434 5451 los.
461 5410 574 5460 xtx,
604 5394 693 5447 47.
766 5391 812 5425 ⁸⁸
849 5388 1046 5444 Cenes.
1077 5403 1224 5455 xux,
1251 5387 1344 5451 24,
1370 5386 1460 5441 25.

1842 4711 2067 4762 eorum;
2095 4694 2286 4763 dilapsi
2314 4700 2440 4747 sunt
2468 4689 2617 4744 nervi
2650 4688 2994 4742 brachiorum
3039 4700 3413 4754 manuumque

1844 4791 2057 4853 eorum,
2088 4802 2183 4857 per
2212 4800 2433 4839 manum
2473 4781 2713 4852 potentis
2768 4778 2957 4834 Jacob.
2994 4779 3149 4833 Illinc
3199 4778 3291 4846 qui
3355 4786 3412 4831 te

1845 4884 2069 4937 roborat
2097 4879 2261 4935 Israel
2302 4892 2332 4930 a
2364 4875 2473 4931 Deo
2516 4873 2692 4928 Patris
2718 4872 2817 4925 tui.
2845 4869 3155 4938 Opitulatus
3184 4878 3268 4922 est
3311 4868 3409 4921 tibi

1845 4971 1987 5025 Deus
2016 4983 2169 5024 mcus
2200 4985 2215 5022 :
2251 4963 2527 5021 benedixit
2560 4961 2652 5015 tibi
2680 4958 3055 5015 benedictione
3085 4956 3208 5010 coeli
3250 4956 3413 5009 desu-

1846 5047 1962 5134 per.
2010 5072 2274 5129 temeque
2306 5056 2677 5114 benedictione
2706 5052 2890 5108 omnia
2921 5050 3248 5105 continentis
3262 5047 3344 5111 “;
3386 5063 3407 5098 ι

1841 5164 1895 5208 et
1922 5154 2152 5223 reliqua.
2187 5150 2396 5218 Quibus
2423 5147 2676 5201 omnibus
2712 5143 2895 5197 verbis
2931 5140 3098 5194 Deum
3134 5153 3293 5192 suum
3323 5152 3413 5190 ce-

1840 5247 2090 5311 lebravit,
2114 5246 2205 5316 qui
2236 5259 2295 5301 se
2319 5242 2473 5298 fratri
2515 5237 2828 5295 adversario
2867 5236 3203 5304 superiorem
3231 5229 3413 5284 reddi-

1657 5518 1883 5575 ΝΟΤᾸΞ.

250 5671 365 5737 (60)
411 5670 487 5724 lta
523 5670 723 5723 habent
764 5665 901 5722 LXX
932 5666 1276 5734 interpretes,
1306 5678 1447 5734 quos
1481 5660 1733 5737 sequitur

1844 5654 2045 5709 Textus
2075 5662 2254 5706 tamen
2286 5650 2402 5704 Lat.
2456 5650 2704 5720 vulgatus
2738 5648 2909 5720 habet
2936 5649 3066 5708 alia,
3099 5648 3227 5716 quia
3270 5646 3412 5701 lecta

171 5719 1275 5809 Photiustwnequewuﬁatnvarietatem
1305 5719 1404 5803 ego
1448 5719 1639 5809 reperi.
1682 5730 1735 5781 in
1844 5726 1946 5809 init
1998 5724 2057 5809 in
2089 5720 2357 5777 llcbraico
2405 5719 2699 5790 archetypo
2748 5719 3005 5773 vicesima
3074 5733 3172 5787 pro
3217 5729 3413 5786 quarta

178 5800 531 5869 llolmcsiana
552 5800 886 5865 diversarum
913 5807 1204 5863 lectionum
1234 5800 1421 5875 magna
1445 5800 1736 5870 farragine.

1841 5796 2034 5850 littera.
