4162 6442
757 419 890 482 10⁵19

1871 415 2133 474 ΡΗΟΤΙΙ
2169 413 2673 475 PATllIARCII/E
2711 418 2818 478 CP.

3883 418 4018 480 1080

754 535 871 586 dit:
915 531 1198 600 filiumque
1230 530 1434 598 pariter
1473 545 1673 593 suum,
1721 538 1911 584 contra
1965 544 2127 598 quem
2179 535 2329 580 tanta

2443 527 2702 581 ἁπάντων
2755 529 2966 600 ὕμνησε
3015 532 3108 584 τὸν
3163 534 3362 584 οἰκεῖον
3395 531 3570 596 Θεὸν,
3627 532 3686 594 ὃς
3741 531 3839 582 καὶ
3867 532 4025 582 αὑτὸν

753 625 982 676 fratrum
1027 623 1181 674 turba
1219 621 1624 687 conjuraverat.
1660 618 1829 684 Ilanc,
1867 621 2067 688 inquit,
2105 617 2329 671 tutelam

753 729 946 771 nactus
967 730 1027 769 es
1055 724 1276 784 propter
1307 724 1463 765 tuum
1501 729 1632 783 erga
1661 722 1915 783 patentes
1945 713 2207 766 studium.
2242 711 2334 765 Sic

749 811 896 863 enint
929 809 1197 874 intelligas
1229 807 1394 862 verba
1427 823 1440 859 :
1475 817 1698 876 propter
1737 806 2171 860 benedictionem
2203 804 2335 858 ube-

752 916 873 954 rum
903 911 958 954 et
989 901 1182 964 vulvae,
1216 899 1653 954 benedictionem
1677 899 1847 968 patris
1877 898 2176 966 matrisque
2205 907 2329 950 tute.

755 992 805 1046 Ιει
829 993 973 1046 enim
1003 993 1151 1046 senis
1179 991 1350 1060 patris
1387 991 1678 1046 sollicitam
1713 1005 1901 1045 curam
1933 990 2098 1059 gessit
2125 1005 2138 1040 :
2176 989 2336 1056 quid-

754 1085 882 1153 quid
908 1093 1087 1138 autem
1119 1085 1257 1152 patri
1285 1083 1432 1144 fecit,
1465 1083 1518 1136 id
1552 1083 1771 1152 utrique
1801 1081 2012 1153 parenti
2043 1095 2334 1135 commune

755 1174 997 1228 dicitur:
1033 1190 1267 1244 namque
1293 1183 1347 1229 et
1385 1185 1558 1230 mater
1611 1176 1859 1230 eamdem
1903 1191 2091 1229 curam
2140 1174 2337 1228 fuisset

755 1277 998 1335 experta,
1027 1267 1130 1320 nisi
1159 1268 1322 1321 citius
1343 1268 1452 1320 vita
1479 1268 1824 1322 excessisset.
1860 1266 2060 1320 Deinde
2084 1274 2336 1335 precatur

754 1360 802 1412 ei
847 1359 1159 1427 przeclaratn
1195 1358 1417 1422 famam,
1457 1368 1620 1428 atque
1657 1368 1715 1412 ut
1745 1359 1886 1426 apud
1939 1374 2131 1413 omnes
2159 1359 2333 1412 incla-

757 1462 932 1505 rescat
959 1469 971 1503 :
998 1469 1016 1500 ε
1047 1449 1370 1519 Exsuperes,
1400 1451 1598 1521 inquit,
1627 1452 2032 1506 bencdictiones
2062 1452 2332 1505 montium

758 1542 1145 1605 immobilittnt,
1180 1542 1623 1612 desideriumque
1647 1544 1913 1597 clivorum
1943 1550 2328 1596 aeternorunm

755 1633 879 1688 Ilaec
902 1636 1031 1688 fient
1065 1636 1118 1688 in
1147 1636 1325 1704 capite
1353 1632 1598 1704 Iosephi,
1635 1636 1688 1689 in
1724 1634 1926 1690 vertice
1954 1650 2187 1704 quorum
2219 1635 2336 1704 ipse

755 1729 865 1781 dux
890 1740 975 1781 est
1003 1726 1254 1782 fratrum.
1284 1725 1438 1781 llaud
1469 1729 1794 1782 vocabulum
1823 1727 1973 1789 θίνας
1997 1727 2213 1796 Aquila,
2241 1726 2334 1780 sed

2440 623 2723 687 κρείττονα
2752 620 2852 673 τοῦ
2905 623 3354 690 πεπολεμηκότος
3417 623 3706 690 ἀπέφηνεν
3762 620 4020 689 ἀδελφοῦ.

2437 712 2536 762 καὶ
2561 710 2653 762 τὸν
2689 712 2806 763 υίὸν
2834 712 3046 782 ἄμαχον
3078 713 3244 779 ἔδειξε
3272 713 3426 783 παρὰ
3450 714 3728 766 τοσούτων
3776 714 4023 780 ἀδελφῶν

2439 803 2911 859 ἐπιϐουλευθέντα.
2937 807 3152 877 Ταύτης
3175 807 3254 867 δὲ,
3279 808 3438 876 φησὶ,
3462 808 3564 875 τῆς
3587 806 3920 876 κηδεμονίας
3943 824 4023 859 τεο

2439 897 2702 966 τύχηκας,
2727 899 2821 968 τῆς
2843 899 2923 961 εἰς
2941 899 3070 960 τοὺς
3093 901 3493 968 γεγεννηκότας
3515 899 3817 970 θεραπείας
3839 897 4022 965 μισθὸν

2442 991 2827 1057 κομισάμενοςο
2850 989 3009 1042 τοῦτο
3029 989 3140 1060 γάρ
3158 989 3606 1056 λέγει,ιἝνεκεν
3632 990 3889 1056 εὐλογίας
3922 1006 4021 1057 μια-

2444 1081 2585 1133 σθῶν
2611 1082 2705 1132 καὶ
2741 1084 2972 1151 μήτρας,
3012 1083 3264 1149 εὐλογίας
3296 1082 3503 1152 πατρός
3542 1099 3638 1134 σου
3691 1083 3790 1134 καὶ
3820 1082 4021 1150 μη-τρός

2442 1189 2537 1224 σου
2555 1191 2568 1204 ο
2583 1191 2602 1223 ι
2626 1190 2697 1240 γη
2706 1174 2955 1243 ρωκόμος
2982 1174 3090 1244 γὰρ
3109 1175 3205 1227 τοῦ
3224 1175 3434 1245 πατρὸς
3455 1175 3748 1235 σπουδαῖος
3763 1174 3822 1241 ἐγ
3831 1173 4020 1240 εγόνει’

2439 1268 2507 1317 τά
2523 1265 2670 1326 δὲείς
2686 1266 2848 1318 αὑτὸν
2865 1283 3061 1337 γεγενη
3071 1267 3228 1334 μένα,
3252 1269 3405 1320 κοινά
3425 1267 3592 1320 αὑτοῦ
3608 1285 3668 1318 τε
3688 1271 3789 1319 καὶ
3805 1266 3905 1334 τῆς
3929 1284 4024 1333 μη-

2440 1357 2568 1425 τρὸς
2587 1352 2725 1410 εἷναί
2743 1374 2899 1426 φησι·
2918 1357 3239 1428 ταύτηςγὰρ
3258 1357 3323 1410 ἂν
3337 1362 3436 1427 τῆς
3453 1359 3788 1427 κηδεμονίας
3805 1360 4024 1424 κάκείνη

2442 1449 2779 1516 ἁπήλαυσεν,
2805 1451 2854 1502 εί
2881 1450 2956 1520 μὴ
2975 1450 3170 1503 θᾶττον
3196 1450 3388 1519 ἐξῆλθε
3413 1449 3508 1504 τοῦ
3541 1449 3658 1519 βίου
3675 1467 3690 1480 ·
3714 1445 3839 1502 εἶτα
3864 1449 4023 1500 ἐπεύ-

2442 1559 2596 1611 χεται
2625 1542 2775 1613 αὑτῷ
2802 1542 3186 1612 περιφάνειαν,
3217 1541 3363 1594 ὥστε
3389 1541 3648 1609 γενέσθαι
3682 1542 3856 1594 αὑτὸν
3881 1540 4024 1609 παρὰ

2445 1636 2610 1686 πᾶσιν
2629 1634 2950 1704 ἐπίσημον.ε
2972 1633 3401 1704 ’Υπερισχύσαις
3415 1633 3546 1704 γάρ,
3567 1635 3758 1702 φησὶν,
3780 1633 3923 1701 ὑπὲρ
3941 1634 4023 1684 εύ-

2441 1725 2624 1792 λογίας
2642 1725 2813 1794 ὀρέων
2830 1725 3075 1796 μονίμων
3103 1728 3197 1780 καὶ
3223 1725 3522 1797 ἐπιθυμίας
3541 1725 3708 1778 θινῶν
3723 1725 3962 1779 αίωνίων
3976 1742 3988 1754 ·
4002 1744 4020 1775 ι

757 1820 976 1888 βουνοὺς
1021 1818 1224 1886 posuit.
1271 1817 1442 1874 Sicuti
1499 1834 1632 1889 ergo
1679 1818 1865 1888 procul
1921 1817 2336 1886 conspiciuntur

2443 1817 2655 1872 ἔσονται
2683 1819 2776 1871 ἐπὶ
2799 1819 3041 1887 κεφαλῆς
3057 1819 3277 1889 Ἰωσὴφ,
3307 1821 3403 1872 καὶ
3418 1819 3514 1872 ἐπὶ
3529 1818 3778 1887 κορυφῆς
3797 1811 3876 1872 ὧν
3896 1818 4026 1887 im}-

754 1925 849 1963 s-u
889 1911 1054 1964 colles
1103 1926 1199 1964 seu
1252 1919 1505 1973 montes,
1555 1910 1752 1964 horum
1812 1909 1985 1962 instar
2022 1907 2332 1976 patriarcha

2442 1929 2567 1964 σατο
2581 1911 2843 1979 άδελφῶνο
2876 1913 2940 1966 τὸ
2971 1912 3029 1965 δὲ
3058 1911 3230 1975 θῖνας
3248 1914 3277 1965 6
3304 1912 3536 1973 Ἀκύλας
3558 1911 3836 1976 βουνοὺς
3851 1912 4026 1981 ἡρμή-

754 2013 906 2068 nptat
939 2004 1294 2070 conspicuum
1351 2001 1471 2058 fieri
1540 2000 1838 2073 Josepbum
1885 2007 2050 2072 atque
2082 1999 2330 2056 omnium

757 2090 1215 2144 illustrissimum.

831 2263 876 2320 .7.
926 2266 1165 2334 Denique
1220 2263 1600 2333 Denjamtnum
1647 2265 1785 2320 dixit
1833 2265 2024 2337 lupum
2075 2282 2332 2334 rapacem

757 2371 972 2427 propter
1028 2373 1150 2413 eam
1197 2373 1321 2428 qua:
1347 2360 1575 2432 contigit
1604 2359 1734 2414 buie
1783 2359 1947 2413 tribui
1977 2358 2211 2415 cladem.
2246 2359 2334 2414 Id-

756 2453 902 2504 cirro
959 2451 1206 2518 adjecit:
1268 2469 1288 2502 ε
1324 2451 1477 2506 Mane
1532 2451 1802 2514 comedet,
1851 2465 2080 2520 vespere
2148 2452 2331 2506 cibutu

756 2543 1047 2597 distribuat
1065 2543 1129 2597 ⁸⁸.
1171 2562 1190 2594 ι
1225 2541 1357 2597 Nam
1394 2544 1572 2614 primo
1602 2545 1883 2613 alteroque
1915 2557 2210 2612 congressu
2241 2559 2336 2599 su-

757 2635 998 2704 periores
1047 2634 1382 2705 Benjamitze,
1438 2635 1506 2690 ad
1535 2645 1843 2690 extremum
1874 2634 2123 2690 funditus
2171 2636 2334 2690 deleti

758 2723 997 2788 fuerunt,
1034 2727 1220 2795 paucis
1259 2727 1548 2779 admodum
1572 2727 1836 2796 exceptis,
1870 2727 2072 2798 quibus
2097 2728 2336 2782 victores

759 2818 1131 2873 misericordia
1170 2820 1430 2872 commoti
1464 2818 1698 2873 feminas
1713 2817 1934 2887 quidem
1963 2819 2020 2874 in
2046 2820 2336 2873 matrimo-

760 2912 909 2966 nium
939 2914 1010 2967 ob
1043 2916 1372 2968 sacramenti
1421 2914 1743 2984 religionem
1803 2929 1913 2968 non
1975 2916 2336 2978 tradiderunt,

758 3007 913 3059 aliter
943 3018 1122 3060 tamen
1155 3008 1234 3062 eis
1267 3007 1485 3075 nuptias
1509 3007 1963 3062 conciliaverunt.
2015 3007 2201 3077 Neque
2253 3019 2338 3062 ta-

760 3113 881 3150 men
913 3098 1261 3153 uesciendutn
1302 3108 1384 3153 est
1430 3101 1726 3155 nonnullos
1769 3100 1870 3154 boc
1901 3101 2220 3154 vaticinium
2271 3101 2339 3154 ad

2431 2020 2642 2057 νευτεν·
2667 2003 2854 2075 ἐπειδὴ
2874 2005 3054 2058 τοίνυν
3077 2003 3362 2074 πόρρωθεν
3387 2004 3621 2074 ὁρῶνται
3644 2005 3740 2056 καὶ
3769 2005 3819 2056 οί
3853 2004 4027 2071 βωνοὶ

2431 2100 2527 2153 καὶ
2555 2099 2624 2153 τὰ
2656 2099 2756 2169 ὅρη
2785 2141 2800 2162 ,
2839 2099 3048 2162 τούτοις
3076 2099 3473 2169 παραπλησίως
3501 2099 3718 2167 εὔχεται
3750 2095 4028 2164 γνώριμον

2434 2191 2595 2244 αὑτὸν
2637 2190 2892 2258 γενέσθαι
2919 2192 3013 2243 καὶ
3043 2192 3262 2243 πάντων
3288 2190 3774 2260 περιφανέστατον.

2507 2280 2574 2344 ζ’.
2605 2281 2708 2333 Τὸν
2740 2281 2797 2332 δὲ
2832 2280 3092 2350 Βενιαμὶν
3119 2280 3284 2333 λύκον
3318 2281 3546 2350 ἅρπαγα
3578 2277 3816 2344 κέκληκε
3851 2277 3944 2328 διά
3968 2275 4028 2325 τὸ

2435 2372 2778 2443 συμϐεϐηκὸς
2821 2373 2993 2438 πάθος
3035 2375 3101 2442 τῇ
3148 2371 3342 2425 τούτου
3384 2371 3550 2439 φυλῇ.
3604 2369 3696 2421 Διὸ
3751 2369 4024 2434 ἐπήγαγε·

2441 2490 2460 2521 ε
2495 2469 2569 2520 Τὸ
2597 2465 2836 2532 πρωῖνὸν
2881 2466 3082 2528 ἔδεται,
3137 2467 3233 2518 καὶ
3262 2465 3344 2526 είς
3373 2463 3436 2516 τὸ
3479 2461 3722 2531 ισπέρας
3769 2456 4026 2510 διαδώσει

2433 2560 2668 2628 τροφήνο
2709 2575 2728 2608 ι
2759 2558 2818 2608 ὲν
2861 2555 2972 2626 γάρ
3004 2558 3073 2627 τῇ
3119 2554 3317 2626 πρώτῃ
3347 2554 3442 2606 καὶ
3467 2552 3699 2621 δευτέρᾳ
3731 2549 4024 2621 συμπλοκῇ

2436 2647 2802 2716 νενικηκότες,
2844 2645 3073 2717 ὕστερον
3101 2644 3271 2715 ἄρδην
3297 2642 3615 2706 ἀπώλοντο,
3654 2641 3794 2709 πλὴν
3841 2641 4021 2709 εὐαρι·

2438 2739 2660 2810 θμήτων
2681 2738 2842 2791 τινῶν
2859 2738 3076 2806 ὀλίγων.
3091 2735 3184 2798 οὓς
3195 2736 3246 2788 οί
3265 2734 3612 2803 νενικηκότες
3629 2731 4025 2801 οἰκτείραντες,

2435 2829 2618 2881 δοῦναι
2651 2829 2749 2897 μὲν
2777 2828 2962 2890 αὐτοῖς
2991 2829 3260 2894 γυναῖκας
3285 2825 3378 2878 διὰ
3400 2826 3494 2876 τὸν
3538 2823 3700 2892 ὅρκον
3721 2821 4026 2880 ὑπείδοντο,

2439 2922 2644 2990 ἑτέρως
2676 2921 2723 2972 δ’
2776 2920 2959 2983 αὐτοῖς
2983 2920 3074 2973 τὸν
3113 2919 3291 2988 γάμον
3344 2917 3789 2985 ἐμηχανήσαντοο
3830 2914 4028 2966 εἰδέναι

2437 3015 2496 3066 δὲ
2528 3013 2634 3084 χρὴ
2657 3013 2731 3075 ὥς
2760 3030 2904 3076 τινες
2924 3013 3082 3083 τήνδε
3111 3011 3209 3081 τὴν
3238 3012 3543 3081 πρόρρησιν
3603 3012 3682 3070 είς
3712 3007 3802 3059 τὸν
3830 3007 4030 3060 θεσπὲ-

2442 3123 2558 3160 σιον
2605 3105 2818 3158 Παῦλον
2861 3106 3121 3158 εἵλκυσαν
3151 3105 3285 3174 (61)·
3340 3102 3510 3154 λύκου
3555 3101 3664 3170 γάρ
3696 3099 3862 3168 δίκην
3912 3099 4028 3150 ἔλυ-

758 3190 945 3243 divutn
986 3190 1210 3244 Paulum
1246 3191 1479 3246 traxisse
1512 3210 1525 3246 :
1558 3192 1651 3246 hic
1668 3193 1814 3247 enim
1847 3192 1957 3261 lupi
1999 3192 2104 3245 ritu
2139 3193 2338 3246 noxius

2445 3196 2666 3267 μαίνετο
2699 3199 2799 3265 τὴν
2866 3197 3196 3265 Ἐκκλησίαν
3247 3196 3386 3247 κατὰ
3439 3193 3568 3255 τοὺς
3604 3193 3790 3254 οἷκους
3839 3193 4027 3244 εἰστο-

760 3280 1016 3336 Ecclcsize
1039 3281 1141 3334 fuit
1165 3281 1218 3334 in
1251 3283 1445 3336 domos
1481 3281 1833 3350 irrumpens;
1863 3291 2048 3352 postea
2076 3297 2207 3337 vero
2228 3283 2342 3352 spi-

761 3373 972 3426 ritalem
1013 3389 1194 3427 escam
1225 3373 1345 3426 orbi
1380 3373 1681 3426 distribuit.
1712 3372 2009 3441 Postquam
2043 3374 2155 3428 bac
2186 3371 2344 3429 Jaco-

763 3462 865 3516 bus
900 3463 1151 3524 dixisset,
1202 3476 1472 3530 suumque
1494 3463 1705 3515 obitum
1746 3463 2129 3527 nuntiavisset,
2163 3464 2342 3536 pergit

762 3553 944 3606 dicere
968 3553 1262 3608 historicus
1294 3570 1307 3607 :
1340 3553 1600 3607 Collectis
1631 3553 1684 3606 in
1708 3553 1911 3608 lectulo
1947 3553 2200 3622 pedibus,
2232 3557 2346 3608 ani-

764 3659 908 3697 mam
947 3644 1074 3714 egit,
1100 3653 1156 3697 et
1179 3644 1247 3698 ad
1297 3645 1558 3714 populum
1595 3660 1758 3698 suum
1813 3645 2098 3714 appositus
2146 3656 2253 3699 est.
2288 3646 2343 3700 Id

765 3735 941 3804 ipsum
973 3734 1280 3788 Abrahamo
1307 3749 1527 3804 quoque
1545 3733 1761 3787 dixerat
1794 3735 2105 3790 communis
2153 3733 2297 3788 Deus
2331 3753 2344 3789 :

770 3843 789 3874 ‹
830 3824 906 3877 Τιι
953 3841 1084 3879 vero
1137 3825 1314 3880 abibis
1366 3827 1433 3879 ad
1491 3835 1674 3894 patres
1731 3836 1873 3890 tuos,
1906 3829 2045 3879 bona
2069 3837 2346 3881 senectute

767 3917 1084 3970 nutritus”.
1129 3935 1148 3968 ι
1182 3915 1318 3972 Hinc
1368 3917 1533 3971 etiam
1593 3916 1869 3971 Dominus
1920 3915 2345 3972 Sadducaeorum

768 4006 1202 4060 incredulitatem
1251 4007 1584 4075 coarguebat
1620 4007 1812 4061 dicens
1849 4022 1864 4060 :
1898 4023 1918 4056 ι
1956 4004 2114 4071 Quod
2163 4015 2346 4060 autem

769 4100 967 4153 mortui
1027 4099 1324 4153 surrecturi
1358 4098 1491 4162 sint,
1539 4113 1724 4152 nonne
1772 4097 2022 4168 legistis?
2052 4097 2168 4168 Ego
2205 4097 2349 4155 Deus

768 4191 1064 4246 Abt-altami
1112 4200 1169 4246 et
1201 4189 1366 4246 Isaaci
1405 4198 1459 4245 et
1495 4188 1686 4244 Jacobi
1712 4190 1781 4243 ³¹.
1841 4207 1859 4240 ι
1902 4188 2022 4242 Non
2059 4201 2147 4245 est
2180 4190 2346 4258 Deus,

770 4292 1108 4335 mortuorum
1131 4279 1296 4345 Deus,
1315 4282 1410 4336 sed
1445 4281 1803 4334 viventium.»
1832 4278 1938 4348 Ipsi
1973 4278 2144 4348 gloria
2167 4281 2221 4334 in
2248 4298 2348 4337 ste-

770 4377 916 4427 cula.
949 4374 1144 4428 Amen.

839 4484 1166 4552 ous-15110
1201 4483 1402 4541 CCLXI
1421 4485 1676 4627 (18%“
1701 4483 2044 4548 CCLXXXI,
2110 4485 2276 4540 Taur.

873 4650 1016 4715 Quid
1043 4651 1141 4702 hoc
1170 4648 1414 4702 ostendat
1444 4648 1632 4700 rubum
1655 4647 1840 4701 ardere
1871 4663 1964 4700 nec
1983 4647 2237 4702 comburi.

2377 4567 2432 4627 D

2447 3288 2760 3359 ρευόμενος,
2805 3288 3031 3360 ὕστερον
3062 3289 3119 3341 δὲ
3158 3289 3256 3358 τὴν
3291 3285 3671 3356 πνευματικὴν
3727 3284 3946 3352 τροφὴν
3971 3285 4028 3349 τῇ

2441 3383 2737 3454 οίκουμένῃ
2760 3382 3004 3438 διέδωκε.
3035 3380 3223 3435 Ταῦτα
3251 3380 3345 3434 τοῦ
3361 3379 3556 3434 Ἰακὼϐ
3588 3379 3907 3449 εἰρηκότος,
3939 3379 4028 3428 καὶ

2443 3475 2543 3544 τὴν
2589 3475 2797 3528 οἰκείαν
2848 3473 3103 3541 τελευτὴν
3138 3473 3539 3542 μεμηνυκότος,
3589 3472 3617 3521 ὁ
3672 3469 4027 3537 συγγραφεὺς

2447 3562 2574 3631 ἔφη·
2609 3581 2628 3613 ε
2667 3563 2776 3614 Kal.
2802 3561 3004 3630 ἐξάρας
3037 3560 3162 3623 τοὺς
3194 3559 3361 3621 πόδας
3395 3556 3564 3611 αὑτοῦ
3596 3557 3689 3607 ἐπὶ
3717 3557 3818 3625 τὴν
3855 3556 4033 3621 κλίνην

2448 3651 2683 3715 ἐξέλιπε,
2707 3650 2801 3702 καὶ
2829 3648 3132 3720 προσετέθη
3167 3648 3306 3718 πρὸς
3334 3647 3425 3698 τὸν
3447 3646 3576 3699 λαὸν
3610 3644 3798 3698 αὐτοῦ·
3829 3663 3852 3695 ι
3887 3643 4033 3695 τοῦτο

2448 3743 2506 3795 δὲ
2559 3743 2653 3795 καὶ
2703 3741 2840 3810 πρὸς
2888 3740 2980 3793 τὸν
3021 3737 3274 3810 Ἀϐραάμ
3315 3739 3345 3790 6
3376 3737 3484 3790 τῶν
3535 3737 3676 3789 ὅλων
3727 3735 3838 3805 ἔφη
3886 3734 4028 3796 Qui:

2453 3854 2472 3884 ε
2511 3835 2581 3888 ΣΞ)
2614 3834 2671 3886 δὲ
2702 3833 2983 3905 άπελεύσῃ
3007 3833 3146 3903 πρὸς
3168 3831 3297 3891 τοὺς
3335 3831 3578 3898 πατέρας
3605 3846 3700 3881 σου
3733 3831 3793 3881 ὲν
3822 3828 4029 3897 είρήνῃ,

2447 3927 2677 3995 τραφεὶς
2711 3925 2768 3977 ὲν
2796 3925 2958 3994 γήρει
2983 3923 3155 3992 καλῷο
3194 3941 3214 3974 ι
3245 3920 3498 3974 ἐντεῦθεν
3519 3919 3615 3972 καὶ
3642 3921 3670 3971 6
3709 3917 3923 3987 Κύριος
3945 3917 4033 3983 τὴν

2455 4020 2565 4072 τῶν
2596 4017 2970 4070 Σαδδουκαίων
2987 4015 3246 4068 ἀπιστίαν
3265 4011 3547 4083 διήλεγξεν
3564 4009 3831 4080 είρηκώς·
3865 4026 3887 4059 ε
3920 4010 4032 4060 Ὀτι

2448 4111 2504 4163 δὲ
2548 4111 2853 4178 ἐγείρονται
2882 4108 2933 4159 oi
2959 4106 3146 4176 νεκροὶ
3171 4105 3271 4158 οὐκ
3291 4105 3563 4172 ἀνέγνωτε
3589 4119 3606 4168 ;
3655 4100 3801 4168 Ἐγὼ
3839 4101 3872 4152 6
3912 4098 4033 4158 Θεὸς

2463 4201 2712 4272 ’Λσραὰμ
2747 4201 2842 4253 καὶ¹
2876 4197 3063 4252 Ἰσαὰκ
3085 4199 3181 4249 καὶ
3217 4195 3435 4249 Ίακώὸ.
3481 4213 3501 4246 ι
3529 4195 3644 4245 Οὐκ
3671 4192 3827 4245 ἔστιν
3855 4192 3886 4243 6
3911 4191 4032 4249 Θεὸς

2447 4295 2581 4356 Θεὸς
2631 4291 2866 4361 νεκρῶν,
2896 4289 3036 4343 ἀλλὰ
3077 4288 3319 4352 ζώντων.
3369 4285 3534 4355 Αὑτῷ
3579 4287 3616 4354 ἡ
3643 4283 3774 4348 δόξα
3807 4285 3895 4345 εἰς
3919 4284 4030 4339 τοὺς

2448 4386 2670 4444 αἰῶνας.
2715 4384 2910 4453 Ἀμήν.

2984 4495 3320 4552 ΕΡΩΤΙΙΣΙΣ
3343 4496 3504 4549 ΣΞΜ.

2464 4660 2525 4713 Τί
2554 4656 2732 4724 δηλοῖ
2765 4658 2854 4721 τὸ,
2886 4659 3002 4727 τὴν
3029 4657 3228 4778 ﬁdenter
3273 4657 3548 4779 (καίεσθαι
3596 4653 3698 4708 καί
3723 4653 3813 4722 μὴ
3867 4669 4031 4707 κατα-

3092 4744 3168 4779 κιι
3195 4741 3270 4779 ea
3306 4743 3367 4778 αι
3393 4741 3412 4779 :

3092 4741 3367 4780 καιεσυαι
3393 4741 3412 4789 ;

1608 4839 1748 4889 Edita
1777 4852 1805 4887 a
1833 4836 1956 4888 Maio
1988 4837 2132 4900 (Nov.
2161 4840 2287 4890 Coll.
2317 4846 2353 4888 ι.
2389 4842 2468 4905 IX,
2501 4861 2552 4909 p.
2591 4847 2723 4907 126).
2761 4872 2817 4881 —
2851 4841 3005 4892 Exod.
3045 4853 3116 4899 ιιι,
3147 4838 3196 4886 2.

839 4927 952 4981 tlnc
987 4926 1079 4980 Dei
1131 4925 1430 4995 potentiam
1486 4931 1652 4993 atquc
1699 4938 1942 4977 antorem
1993 4925 2046 4976 in
2104 4925 2354 4981 homines

2526 4931 2638 5003 Τὴν
2652 4929 2747 4983 τοῦ
2762 4927 2898 4981 Θεοῦ
2921 4925 3150 4994 δύναμιν
3171 4924 3266 4976 καὶ
3291 4921 3714 4991 φιλανθρωπίαν
3747 4917 4022 4987 κηρύττει.

767 5024 1068 5095 proclamat
1093 5021 1239 5089 quod
1269 5021 1464 5073 rubum
1497 5020 1591 5088 qtti
1621 5019 1871 5087 lignosus
1903 5027 2021 5072 erat
2052 5033 2160 5073 non
2198 5035 2355 5074 com-

2455 5022 2539 5074 ὃτι
2563 5016 2891 5091 φρυγανώδη
2917 5010 3083 5068 οὖσαν
3111 5014 3213 5065 οὐκ
3240 5012 3504 5080 ἀνήλισκε
3533 5009 3592 5062 τὸ
3614 5007 3891 5062 ἄσϐεστον
3914 5003 4031 5073 πῦρ·

768 5117 940 5168 buSsit
982 5111 1442 5180 inexstinguibilis
1495 5111 1654 5180 ignis.
1709 5107 1976 5163 Praeterea
2034 5125 2236 5166 censeo
2291 5112 2358 5165 ab

2455 5109 2608 5183 οἶμαι
2643 5111 2701 5164 δὲ
2733 5109 2800 5162 δι’
2840 5106 3007 5162 αὐτοῦ
3045 5102 3488 5174 πιραδηλοῦσθαι
3514 5101 3608 5154 καὶ
3650 5101 3736 5152 ὅτι
3758 5100 3786 5150 6
3829 5095 4035 5167 Ἰσραὴλ

767 5209 871 5262 buc
905 5207 1070 5262 Israel
1136 5203 1513 5274 repraesentari
1565 5205 1658 5272 qui
1713 5203 1784 5256 ab
1829 5200 2101 5271 Egyptiis
2137 5216 2360 5258 vexatus

2459 5204 2564 5256 ὑπὸ
2599 5201 2707 5255 τῶν
2735 5199 3050 5265 Αίγυπτίων
3087 5193 3405 5247 ὲπιδουλευό
3418 5209 3578 5262 μενος
3618 5192 3720 5244 οὐκ
3756 5186 4032 5253 ἀναλωθή-

768 5317 878 5354 ιιοιι
912 5313 1090 5352 tamen
1123 5298 1403 5366 periturus
1429 5304 1568 5360 erat,
1599 5295 1681 5347 vel
1723 5293 1890 5347 etiam
1932 5293 2127 5347 Filium
2162 5295 2358 5365 Unige-

2464 5310 2641 5349 σεταιο
2675 5292 2832 5345 ἔτιδὲ
2861 5290 2959 5343 καὶ
2989 5289 3064 5350 ὡς
3091 5289 3120 5340 6
3140 5286 3453 5354 Μονογενὴς
3481 5281 3924 5352 ἐνανθρωπήσας
3953 5281 4034 5330 καὶ

769 5395 943 5448 nitunt
974 5393 1090 5462 qui,
1122 5401 1408 5463 postquam
1440 5398 1689 5440 naturam
1711 5401 2006 5440 nutuauatu
2037 5388 2358 5453 sumpsisset

2468 5383 2801 5453 παρθενικὴν
2830 5381 3122 5448 ἐνοικήσας
3147 5375 3327 5445 νηδὺν,
3351 5374 3583 5444 φυλάξει
3606 5373 3703 5441 τὴν
3735 5369 4033 5439 παρθενίαν

771 5496 938 5555 atque
965 5486 1018 5539 in
1037 5462 1157 5538 sinu
1189 5483 1413 5550 virginis
1439 5478 1820 5538 habitavisset.
1854 5479 1902 5531 ei
1941 5478 2206 5548 integrann
2243 5479 2354 5532 vir-

2462 5478 2756 5546 ἁκήρατον·
2801 5474 2937 5542 φασὶ
2966 5473 3022 5524 δέ
3046 5487 3189 5532 τινες
3216 5471 3273 5521 ὲν
3304 5467 3452 5538 βάτῳ
3482 5465 3725 5536 φανῆναι
3762 5463 3855 5517 τὸν
3889 5462 4031 5516 Θεὸν.

1489 5595 1536 5626 ⁸⁸
1562 5591 1762 5648 Genes.
1793 5607 1882 5656 xv,
1917 5591 2004 5645 l5.
2101 5593 2146 5623 "
2182 5591 2348 5645 Marc.
2389 5606 2488 5652 χιι,
2516 5590 2606 5643 ‘26.

846 5602 889 5634 δ’
923 5601 1100 5657 Jutlic.
1141 5616 1241 5663 xx;
1275 5615 1388 5652 ιιι.
1489 5601 1536 5626 "
1562 5601 1762 5648 lienes.
1793 5607 1882 5656 xv,
1917 5601 2004 5645 15.
2101 5601 2146 5623 ’³
2182 5601 2348 5645 Marc.
2389 5606 2488 5652 xu,

2285 5679 2496 5735 NOTAE

853 5784 964 5851 (tit)
989 5783 1048 5835 In
1094 5781 1179 5836 bis
1211 5779 1574 5902 Ilierolnymlps
1602 5791 1688 5846 cp.
1727 5774 1818 5841 '58,
1879 5775 1930 5839 l,
1960 5784 2014 5828 et
2039 5783 2235 5828 auazst.
2273 5771 2544 5828 inGenes.
2578 5786 2678 5826 nec
2723 5785 2828 5825 non
2854 5768 2908 5824 iu
2941 5765 3208 5838 opusculo
3233 5762 3374 5834 quod
3424 5761 3548 5830 ejus
3590 5775 3786 5814 nomen
3847 5758 4022 5825 iactat,

853 5876 860 5902 ε
896 5855 1338 5902 benedictionibus
1403 5866 1495 5902 acu
1537 5886 1551 5900 .

787 5856 860 5910 LX:
896 5855 1338 5908 benedictionibus
1361 5855 1551 5902 Jacob.
