4162 6442
113 459 235 524 1081

891 451 987 508 AD
1022 436 1612 508 AillPIIlLOCHIUM
1640 444 1986 517 QU/ESTIO
2024 445 2583 507 CCLXI-CCLXIII.

3211 448 3347 514 1082

108 575 197 623 καὶ
231 570 329 621 οὐκ
364 567 424 620 ὲν
453 564 597 634 ἄλλῳ
624 561 799 632 φυτῷ,
833 563 925 615 διὰ
951 561 1012 613 τὸ
1041 560 1117 630 μὴ
1153 558 1414 613 δύνασθαί
1445 575 1565 610 τινα
1603 558 1667 608 ὲκ
1697 569 1728 623 Α

1797 558 2050 619 ιίιιὶιαιοιιι
2115 559 2370 613 servavit.
2434 558 2631 613 Dicunt.
2689 559 2909 627 quidam
2991 560 3159 611 Deum
3223 564 3345 613 ruhi

110 661 264 729 βάτου
312 656 514 725 γλύψαι
562 653 713 703 Θεόν·
770 650 917 711 εἰκὸς
975 650 1084 718 γάρ
1140 641 1209 715 ἦν
1256 643 1543 705 Ἰουδαίους
1578 641 1673 695 καὶ

1797 649 1989 719 ιυὶόοηι
2035 664 2142 701 non
2189 658 2370 703 autem
2418 650 2557 702 alius
2585 650 2782 717 planta:
2808 650 3037 703 formam
3087 652 3353 715 induisse,

108 752 256 804 τοῦτο
281 751 572 820 τολμῆσαι,
598 747 757 816 εἴπερ
789 744 847 795 ὲν
877 742 1018 811 ἄλλῳ
1040 739 1197 808 ὤφθη
1219 736 1391 807 φυτῷ.

631 1066 961 1121 ΕΡΩΊΊΙΣΙΣ
985 1063 1147 1119 ΣΞΒ.

369 1230 427 1281 Ἡ
454 1229 757 1297 λέπρωσις
780 1225 891 1295 τῆς
929 1227 1123 1294 χειρὸς
1151 1225 1209 1277 τί
1232 1220 1446 1291 δηλοῖς

1772 743 1898 810 quia
1952 758 2060 795 non
2100 751 2277 810 potest
2329 756 2393 795 ex
2440 743 2575 794 ruho
2629 740 2805 795 caelati
2842 741 3004 795 Deus.
3050 740 3357 796 Verisimile

1774 834 2209 888 estludaeoshoc
2234 842 2439 887 tentare
2469 849 2701 888 ausuros
2729 831 2900 888 fuisse
2924 836 2969 889 si
2999 834 3140 889 Deus
3166 836 3217 887 in
3252 836 3355 888 alia

1782 928 1965 997 planta
1996 928 2147 981 visus
2174 936 2339 981 esset.

1856 1038 2182 1107 QUIESTIO
2206 1038 3068 1181 CCLXILAEgﬂICCLXXXII,
3120 1042 3283 1095 Tuur.

2064 1200 2369 1269 Leprosilas
2426 1218 2607 1254 "mnus
2634 1203 2757 1271 quid
2795 1203 3074 1273 significet.

1025 1338 1165 1387 Edita
1195 1350 1225 1385 a
1258 1334 1382 1385 Maio
1407 1336 1461 1396 (ι.
1494 1345 1540 1381 c.
1565 1343 1615 1392 p.
1651 1323 1759 1383 126,
1783 1334 1833 1381 q.
1858 1314 1992 1377 2'11).
2023 1339 2086 1350 —
2116 1313 2270 1363 Exod.
2300 1326 2366 1371 Iv,
2386 1311 2433 1360 6.

189 1446 273 1499 Ἐν
306 1444 558 1513 εὐσεϐείᾳ
590 1443 799 1513 τραφὲν
831 1441 892 1494 τὺ
929 1442 1084 1509 γένος
1112 1440 1205 1495 τοῦ
1250 1438 1441 1492 Ἰακὼὸ
1470 1439 1549 1499 εἰς
1577 1436 1677 1505 τὴν

106 1540 379 1603 Αἴγυπτον
435 1536 797 1605 εἰσελήλυθεν·
861 1534 979 1587 ἀλλ’
1036 1534 1157 1587 ἐκεῖ
1207 1532 1316 1584 τῶν
1365 1528 1680 1596 Αἰγυπτίων

110 1627 381 1698 μετέμαθε
425 1628 525 1697 τὴν
568 1626 846 1679 ἀσέϐειαν·
904 1627 1006 1695 τῆς
1058 1625 1282 1677 ἐκείνων
1334 1624 1391 1676 δὲ
1439 1621 1683 1683 δουλείας

106 1718 419 1786 ἀπαλλαγὲν
455 1716 731 1787 μετέμαθε
768 1716 864 1768 τὸν
896 1716 1007 1767 τῶν
1057 1715 1195 1768 ὅλων
1222 1713 1377 1766 Θεόν·
1412 1710 1681 1780 δεδήλωκε

106 1811 286 1863 τοίνυν
311 1810 401 1863 διὰ
421 1811 520 1879 τῆς
551 1806 893 1868 ἀλλοιώσεως
921 1807 1020 1875 τῆς
1049 1808 1251 1875 χειρὸς,
1275 1806 1377 1875 τὴν
1404 1802 1679 1871 λέπρωσιν

104 1904 287 1957 αὐτῶν
307 1904 401 1956 καί¹
429 1900 525 1972 τὴν
557 1900 846 1972 κάθαρσιν·
883 1898 1020 1970 πρὸς
1049 1899 1106 1953 δὲ
1131 1898 1341 1959 τούτοις
1376 1894 1471 1948 καὶ
1493 1895 1681 1965 ἕτερον

103 1996 376 2065 ᾠκονόμει
408 1996 437 2049 6
486 1996 640 2060 Θεός·
689 1993 877 2065 ἐπειδὴ
926 1993 1035 2062 γὰρ
1074 1991 1266 2060 ἔμελλε
1297 1990 1388 2042 τὸν
1414 1990 1545 2058 περὶ
1574 1987 1682 2040 τῶν

102 2088 326 2159 λεπρῶν
355 2086 562 2143 τιθέναι
598 2090 759 2159 νόμον
780 2088 874 2141 καὶ⁵
892 2084 1237 2155 ἀκαθάρτους
1272 2082 1496 2143 τούτους
1521 2095 1689 2151 προσ-

106 2182 420 2249 αγορεύειν,
473 2181 634 2252 ἕτερα
700 2182 789 2235 διά
835 2181 1040 2234 τούτων
1089 2176 1390 2247 οἰκονομῶν
1413 2175 1688 2245 ὲλέπρωσε

102 2275 201 2328 τοῦ
241 2274 535 2345 νομοθέτου
570 2276 670 2343 τὴν
724 2276 884 2344 χεῖρα
915 2272 1013 2343 τὴν
1062 2271 1134 2324 τά
1175 2271 1358 2323 τέλεια
1389 2268 1691 2321 πεπαιδευο
1722 2262 1765 2317 Β

106 2368 304 2437 μένην,
360 2368 628 2421 διδάσκων
684 2367 760 2429 ὡς
815 2367 969 2419 οὐδὲν
1004 2363 1114 2418 τῶν
1164 2362 1422 2416 τοιούτων
1464 2361 1691 2430 τάληθεί

101 2461 255 2530 λόγῳ
286 2460 620 2530 ἀκάθαρτον·
649 2460 768 2522 πῶς
804 2457 914 2529 γάρ
960 2455 1270 2525 ἀκάθαρτον
1299 2454 1361 2506 τὸ
1389 2452 1687 2518 ἀκούσιον;

105 2553 189 2606 διὸ
229 2555 262 2624 ή
298 2554 364 2605 τὲ
403 2552 663 2622 θαύματα
690 2553 874 2605 ἐκεῖνα
922 2550 1272 2621 ἐργασαμένη
1308 2547 1480 2613 δεξιά,
1514 2544 1691 2613 λεπρά

101 2647 383 2717 πρότερον
447 2646 712 2716 γενομένη
762 2647 882 2706 ταῖς
944 2642 1297 2712 θεοσημείαις
1355 2639 1687 2709 ὑπούργησε·

102 2738 274 2791 τοῦτο
302 2738 359 2791 δὲ
387 2739 480 2792 καὶ
505 2738 596 2791 τὸν
631 2736 929 2806 νομοθέτην
956 2736 1247 2787 ἐπαίδευσε
1281 2733 1357 2804 μὴ
1384 2732 1529 2801 μέγα
1556 2746 1690 2800 φρο-

102 2832 254 2893 νεῖν,
284 2828 401 2882 ἀλλ’
430 2831 630 2883 εἰδέναι
681 2830 779 2899 τὴν
818 2828 980 2896 φύσιν
1011 2827 1109 2897 τῆς
1160 2824 1535 2896 λεπρωθείσης
1567 2826 1697 2877 ἀνας

105 2922 566 2992 μιμνησκόμενον
594 2922 795 2985 δεξιᾶς.

631 3009 966 3064 ΕΡΩΤΗΣΙΣ
1002 3007 1166 3061 ΣΞΓ.

101 3170 284 3221 Atat!
311 3166 619 3237 ἠϐουλήθη
649 3171 683 3220 ό
713 3165 959 3235 ἄγγελος
993 3163 1235 3219 ἀνελεῖν
1268 3162 1374 3215 τὸν
1400 3162 1696 3231 Μωῡσῆγ;

1851 1421 2155 1477 Educatum
2201 1418 2254 1471 in
2286 1418 2483 1486 pietate
2531 1416 2714 1471 Jacolii
2752 1433 2922 1489 genus
2950 1417 3242 1489 A‘ngptum
3279 1424 3363 1477 iu-

1778 1528 2023 1585 grcssum
2056 1519 2193 1564 erat.
2235 1508 2334 1563 llic
2364 1522 2495 1561 vero
2519 1506 2895 1577 Egyptiorum
2931 1510 3126 1565 didicit
3157 1513 3356 1583 impie-

1779 1615 1977 1669 tatem;
2034 1615 2269 1670 quorum
2320 1600 2545 1653 servitio
2594 1600 2881 1653 liberatum
2938 1617 3133 1657 rursus
3161 1604 3355 1658 didicit

1780 1694 2021 1748 oiunium
2076 1705 2257 1745 rerum
2302 1689 2494 1743 Deum.
2548 1687 2800 1744 Ostendit
2856 1691 3041 1760 igitur,
3086 1708 3181 1762 per
3222 1695 3364 1748 hanc

1786 1800 1981 1841 manus
2037 1783 2490 1847 immutationem,
2557 1782 2748 1837 horum
2797 1794 2849 1837 et
2905 1785 3275 1852 leprositatem
3307 1796 3365 1839 et

1781 1879 2177 1945 purgationem.
2234 1870 2611 1942 Praetereaque
2678 1874 2819 1927 aliud
2866 1875 3029 1928 etiam
3076 1879 3367 1931 constituit

1784 1969 1926 2020 Deus
1970 1984 1983 2020 :
2025 1981 2148 2020 cum
2184 1964 2328 2021 enim
2358 1978 2524 2034 prope
2551 1975 2695 2019 esset
2721 1974 2777 2018 ut
2810 1964 3015 2020 Hebraei
3044 1966 3096 2019 in
3124 1968 3368 2037 leprosos

1787 2058 1957 2129 legem
1987 2055 2193 2112 ferrent
2228 2070 2434 2125 eosque
2492 2056 2804 2111 immundos
2845 2056 3212 2125 declararent,
3261 2061 3369 2113 alia

1792 2145 1935 2201 Deus
1965 2147 2257 2215 providens
2294 2146 2563 2215 leprosam
2581 2145 2760 2200 eﬂecit
2785 2148 3112 2216 legislatoris
3141 2164 3364 2202 manum

1793 2254 1914 2309 qua:
1950 2238 2017 2293 ad
2045 2246 2228 2293 tantas
2250 2252 2338 2292 res
2357 2250 2483 2306 apta
2506 2246 2645 2299 erat,
2673 2239 2876 2293 docens
2899 2239 3034 2293 nihil
3056 2240 3163 2294 tale
3180 2255 3369 2295 revera

1787 2333 2127 2387 immundum
2160 2347 2302 2387 esse.
2331 2330 2451 2397 Quo
2483 2340 2641 2400 pacto
2664 2335 2808 2388 enim
2853 2335 2997 2403 quod
3035 2350 3143 2388 non
3178 2346 3373 2405 sponte

1787 2424 1847 2479 ﬁt
1873 2424 2214 2479 immundum
2251 2424 2361 2479 sit?
2392 2423 2567 2487 Quam
2596 2426 2665 2477 ob
2700 2440 2919 2480 causam
2950 2442 3071 2497 qua:
3097 2436 3176 2481 tot
3207 2428 3376 2483 mira-

1788 2519 1918 2573 bilia
1948 2527 2251 2587 peregerat,
2282 2518 2398 2572 haec
2424 2518 2613 2571 dextra
2632 2518 2840 2588 leprosa
2882 2521 3030 2587 prius
3048 2519 3188 2574 facta
3240 2534 3375 2589 ope-

1789 2623 1903 2662 ram
1929 2618 2116 2678 postea
2144 2608 2361 2663 navavit
2386 2608 2647 2678 prodigiis
2671 2610 2891 2663 divinis.
2920 2609 3031 2663 lloe
3048 2626 3265 2681 quoque
3295 2611 3374 2664 lc-

1792 2700 2107 2771 gislatorem
2161 2700 2341 2770 ipsum
2396 2698 2538 2755 Deus
2605 2699 2842 2763 edocuit,
2908 2715 3015 2755 nou
3063 2704 3371 2771 superbire,

1794 2792 2026 2861 propria!
2058 2798 2268 2846 natura:
2296 2791 2577 2859 scientem,
2605 2790 2917 2862 dextraeque
2948 2802 3107 2848 antea
3144 2796 3374 2863 leprosa:

1797 2883 1938 2939 haud
1973 2883 2374 2938 immemorem.

1857 2996 2185 3065 QUAESTIO
2213 2997 2481 3054 CCLXIII.
2519 2997 2708 3066 [CoisL
2746 2999 3125 3066 ccexxxm,
3152 3000 3317 3054 Taur.

2430 3068 2749 3140 CCLXXHL

1803 3158 1922 3225 Qua
1953 3162 2016 3215 de
2040 3179 2200 3215 causa
2228 3161 2445 3216 uoluerit
2478 3163 2695 3233 angelus
2740 3164 2976 3216 occidere
2997 3161 3215 3233 Moysen
3245 3164 3381 3233 (65).

1018 3276 1161 3327 Edita
1193 3291 1220 3325 a
1248 3276 1372 3326 Maio
1406 3278 1461 3339 (Ι.
1499 3292 1542 3327 c.
1570 3292 1617 3341 p.
1642 3278 1751 3338 £26,
1783 3293 1834 3342 (ι.
1865 3281 1999 3341 272).
2031 3304 2090 3315 --
2115 3280 2266 3329 Exod.
2302 3293 2368 3338 Iv,
2401 3278 2480 3328 2i.

206 3388 273 3439 ἹΙ
304 3386 439 3455 γυνὴ
490 3386 586 3455 μὲν
611 3385 844 3438 ἔτόπασε
900 3383 988 3437 διά
1012 3384 1073 3437 τὸ
1102 3383 1331 3455 θάτερον
1359 3384 1467 3437 τῶν
1496 3384 1701 3437 παίδων

102 3480 503 3549 ἀπερίτμητον
535 3471 697 3539 εἶναι,
736 3477 816 3529 διὸ
853 3476 948 3529 καὶ
980 3476 1179 3528 αὐτίκα
1210 3476 1523 3547 περιέτεμε·
1556 3477 1702 3539 τινὲς

101 3574 180 3625 δέ
219 3587 374 3639 φασι,
408 3569 544 3623 διότι
572 3571 659 3621 ἐπ’
700 3567 985 3638 ἐλευθερίᾳ
1031 3567 1301 3636 πεμφθεὶς
1343 3566 1451 3619 τῶν
1495 3568 1701 3637 ὁμοφύ-

1880 3383 2043 3451 Quia,
2078 3394 2136 3437 ut
2185 3383 2418 3451 coniecit
2455 3380 2651 3453 Moysis
2704 3398 2860 3447 uxor,
2920 3399 3065 3440 unus
3094 3401 3125 3439 e
3164 3386 3386 3441 duolius

1810 3476 1993 3544 pueris
2015 3476 2433 3528 iucircumcisus
2459 3484 2609 3535 erat;
2642 3473 2762 3529 ideo
2800 3490 3019 3547 quoque
3066 3479 3246 3531 statim
3277 3479 3385 3534 cir-

1809 3568 2246 3632 cumciditeum;
2278 3567 2359 3620 vel
2390 3568 2515 3635 quia
2539 3578 2594 3621 ut
2624 3569 2745 3621 aliis
2778 3570 2969 3637 placet,
2998 3572 3196 3624 missus
3230 3573 3385 3642 Moy—

103 3667 261 3723 >.ων,
294 3661 551 3714 κοινωνὸν
579 3660 681 3729 τῆς
727 3658 848 3712 ὁδοῦ
896 3660 1134 3728 ἐπήγετο
1183 3658 1282 3726 τὴν
1307 3658 1576 3728 ὁμόζυγα,
1608 3657 1701 3722 οὓς

1811 3672 1898 3711 ses
1950 3655 2017 3709 ad
2066 3656 2487 3725 emancipandos
2532 3656 2841 3725 populares,
2904 3660 3107 3713 sociam
3166 3661 3384 3715 itineris

102 3756 302 3826 ἐχρῆν
334 3754 563 3806 συνιδεῖν
591 3754 673 3806 ὃτι
711 3753 899 3805 πεῖσαι
944 3752 1035 3803 τὸν
1076 3750 1345 3820 κηδεστὴν
1382 3750 1707 3819 βουλόμενος

104 3850 204 3909 ὡς
235 3847 336 3899 οὐκ
389 3845 650 3915 ἀμελήσει
700 3844 802 3912 τῆς
838 3843 1116 3911 γυναικὸς.
1170 3842 1277 3894 οὐδ’
1327 3842 1496 3910 αὐτῆς
1544 3842 1709 3912 ἀλλην

104 3938 488 4008 προτιμήσει,
520 3934 727 4005 ταύτην
768 3932 1091 4004 ἠναγκάσθη
1138 3932 1557 3999 συνεπάγεσθαι,
1593 3932 1708 3985 ἀλλ’

103 4031 186 4082 οὐ
228 4026 713 4096 καταφρονητικῶς
736 4025 997 4078 διακονῶν
1028 4024 1107 4095 τῷ
1138 4024 1266 4094 θείῳ
1289 4025 1674 4094 προστάγματι
1694 4039 1707 4053 ·

107 4118 342 4173 αὐτίκα
365 4116 496 4186 γοῦν
520 4115 699 4168 λαϐὼν
733 4116 830 4186 τὴν
860 4115 1118 4185 ἀφορμὴν
1160 4113 1257 4166 τοῦ
1294 4113 1553 4181 ἀγγέλου,
1581 4112 1711 4166 ταύ-

99 4230 237 4280 την
271 4209 609 4278 ἀναστρέψαι
644 4208 781 4279 πρὸς
817 4207 942 4268 τοὺς
985 4207 1218 4267 οἰκείους
1250 4203 1584 4275 προσέταξε·
1620 4203 1715 4256 καὶ

98 4308 216 4359 ὅτι
251 4301 404 4355 τοῦτό
453 4303 600 4353 ἐστιν
646 4299 865 4369 ἀληθὲς,
900 4299 935 4369 ἡ
988 4297 1199 4368 ἱστορία
1249 4296 1528 4351 διδάσκει·
1574 4294 1715 4364 μετά

98 4398 253 4465 γὰρ
284 4392 381 4462 τὴν
429 4390 604 4455 ἔξοδον
634 4391 732 4459 τὴν
777 4390 838 4454 ἐξ
881 4388 1159 4457 Αἰγύπτου
1208 4387 1506 4441 διαϐάντων
1535 4386 1713 4439 αὐτῶν

98 4488 241 4557 τὴν
289 4483 555 4555 Ἐρυθρὰν
586 4482 857 4536 θάλασσαν
882 4481 976 4534 καὶ
1007 4483 1087 4543 εἰς
1116 4479 1176 4533 τὸ
1212 4479 1423 4533 Σίναιον
1452 4478 1577 4550 ὅρος
1607 4496 1715 4531 πα-

99 4576 519 4650 ραγεγονότων
562 4574 787 4642 ἀφίκετο
836 4572 933 4625 σὺν
963 4574 1030 4640 τῇ
1077 4570 1301 4638 γυναικὶ
1328 4570 1421 4623 καὶ
1467 4572 1579 4633 τοῖς
1623 4569 1716 4622 δύο

102 4667 337 4723 παισὶν
365 4669 393 4720 ὁ
418 4666 686 4735 κηδεστὴς
732 4665 868 4734 πρὸς
900 4665 1093 4716 αὐτόν·
1126 4663 1406 4732 τοιγάρτοι
1450 4662 1577 4715 ἄλλο
1613 4680 1715 4714 κα-

94 4780 200 4816 τα.
213 4758 500 4821 σκευάζων
524 4760 552 4810 ὁ
589 4758 841 4826 ἄγγελος,
860 4755 1029 4819 ἔδειξε
1063 4753 1162 4823 τὴν
1182 4754 1459 4824 ῥομφαίαν
1478 4756 1713 4823 γυμνήν·

1811 3749 2099 3819 coniugem
2146 3763 2331 3802 secum
2373 3748 2549 3803 duxit.
2584 3750 2653 3803 At
2696 3750 2768 3802 illi
2822 3751 3119 3821 intelligere
3157 3752 3385 3806 delmis-

1810 3849 1931 3893 sent
1992 3838 2206 3908 Moysen
2249 3838 2322 3892 ita
2353 3837 2548 3892 fecisse
2585 3847 2645 3891 ut
2690 3854 2880 3894 socero
2909 3856 3012 3895 suo
3055 3857 3381 3911 persuasum

1808 3940 1952 3986 esset
1977 3928 2093 3984 fore
2125 3940 2184 3984 ut
2212 3931 2328 3998 ipse
2384 3931 2612 3985 minime
2665 3947 2890 3987 uxorem
2948 3934 3244 4004 negligeret
3286 3951 3393 3990 nec

1811 4022 1972 4075 aliam
2005 4021 2316 4091 praeferret;
2349 4038 2519 4092 quare
2548 4023 2693 4077 illam
2723 4039 2905 4079 secum
2934 4025 3135 4081 ducere
3158 4037 3393 4081 coactus

1810 4123 1933 4177 cst,
1990 4114 2084 4169 sed
2132 4129 2477 4185 nequaquam
2535 4126 2845 4185 contemptu
2900 4117 3069 4171 divini
3118 4120 3386 4174 mandati.

1814 4204 2008 4257 Statim
2075 4204 2261 4273 igitur,
2326 4216 2548 4275 accepto
2597 4208 2770 4276 angeli
2843 4207 3073 4275 impetu,
3129 4211 3388 4278 praecepit

1813 4296 1972 4350 uxori
2003 4304 2061 4349 ut
2084 4297 2150 4349 ad
2187 4307 2396 4366 patrem
2444 4313 2602 4353 suum
2656 4300 2870 4353 rediret.
2913 4300 3067 4365 Quod
3093 4301 3267 4356 fuisse
3296 4318 3393 4355 ve-

1815 4404 1932 4441 rum
1986 4388 2216 4443 historia
2272 4398 2521 4445 testatur.
2587 4390 2838 4456 Etenim,
2887 4401 3006 4461 post
3059 4394 3265 4447 exitum
3323 4410 3391 4448 ex

1816 4480 2068 4550 :Egypto.
2102 4496 2223 4535 cum
2251 4479 2421 4535 Judaei
2454 4481 2694 4535 Rubrum
2721 4497 2867 4536 mare
2900 4483 3243 4551 trajecissent
3268 4500 3392 4553 per-

1815 4574 2192 4642 venissentque
2236 4575 2301 4627 ad
2356 4574 2507 4628 Sinai
2558 4584 2818 4638 montem,
2855 4590 3012 4629 socer
3036 4577 3235 4645 Moysis
3261 4593 3388 4631 cum

1814 4664 1935 4731 ejus
1976 4663 2200 4717 muliere
2222 4664 2551 4733 duobusque
2583 4665 2763 4733 pueris
2790 4680 2915 4719 eum
2948 4666 3102 4719 adiit.
3153 4666 3391 4723 Proinde

1817 4756 1880 4809 ad
1914 4755 2059 4808 aliud
2098 4767 2351 4823 speetaus
2380 4758 2603 4824 angelus
2621 4757 2858 4812 ostendit
2885 4758 3087 4812 nudum
3122 4760 3395 4828 gladium.

95 4850 336 4918 ἐπειδὴ
366 4850 474 4919 γὰρ
507 4849 537 4900 ὁ
571 4849 744 4918 μέγας
784 4847 1023 4916 Μωῡσῆς
1055 4845 1244 4898 ἐδεδίει
1278 4844 1368 4897 τὸν
1392 4846 1613 4915 Φαραὼ,
1641 4846 1717 4907 ὠς

1814 4844 1951 4900 Cum
1979 4846 2123 4899 enim
2153 4846 2489 4900 Pharaonem
2518 4847 2733 4901 timeret
2777 4862 3008 4917 magnus
3057 4848 3296 4919 Moyses,
3325 4866 3393 4906 ac

92 4940 418 5010 πολλαχοῦ
462 4940 522 4991 τὸ
569 4940 685 5002 δέος
732 4938 990 5009 ἐδήλωσε,
1042 4937 1137 4990 νῦν
1191 4937 1289 5006 μὲν
1312 4936 1485 5004 λέγων
1511 4954 1526 4968 ·
1563 4957 1580 4988 ι
1622 4938 1716 5000 Τίς

1818 4946 2017 4991 metum
2062 4952 2308 5007 persaepe
2340 4939 2448 5006 jam
2496 4940 2884 4994 declaravisset
2931 4942 3091 4995 modo
3151 4944 3389 4998 dicens:

92 5037 267 5102 εἰμι
300 5028 408 5096 ἐγὼ
436 5030 516 5081 ὅτι
565 5028 907 5099 πορεύσομαι
954 5027 1087 5097 πρὸς
1118 5025 1317 5097 Φαραὼ
1357 5027 1583 5095 βασιλέα
1616 5026 1712 5080 Ai-

1797 5069 1799 5090 ,
1830 5048 1849 5079 ί
1874 5028 2011 5095 Quis
2028 5045 2146 5083 sum
2167 5044 2265 5099 ego
2289 5040 2345 5083 ut
2364 5029 2552 5083 vadam
2572 5031 2636 5083 ad
2654 5030 2985 5085 Pharaonem
3008 5030 3399 5102 Aigy'ptiorum

88 5126 198 5196 γύ
214 5138 404 5186 mou;
448 5140 466 5173 ι
502 5122 597 5174 νῦν
651 5122 743 5175 δέ·
784 5138 803 5171 ι
842 5118 1192 5189 Προχείρισαι
1236 5117 1394 5172 ἀλλον
1425 5118 1722 5188 δυνάμενον

1821 5137 1997 5191 regem
2016 5122 2095 5173 "?
2128 5141 2145 5171 ι
2196 5123 2402 5175 modo:
2462 5140 2480 5172 ι
2540 5120 2689 5191 Elige
2732 5123 2897 5176 alium
2968 5122 3161 5177 fortem
3209 5125 3397 5178 virum

86 5217 183 5268 ὃν
256 5210 668 5275 ὲξαποστελεῖς·
706 5230 725 5262 ι
772 5210 868 5263 καὶ
918 5208 1112 5261 πάλιν·
1155 5226 1174 5258 ι
1232 5207 1583 5276 Ἰσχνόφωνος
1630 5209 1722 5260 καὶ

1819 5227 1981 5280 quem
2006 5213 2248 5277 mittes,»
2273 5228 2570 5283 rursusque
2596 5232 2607 5266 :
2645 5214 3035 5284 dmpeditioris
3053 5224 3107 5269 et
3132 5217 3400 5270 tardioris

91 5304 569 5381 βραδύγλωσσός
616 5305 730 5375 εἰμι
767 5302 875 5371 ἐγώ
898 5319 913 5333 ·
952 5320 971 5353 ι
1005 5301 1219 5355 άπειλεί
1263 5300 1413 5369 αὐτῷ
1450 5302 1722 5372 τιμωρίαν

1818 5304 2016 5373 linguae
2044 5318 2143 5373 ego
2176 5320 2294 5359 sum
2319 5304 2387 5370 ⁸³,
2421 5324 2447 5355 δι
2492 5304 2566 5359 ab
2595 5305 2689 5359 illo
2724 5320 2911 5375 pinnas
2941 5308 3178 5376 sumpsit
3224 5323 3398 5377 ange-

85 5406 132 5456 ὁ
197 5395 472 5464 ἄγγελος,
504 5396 654 5466 φόϐῳ
701 5394 866 5463 φόϐον
900 5392 1223 5457 ἐξελαύνων,
1267 5391 1348 5462 τῷ
1398 5392 1605 5462 μείζονι
1630 5391 1723 5445 τὸν

1820 5395 1929 5459 lus,
1980 5410 2127 5450 metu
2191 5407 2392 5453 metum
2452 5398 2758 5466 expellens,
2815 5399 3021 5468 majore
3076 5400 3396 5464 minorem,

86 5489 433 5552 ἐλάττονα,
463 5487 742 5557 μονονουχὶ
787 5484 961 5552 λέγων
1004 5484 1089 5536 διὰ
1139 5484 1236 5551 τῆς
1290 5482 1722 5552 γεγυμνωμένης

1820 5502 1989 5557 prope
2046 5488 2268 5543 modum
2332 5490 2475 5545 nudo
2506 5491 2683 5560 gladio
2708 5490 2929 5546 dicens:
2989 5489 3393 5545 «Pharaonem

202 5669 268 5702 υ
302 5665 473 5720 Exod.
513 5678 596 5728 III,
626 5662 689 5717 l1
716 5673 771 5718 et
799 5678 951 5732 seqq.
1028 5663 1071 5693 ⁵³
1093 5660 1269 5715 Exod.
1296 5675 1371 5724 Iv,
1400 5660 1485 5712 ιο.

1674 5752 1905 5811 ΝΟΤᾸΕ.

196 5860 344 5982 (Si):
406 5858 481 5914 Ex
550 5857 891 5913 Theodoreto
950 5871 1006 5924 q.
1070 5852 1135 5906 10
1197 5854 1248 5905 in
1318 5850 1491 5905 Exod.
1554 5851 1566 5901 Ι
1662 5866 1716 5903 c.
1899 5855 2012 5924 (05)
2045 5853 2133 5911 Est
2165 5855 2493 5913 Theodoreti
2524 5874 2579 5926 q.
2629 5856 2697 5909 H
2726 5856 2774 5907 iu
2814 5852 2982 5907 Exod.
3018 5853 3054 5906 ι.
3087 5868 3138 5907 c.
3181 5869 3233 5922 p.
3263 5853 3390 5909 Ξιέ.

238 5948 316 5982 ρ.)
356 5970 371 5982 .

74 5962 166 6017 ρ,
230 5948 371 5985 2m.
