4162 6442
775 404 908 467 1083

1943 400 2204 461 ΡΗΟΤΙΙ
2224 398 2493 460 PATRIA
2506 397 2723 456 RClle
2759 397 2863 456 ΟΡ.

3869 395 4001 458 1084

771 518 949 574 times,
1001 511 1181 581 potius
1233 526 1318 566 me
1372 511 1566 566 timeas
1593 511 1686 576 qui
1727 510 1820 564 tibi
1861 513 1943 564 vel
1988 510 2333 564 invisibiliter

2436 509 2743 576 ῥομφαίας·
2777 526 2796 558 ι
2835 508 2897 560 Εἰ
2921 507 3014 559 τὸν
3059 507 3257 576 Φαραὼ
3297 506 3560 570 δέδοικας,
3600 507 3803 577 μᾶλλον
3831 508 4004 560 δεῖσον

774 604 990 655 uilnera
1025 601 1264 671 inﬂigere
1295 617 1538 669 possum.
1571 621 1590 652 ι

880 731 1198 799 ρυΑΞεΤιο
1235 731 1482 786 CCLXIV
1517 731 1706 804 [CoisL
1745 729 1990 792 CCCVII,
2031 730 2198 786 Taur.

1402 825 1703 896 sexcvu.

877 918 994 982 Qua
1041 917 1106 969 de
1139 931 1302 968 causa
1333 917 1651 983 fugientibus
1683 915 1985 983 pm'ceperit
2021 915 2227 982 exsequi

1315 986 1536 1039 Post-liae
1574 988 1760 1054 ferias.

2434 601 2532 668 ἐμὲ
2574 601 2664 650 τὸν
2691 601 2784 653 καὶ
2811 601 3059 670 ἀοράτως
3090 618 3171 652 σοι
3203 600 3300 668 τῆν
3344 601 3558 670 πληγὴν
3590 601 3822 666 ἐπάγειν
3848 601 4004 652 δυνά-

2435 706 2501 757 με
2511 706 2614 740 νον.
2654 709 2671 739 ι

2957 782 3291 835 ΕΡΩΤΗΣΙΣ
3327 784 3480 837 ΣΞΔ’.

2431 959 2590 1011 Διατί
2612 959 3291 1082 φεύγουσινέπιςελὶσαι
3313 964 3645 1048 προσέταξε
3667 964 3774 1016 τοῦ
3793 965 4004 1032 Πάσχα

3025 1049 3140 1082 την
3202 1049 3386 1082 οοτιιν
3407 1051 3425 1082 .'

3025 1049 3140 1096 την
3172 1049 3425 1100 εορτην;

1388 1117 1530 1166 Edita
1553 1131 1580 1165 ει
1610 1118 1736 1167 Maio
1765 1117 1823 1182 (l.
1847 1132 1893 1168 c.
1917 1131 1966 1181 ι).
2001 1117 2224 1175 127-129,
2255 1131 2305 1179 q.
2329 1121 2337 1165 Ἴ

2433 1121 2466 1183 l.
2500 1148 2560 1157 —
2591 1123 2665 1171 De
2695 1131 2938 1186 praecepto
2968 1124 3125 1174 Exodi
3159 1140 3245 1184 xu,
3279 1123 3355 1172 11.

840 1225 898 1278 In
966 1234 1284 1294 perpetuum
1358 1225 1530 1279 voluit
1604 1227 1672 1280 ab
1713 1228 1780 1282 iis
1814 1227 2041 1281 obtineri
2107 1242 2334 1281 conser-

781 1316 1015 1368 vationis
1085 1315 1446 1377 memoriam,
1507 1317 1737 1386 ideoque
1801 1317 1938 1370 dixit
2001 1318 2327 1384 legislator:

777 1425 794 1454 ε
834 1406 889 1458 Si
942 1404 1294 1473 interrogabit
1354 1405 1500 1459 ﬁlius
1569 1414 1698 1460 tuus
1744 1407 1933 1460 dicens
1978 1422 1990 1458 :
2055 1405 2196 1471 Quid
2247 1415 2332 1460 est

769 1497 1029 1550 Pascha?
1098 1496 1462 1563 respondes:
1532 1495 1590 1550 In
1659 1497 1915 1550 hodierna
1992 1496 2080 1552 die
2143 1499 2331 1551 eduxit

773 1598 954 1655 patres
1001 1595 1216 1641 nostros
1261 1586 1526 1642 Dominus
1576 1587 1717 1644 Deus
1759 1588 1826 1642 de
1861 1587 2095 1658 Egypto
2121 1590 2188 1651 “,
2222 1608 2241 1641 ι
2278 1597 2330 1642 et

772 1679 1014 1732 ractera.’
1032 1676 1394 1743 Quamobrem
1431 1677 1692 1746 jubeutur
1718 1680 1810 1748 qui
1840 1680 1935 1732 has
1976 1679 2139 1733 ferias
2171 1694 2331 1732 exse-

770 1779 1033 1838 quuntur,
1069 1771 1282 1822 itineris
1315 1778 1465 1822 veste
1487 1770 1836 1824 circumdari.
1870 1790 1888 1820 ι
1925 1767 2100 1823 Renes
2122 1781 2333 1824 vestros

769 1863 1067 1932 acciugetis
1086 1862 1152 1915 ".
1182 1880 1198 1912 ι
1233 1862 1342 1915 Hoc
1387 1870 1565 1915 autem
1595 1862 1915 1916 vocabulum
1947 1861 2156 1915 Pascha
2179 1861 2333 1915 Philo

769 1955 1155 2023 interpretatur
1175 1955 1440 2007 sacrilicia
1462 1969 1558 2022 pro
1581 1954 1812 2007 transitu
1831 1971 1845 2018 ;
1864 1952 2134 2023 Joseplius
2155 1963 2331 2007 trans-

769 2047 1137 2116 gressionem;
1168 2044 1528 2116 Symmachus
1556 2048 2054 2117 transgressiones;
2083 2045 2330 2100 Theodo-

772 2134 882 2185 tius
908 2131 1129 2196 Pltasek,
1183 2135 1300 2202 ipso
1333 2132 1602 2188 Hebraico
1634 2151 1764 2189 usus
1802 2135 1986 2200 verbo,
2027 2149 2136 2204 quo
2167 2136 2332 2205 signi-

769 2223 961 2276 licatur
1008 2224 1485 2279 exterminatorem
1510 2241 1539 2278 a
1566 2226 1939 2295 primogenitis
1980 2224 2328 2279 Hebraeorum

767 2314 1117 2369 abstinuisse.
1147 2312 1293 2369 Jussi
1348 2314 1562 2370 fuerant
1587 2319 1730 2369 enim
1757 2316 2077 2371 fasciculum
2111 2317 2330 2388 hyssopi

770 2421 1026 2470 sumere,
1095 2414 1453 2474 mae-latasque
1539 2409 1658 2462 ovis
1743 2422 1939 2461 cruore
2007 2408 2329 2474 immersis,

773 2503 956 2562 postes
983 2505 1036 2548 et
1065 2495 1226 2548 limen
1257 2497 1487 2560 illinere,
1513 2505 1713 2550 utcum
1747 2497 2057 2552 immineret
2078 2498 2334 2553 extermi-

774 2595 932 2638 nator
957 2587 1329 2655 prrcutiendis
1361 2587 1738 2659 Egyptiorum
1758 2590 2151 2658 primogenitis,
2171 2605 2333 2645 cruo—

773 2691 886 2730 rem
911 2677 1199 2746 aspiciens,
1226 2676 1572 2734 llebraeorum
1600 2679 1794 2734 domos
1838 2681 2329 2749 transgrederetur.

773 2767 844 2821 lis
871 2767 1089 2837 quidem
1124 2769 1295 2837 signis
1344 2783 1452 2823 non
1491 2785 1629 2838 opus
1669 2778 1787 2824 erat
1837 2771 2044 2840 experti
2086 2772 2331 2842 corporis

768 2861 984 2928 angelo,
1015 2859 1110 2914 sed
1149 2857 1354 2914 Juda'is
1396 2871 1454 2913 ut
1485 2861 1732 2931 symbolo
1772 2858 1866 2914 Dei
1910 2861 2329 2916 sollicitudinem

771 2953 1066 3013 discerent,
1097 2967 1306 3021 nosque
1327 2955 1419 3020 qui
1452 2953 1664 3022 Aguum
1685 2953 1806 3007 labe
1829 2963 2102 3008 carentem
2136 2955 2332 3010 immo-

771 3045 970 3108 lamus,
1033 3045 1177 3099 hunc
1218 3045 1408 3114 ﬁguris
1462 3047 1906 3116 przedescriptum
1958 3048 2326 3103 novissemus.

770 3133 972 3190 —Nec
999 3150 1064 3189 ex
1112 3135 1306 3189 ovibus
1336 3150 1506 3204 agnos
1545 3137 1720 3191 solum
1764 3151 1978 3192 sumere
2017 3137 2197 3206 jubet,
2237 3139 2332 3193 sed

769 3229 934 3280 etiam
957 3242 1022 3280 ex
1047 3228 1228 3296 capris
1255 3226 1460 3290 haedos,
1489 3242 1594 3280 non
1620 3236 1677 3281 ut
1702 3236 2006 3282 mactarent
2033 3240 2328 3298 utrumque

2515 1233 2864 1300 ’Λείμνηστον
2889 1233 3162 1301 ἠϐουλήθη
3193 1232 3532 1302 φυλαχθῆναι
3577 1231 3680 1300 τῆς
3729 1233 4004 1300 σωτηρίας

2428 1327 2526 1392 τήν
2561 1325 2800 1392 μνήμηψ
2842 1323 2922 1376 διὸ
2946 1325 3040 1374 καὶ
3067 1322 3370 1393 νομοθετῶν
3398 1324 3583 1390 ἔλεγεν
3605 1340 3619 1352 ο
3653 1341 3674 1372 ε
3723 1321 3854 1374 Ἐάν
3875 1326 4005 1393 ἐρω-

2427 1415 2567 1482 τήσῃ
2596 1431 2655 1466 σε
2683 1417 2710 1466 ὀ
2737 1414 2846 1477 υἱός
2877 1433 2970 1468 σου
2995 1416 3196 1482 λέγων’
3230 1413 3296 1467 Τί
3325 1418 3439 1466 ἐστι
3481 1415 3540 1465 τὸ
3569 1414 3763 1482 Πάσχα
3791 1430 3807 1476 ς
3843 1416 4002 1482 ἐρεῖς,

2431 1506 2550 1559 Ὀτι
2602 1509 2658 1559 ἐν
2706 1509 2772 1578 τῇ
2819 1509 3057 1579 σήμερον
3100 1508 3284 1578 ἡμέρᾳ
3316 1507 3551 1576 ἐξήγαγε
3584 1508 3713 1569 τοὺς
3764 1506 4006 1576 πατέρας

2433 1599 2590 1666 ἡμῶν
2619 1598 2822 1666 Κύριος
2849 1601 2878 1651 6
2919 1599 3052 1661 Θεὸς
3083 1600 3146 1651 ὲκ
3189 1598 3287 1667 τῆς
3314 1597 3610 1664 Αἰγύπτου,
3651 1615 3670 1646 ι
3708 1597 3808 1648 καὶ
3859 1596 4002 1661 ἑῆς.

2436 1690 2644 1741 Τούτου
2698 1691 2859 1760 χάριν
2890 1690 3321 1760 παρακελεύεται
3373 1690 3576 1757 ταύτην
3623 1687 4002 1750 ἐπιτελοῦντας

2432 1783 2530 1852 τὴν
2568 1783 2761 1851 ἑορτὴν
2806 1783 3149 1852 περικεῖσθαι
3187 1782 3250 1834 τὸ
3291 1782 3389 1851 τῆς
3415 1781 3727 1848 ὁδοιπορίας
3777 1782 3966 1848 σχῆμα
3989 1797 4002 1809 ·

2441 1893 2458 1924 ι
2501 1874 2783 1926 ’Ἔστωσαν
2812 1874 2919 1943 γὰρ
2967 1875 3022 1926 αἱ
3054 1873 3252 1942 ὀσφύες
3286 1872 3440 1942 ὑμῶν
3476 1870 3945 1942 περιεζωσμέναι,
3986 1888 4001 1918 ι

2433 1968 2526 2018 καὶ
2553 1965 2678 2033 ἑξῆς
2697 1982 2710 1995 ⁸
2741 1966 2802 2018 τὸ
2829 1966 2886 2018 δὲ
2915 1966 3129 2035 Πάσχα
3155 1968 3182 2018 6
3214 1966 3312 2035 μὲν
3349 1965 3521 2017 Φίλων
3541 1966 3865 2034 ἡρμήνευσε
3886 1963 4009 2013 ata-

2434 2058 2697 2125 ϐατήρια·
2731 2061 2760 2112 6
2782 2058 2839 2112 δὲ
2874 2058 3202 2128 ’ῐώσηππος,
3238 2056 3570 2125 ὑπερϐάσια
3590 2072 3604 2084 ⁸
3637 2055 3740 2108 ὁδὲ
3773 2054 4008 2122 Σύμμα·

2432 2167 2544 2218 χος,
2568 2149 2956 2218 ὑπερσάσεις·
2992 2152 3020 2203 6
3049 2150 3102 2201 δὲ
3125 2149 3434 2212 Θεοδοτίων,
3464 2148 3684 2216 φασὲκ,
3719 2146 3895 2215 αὐτὴν
3916 2144 4009 2212 τὴν

2446 2243 2704 2314 Ἐϐραίαν
2760 2241 3022 2306 τεθεικὼς
3051 2243 3270 2312 φωνὴνο
3311 2241 3564 2312 σημαίνει
3615 2241 3674 2291 δὲ
3717 2239 3781 2291 τὸ
3815 2239 4008 2306 ϐνομι,

2430 2333 2540 2385 τῶν
2582 2333 2851 2403 Ἐϐραίων
2876 2335 3235 2402 πρωτοτόκων
3274 2333 3374 2402 τὴν
3409 2331 3687 2399 σωτηρίαν
3716 2345 3732 2360 ο
3764 2346 4009 2400 παρεκεο

2431 2425 2662 2478 λεύσατο
2688 2425 2797 2495 γάρ
2822 2424 3028 2493 δέσμην
3063 2423 3315 2476 ὑσσώπου
3342 2423 3526 2476 λαϐεῖν
3561 2422 3655 2474 καὶ
3688 2421 3769 2489 τῷ
3817 2422 4011 2490 αἵματι

2433 2518 2526 2570 τοῦ
2573 2518 2833 2586 θυομένου
2875 2517 3148 2586 προϐάτου
3180 2514 3532 2584 ἐμϐάψαντας
3565 2514 3696 2576 τοὺς
3732 2514 4011 2580 σταθμοὺς

2433 2611 2715 2679 ὲπιχρίσαι
2729 2608 2870 2682 [καὶ]
2890 2609 2985 2680 τὴν
3004 2609 3182 2679 φλιὰν,
3198 2610 3284 2661 ἵνα
3301 2609 3426 2660 ὅταν
3443 2608 3638 2675 ἐπιστῇ
3661 2608 3691 2657 6
3705 2605 4010 2674 ὀλοθρεύων

2433 2701 2671 2764 πατάξαι
2693 2702 2763 2754 τὰ
2784 2701 3101 2772 πρωτότοκα
3117 2699 3224 2753 τῶν
3247 2698 3577 2767 Αἰγυπτίων,
3612 2695 3742 2749 ἰδὼν
3761 2695 3828 2747 τδ
3852 2689 4007 2762 αἷμα,

2434 2794 2646 2864 ὑπερϐῇ
2679 2792 2789 2846 τῶν
2827 2792 3091 2862 Ἐϐραίων
3112 2792 3209 2855 τὰς
3238 2791 3434 2853 οἰκίας,
3461 2789 3562 2841 οὐκ
3601 2786 3798 2856 ἐπειδὴ
3832 2785 4008 2837 τοιού-

2432 2904 2539 2940 των
2573 2886 2742 2938 ὲδείτο
2784 2885 3023 2955 σημείων
3062 2886 3094 2952 ἡ
3129 2882 3416 2952 ἀσώματος
3446 2879 3629 2949 φύσις,
3665 2879 3786 2932 ἀλλ’
3817 2879 3905 2930 ὃτι
3927 2877 4008 2929 διὰ

2432 2977 2527 3030 τού
2581 2977 2850 3047 συμϐόλου
2894 2976 3002 3030 ἔδει
3031 2975 3314 3037 κάκείνους
3369 2971 3562 3042 μαθεῖν
3601 2971 3705 3040 τὴν
3736 2969 3836 3022 τοῦ
3877 2967 4006 3022 Θεοῦ

2433 3069 2777 3138 κηδεμονίαν,
2804 3072 2897 3121 καὶ
2918 3070 3065 3138 ἡμᾶς
3091 3070 3216 3132 τοὺς
3240 3068 3330 3121 τὸν
3351 3069 3582 3137 ἄμωμον
3617 3063 3822 3131 ’Λμνδν
3852 3061 4006 3114 θύον-

2433 3176 2532 3220 τας
2563 3159 2766 3224 γνῶναι
2801 3160 3278 3230 προδιαγράφοντα
3309 3159 3400 3210 τὸν
3430 3157 3602 3210 τύπον
3625 3169 3640 3183 ·
3675 3156 3777 3208 ούκ
3811 3155 3881 3206 ἐκ
3904 3153 4007 3204 τῶν

2435 3249 2724 3318 προϐάτων
2759 3251 2815 3303 δὲ
2861 3251 3020 3319 μόνον
3059 3251 3227 3321 ἄρνας
3263 3250 3446 3303 λαϐεῖν
3469 3247 3705 3310 κελεύει,
3733 3246 3878 3299 ἀλλὰ
3917 3244 4006 3296 καὶ

772 3319 957 3383 simul,
991 3316 1087 3371 sed
1118 3325 1177 3371 ut
1206 3317 1299 3387 qui
1327 3332 1480 3372 ovem
1508 3318 1757 3384 haberet,
1801 3334 1998 3388 agnum
2044 3331 2328 3386 mactaret,

2433 3316 2498 3393 ἐκ
2521 3341 2630 3392 τῶν
2655 3342 2826 3408 αἰγῶν
2863 3316 3131 3412 ’ἐρίφους-ο
3157 3341 3255 3411 οὐχ
3280 3342 3367 3394 ἵνα
3396 3340 3534 3394 κατὰ
3559 3338 3757 3392 ταυτὸν
3795 3339 4005 3391 ἐκεῖνον

773 3413 868 3479 qui
897 3426 1026 3464 vero
1062 3425 1169 3463 non
1215 3409 1460 3474 haberet,
1497 3410 1732 3464 hmdum.
1779 3410 1876 3465 Die
1920 3411 2133 3466 decimo
2167 3412 2329 3480 primi

773 3502 977 3556 mensis
1027 3500 1184 3567 jubet
1231 3502 1438 3555 hostias
1485 3502 1772 3556 desumere
1820 3518 1941 3570 quae
2001 3512 2330 3573 pararentur

771 3599 900 3644 ante
929 3589 1150 3656 festum,
1199 3598 1252 3644 et
1285 3602 1482 3660 quarto
1515 3592 1729 3649 decimo
1771 3595 1861 3648 die
1900 3594 2003 3649 sub
2043 3609 2330 3663 vesperum

773 3691 1165 3747 mactarentur,
1204 3682 1332 3752 quia
1387 3682 1642 3740 Christus
1691 3700 1916 3754 vespere
1962 3683 2168 3740 ludatis
2217 3694 2332 3740 tra-

772 3774 919 3828 ditus
944 3782 1060 3838 est;
1086 3787 1208 3827 cum
1241 3775 1594 3831 silvestribus
1625 3777 1844 3846 intybus
1881 3777 2114 3830 hostiam
2150 3792 2335 3832 conne-

773 3866 903 3918 dere
944 3863 1245 3928 debebant,
1296 3881 1566 3921 memores
1605 3868 1966 3922 amarissima:
2010 3870 2062 3921 in
2096 3867 2332 3939 Egypto

775 3960 924 4012 vita.
957 3959 1160 4026 Azynia
1197 3959 1511 4026 signiﬁcant
1539 3973 1647 4013 non
1675 3959 1853 4014 solum
1885 3961 2098 4016 itineris
2142 3960 2333 4014 celeri-

775 4057 959 4116 tatem,
990 4065 1311 4119 cteaamque
1347 4054 1727 4123 improvisam,
1766 4055 1859 4111 sed
1894 4057 2060 4110 etiam
2086 4055 2330 4121 Judteos,

776 4153 834 4193 ut
857 4157 953 4209 par
980 4148 1117 4207 erat,
1143 4143 1276 4197 nihil
1301 4147 1513 4216 vestigii
1535 4161 1566 4201 ο
1589 4148 1834 4203 moribus
1855 4145 2124 4218 Egyptiis
2144 4163 2330 4203 secum

775 4234 1055 4287 allaturos.
1077 4235 1168 4287 Sic
1194 4236 1337 4288 enim
1364 4236 1630 4293 Dominus
1669 4239 2059 4308 interpretatur
2102 4239 2289 4295 dicens
2315 4258 2329 4295 :

779 4341 798 4374 ι
825 4321 1020 4378 Cavete
1041 4340 1073 4379 a
1099 4324 1364 4381 fermento
1391 4330 1694 4384 scribarum
1720 4339 1775 4383 et
1813 4331 2205 4399 pharisaeorum
2226 4335 2326 4386 ⁵⁸.»

774 4414 1053 4486 Jussitque
1085 4432 1180 4472 eos
1208 4420 1297 4488 qui
1347 4420 1414 4474 ad
1461 4422 1584 4490 agni
1619 4420 1950 4476 sacrificium
2009 4438 2170 4491 pares
2222 4437 2332 4476 non

773 4519 974 4576 essent,
1015 4511 1219 4565 vicinos
1267 4511 1369 4566 sibi
1417 4513 1598 4568 socios
1640 4516 1942 4577 asciscere,
1985 4521 2039 4567 et
2074 4529 2179 4567 una
2209 4529 2333 4568 cum

2432 3433 2688 3498 θύσωσιν,
2725 3433 2839 3488 ἀλλ’
2872 3435 2959 3486 ἴνα
3002 3435 3032 3487 6
3071 3436 3171 3505 μὲν
3200 3435 3489 3506 πρόϐατον,
3531 3433 3623 3486 τὸν
3653 3433 3821 3503 ἀρνόν
3842 3447 3858 3461 ·
3889 3435 3918 3484 6
3948 3434 4002 3484 δὲ

2434 3525 2511 3596 μὴ
2544 3527 2704 3595 ἔχων,
2733 3527 2826 3580 τὸν
2854 3527 3040 3597 ἔριφον
3062 3527 3198 3597 θύσῃ
3223 3544 3237 3558 ⁸
3266 3530 3331 3599 τῇ
3358 3527 3558 3599 δεκάτῃ
3579 3528 3632 3578 δὲ
3655 3525 3748 3578 τού
3777 3524 4001 3594 πρώτου

2435 3617 2601 3686 μηνὸς
2631 3618 2919 3688 παρεγγυᾷ
2945 3617 3101 3670 τοῦτο
3125 3618 3307 3670 λαϐεῖν
3341 3618 3407 3670 ἵν’
3439 3617 3733 3688 εύτρεπίσῃ
3763 3617 3878 3687 πρὸ
3903 3615 4002 3683 τῆς

2432 3709 2628 3780 ἑορτῆς
2645 3727 2659 3740 ·
2690 3712 2756 3781 τῇ
2776 3709 2832 3762 δὲ
2848 3726 2905 3762 τε
2914 3710 3410 3782 σσαρεσκαιδεκάτῃ
3430 3710 3656 3780 τυθῆναι
3678 3708 3818 3776 πρὸς
3844 3709 4005 3761 ἑσπέ-

2437 3820 2534 3872 ραν
2552 3819 2566 3832 °
2598 3803 2677 3854 ὅτι
2705 3803 2799 3854 καὶ
2825 3803 2854 3855 6
2879 3805 3158 3870 Δεσπότης
3178 3803 3277 3867 τὴν
3303 3802 3541 3872 ἑσπέραν
3567 3805 3680 3864 τοῖς
3721 3801 4002 3861 Ἰουδαίοις

2435 3893 2745 3963 παρεδόθηο
2789 3893 2927 3963 μετὰ
2977 3893 3241 3961 πικρίδων
3284 3894 3330 3947 δ’
3382 3893 3515 3947 αὐτὸ
3566 3891 3868 3962 βρωθῆναι,
3922 3893 4000 3952 εις

2433 3984 2739 4052 ἀνάμνησιν
2786 3985 2885 4056 τῆς
2917 3987 2976 4041 ιν
3011 3987 3270 4054 Αἰγύπτῳ
3324 3987 3651 4054 πικροτάτης
3693 3985 3844 4051 ζωῆς
3871 4002 3886 4015 ·
3913 3986 4001 4034 διὰ

2431 4071 2490 4125 δὲ
2512 4071 2619 4125 τῶν
2642 4071 2868 4144 ἀζύμων
2891 4074 2950 4127 ού
2986 4074 3144 4145 μόνον
3167 4075 3265 4143 τῆς
3298 4072 3604 4141 ὁδοιπορίας
3634 4071 3696 4121 τὸ
3729 4070 4000 4137 σύντομον

2433 4166 2528 4218 καὶ
2557 4165 2620 4218 τὸ
2658 4165 2758 4236 τῆς
2779 4166 2985 4236 τροφῆς
3021 4165 3388 4235 αὐτοσχέδιον,
3431 4165 3566 4217 ἀλλά
3586 4163 3678 4216 καὶ
3709 4163 3793 4213 ὅτι
3829 4178 4001 4231 προσ·

2433 4257 2554 4328 ήκει
2607 4257 2771 4327 μηδὲν
2816 4257 2959 4328 [χνος
2998 4258 3096 4325 τῆς
3140 4255 3517 4326 Αἰγυπτιακῆς
3551 4256 3834 4318 πολιτείας
3887 4259 4004 4307 ἑπι-

2434 4349 2695 4418 φέρεσθαι
2714 4366 2728 4378 ο
2756 4348 2899 4402 οὕτω
2922 4349 3031 4419 γὰρ
3067 4349 3097 4400 6
3138 4348 3340 4419 Κύριος
3370 4349 3676 4418 ἡρμήνευσε
3701 4363 3715 4377 ο
3759 4365 3777 4395 ι
3825 4349 4004 4418 Προσ-

2436 4440 2614 4509 έχετε,
2641 4439 2840 4507 λέγων,
2875 4441 2982 4494 ἀπὸ
3018 4440 3116 4510 τῆς
3153 4439 3332 4508 ζύμης
3363 4438 3472 4490 τῶν
3499 4438 3888 4506 Γραμματέων
3917 4442 4005 4490 καὶ

2433 4531 2742 4601 Φαρισαίων
2763 4547 2777 4561 ’
2817 4550 2837 4584 ι
2873 4531 3125 4584 ἐκέλευσε
3157 4531 3213 4583 δὲ
3241 4531 3335 4584 καὶ
3365 4530 3490 4592 τοὺς
3523 4532 3598 4599 μῆ
3636 4529 4004 4599 διαρκοῦντας

775 4602 854 4654 eis
879 4600 1145 4656 Pascham
1185 4603 1486 4657 itmnolare.
1527 4604 1619 4658 Sic
1651 4606 1772 4660 illos
1819 4603 2113 4659 fraternam
2145 4606 2330 4659 chario

776 4701 936 4714 ι...-....
1001 4692 1146 4714 .I--_-
1237 4702 1279 4714 ,ι
1341 4695 1390 4714 ἐκ-
1451 4711 1709 4714 ----,-,--
1779 4710 1829 4714 ,λ
1902 4697 2187 4714 ,_,!-__,.'-,
2222 4711 2271 4714 ,ν

2437 4600 2731 4676 είςθυσίαν
2763 4621 3034 4692 προϐάτου
3085 4620 3423 4688 παραλαϐεῖν
3459 4620 3584 4681 τοὺς
3628 4620 3890 4686 γείτονας
3918 4623 4004 4673 καὶ

776 4701 940 4746 tatem
995 4692 1174 4757 docet,
1231 4702 1286 4746 et
1341 4695 1396 4747 in
1449 4711 1714 4765 pauperes
1771 4697 2322 4750 conimiseratiouem.

776 4783 979 4839 Idcirco
1018 4785 1157 4854 jussi
1183 4784 1407 4839 fuerunt
1433 4787 1683 4840 carnium
1719 4787 2135 4840 redundantiam
2179 4802 2328 4840 cont-

776 4875 990 4938 burere,
1039 4882 1099 4928 ut
1143 4887 1466 4943 cogerentur
1522 4877 1711 4946 inopes
1764 4878 1829 4931 ad
1880 4877 2326 4931 communionem

776 4969 1050 5022 l‘eriarum.

848 5168 972 5222 llzec
1013 5173 1194 5222 omnia
1230 5181 1542 5223 nostrorum
1592 5178 1721 5224 sunt
1760 5171 2148 5240 mysteriorum
2201 5171 2332 5225 ani-

778 5270 972 5327 gniata.
1005 5260 1411 5315 Linimusenim
1437 5271 1492 5316 et
1521 5277 1618 5315 nos
1637 5275 1833 5316 cruore
1859 5264 2030 5315 nostri
2053 5263 2188 5332 Agni
2224 5277 2330 5316 non

777 5352 950 5404 solum
990 5353 1174 5418 limen,
1201 5354 1296 5408 sed
1324 5355 1488 5407 etiam
1520 5354 1660 5408 duos
1689 5369 1908 5423 quoque
1934 5363 2156 5422 postes;
2187 5354 2329 5422 ligu-

778 5452 892 5496 rate
918 5444 1136 5512 quidem
1169 5444 1409 5514 linguam
1435 5453 1488 5498 et
1523 5444 1672 5498 labra
1704 5445 2026 5498 mundantes
2056 5451 2113 5497 et
2134 5446 2328 5499 sancti~

844 5621 890 5652 "
926 5619 1097 5676 Exod.
1151 5637 1247 5686 xu,
1291 5624 1378 5677 5|.
1457 5625 1502 5657 "
1545 5624 1674 5679 ibid.
1715 5623 1799 5677 Η.
1877 5621 1922 5651 ⁸⁸
1949 5624 2137 5678 Matth.
2179 5640 2292 5687 xvr,
2322 5626 2406 5678 ll.

2436 4713 2576 4765 κατὰ
2621 4713 2817 4766 ταυτὸν
2863 4713 3024 4766 θῦσαι
3066 4712 3127 4764 τὸ
3155 4713 3366 4781 Πάσχα,
3406 4711 3753 4780 φιλαδελφίαν
3801 4714 4004 4772 αὐτοὺς

2435 4807 2769 4862 ὲκπαιδεύων
2826 4806 2923 4859 καὶ
2965 4806 3056 4856 τὸν
3113 4806 3192 4867 είς
3237 4804 3365 4866 τοὺς
3406 4803 3640 4870 πένητας
3683 4802 3884 4854 ἔλεον·
3921 4805 4003 4855 διά

2432 4900 2590 4953 τοῦτο
2614 4897 3044 4969 παρακελεύεται
3069 4898 3163 4948 καὶ
3184 4895 3252 4948 τὰ
3277 4895 3658 4964 περιττεύοντα
3682 4895 3791 4945 τῶν
3821 4898 4002 4964 κρεῶν

2435 4988 2844 5054 κατακαίεσθαι,
2892 4988 3062 5057 ταύτῃ
3105 4985 3533 5055 καταναγκάζων
3563 4985 3761 5047 αὐτοὺς
3813 4988 4002 5040 καλεῖν

2429 5084 2555 5145 τοὺς
2594 5082 2879 5150 δεομένους
2903 5082 2981 5144 είς
3010 5080 3292 5132 κοινωνίαν
3313 5081 3411 5149 τῆς
3443 5078 3654 5149 ἑορτῆς.

2499 5171 2686 5226 Ταῦτα
2730 5171 2786 5224 δὲ
2838 5171 3015 5224 πάντα
3057 5169 3164 5222 τῶν
3207 5171 3486 5240 ἡμετέρων
3523 5170 3637 5222 ἐστὶ
3672 5187 3999 5241 μυστηρίων

2429 5265 2729 5331 αἰνίγματα
2753 5279 2768 5293 ·
2805 5262 3029 5332 χρίομεν
3056 5260 3165 5330 γὰρ
3215 5263 3310 5313 καὶ
3338 5262 3497 5329 ἡμεῖς
3532 5261 3609 5330 τῷ
3644 5261 3851 5329 αῖματι
3906 5262 3996 5314 τοῦ

2429 5355 2699 5424 ἡμετέρου
2751 5353 2958 5423 Ἀμνοῦ
2986 5353 3047 5406 ού
3071 5353 3228 5422 μόνον
3256 5352 3354 5420 τὴν
3389 5353 3549 5420 φλιάν
3582 5353 3717 5405 ἀλλὰ
3740 5354 3840 5405 καὶ
3871 5359 3995 5415 τοκ

2427 5447 2520 5499 δύο
2559 5447 2850 5518 σταθμοὺς,
2897 5446 3040 5501 κατὰ
3077 5445 3174 5516 μὲν
3199 5445 3261 5498 τὸ
3288 5428 3563 5516 δρώμενον
3606 5445 3704 5515 τῆν
3744 5445 3996 5515 γλῶτταν

2283 5717 2505 5774 ΝΟΤᾹΞ.

853 5808 956 5878 (64)
987 5808 1077 5861 list
1098 5805 1422 5864 Theodoreti
1452 5827 1507 5881 q.
1536 5809 1604 5864 24
1639 5811 1689 5864 in
1718 5809 1912 5875 Exod.,
1943 5827 1992 5880 p.
2022 5810 2137 5864 250.
