4162 6442
142 429 278 491 1085

1072 424 1171 482 ΑΙ)
1204 424 1791 487 AMPHILOCHIUM
1823 426 2165 499 QUIESTIO
2196 430 2483 492 CCLXIV.

3236 422 3373 487 1086

140 541 237 593 καὶ
261 538 329 591 τὰ
358 535 515 606 χείλη
554 532 906 604 καθαίροντες
936 549 995 585 τε
1047 533 1138 585 καὶ
1192 535 1533 602 ἁγιάζοντες·
1566 537 1705 589 κατὰ

1814 538 2053 605 licantes,
2084 556 2270 597 revera
2309 553 2494 597 autem
2528 556 2630 613 pro
2668 540 2859 595 limine
2886 538 3244 601 intellectum,
3277 555 3372 607 pro

144 635 200 687 δὲ
222 632 283 685 τὸ
314 630 601 699 νοούμενον
631 628 754 680 ἀντὶ
785 626 943 694 qua;
973 626 1036 678 τδ
1070 625 1318 692 λογικόν·
1353 628 1473 680 ἀντὶ
1519 628 1577 681 δὲ
1598 628 1708 680 τῶν

144 724 239 776 δύο
257 721 533 791 σταθμῶν,
554 718 616 771 τδ
643 716 924 787 θυμοειδὲς
947 717 1035 769 καὶ
1062 717 1482 787 ἐπιθυμητικόν·
1508 718 1710 786 ἁρμότ-

138 831 223 865 τει
251 813 305 866 δὲ
328 814 461 882 ἡμῖν
492 808 588 860 καὶ
616 807 675 859 τὸ
702 807 840 875 μήτε
860 805 1009 875 ὡμὰ,
1030 806 1167 875 μήτε
1195 805 1463 875 ἑψημινα,
1489 806 1706 869 ἐσθίειν,

139 906 255 958 ἁλλ’
290 904 430 957 ὀπτὰ
453 900 621 970 πυρί·
651 898 775 952 οὔτε
804 898 912 968 7&9
945 897 1092 967 μόνῳ
1118 895 1195 966 τῷ
1220 896 1427 966 δμματι
1447 896 1711 965 προσϐλὲ-

142 1012 341 1063 πομεν,
376 991 512 1046 ἁλλὰ
547 988 647 1059 τὴν
673 988 915 1041 διάνοιαν
948 986 1280 1055 ἑρευνῶμεν,
1309 985 1431 1039 οὔτε
1468 986 1575 1057 μὴν
1613 985 1711 1038 ἁν-

143 1085 449 1155 θρωπίνους
472 1082 767 1152 Αογισμοὺς
794 1081 908 1140 τοῖς
933 1077 1097 1140 θείοις
1124 1078 1485 1146 ἐπεισάγομεν
1507 1076 1708 1143 λόγοις·

141 1178 300 1229 τοῦτο
326 1176 434 1247 7&9
465 1174 560 1227 καὶ
597 1171 827 1233 Ἡσαΐας
854 1168 1017 1222 τινῶν
1044 1169 1444 1238 κατηγόρησεν,
1479 1168 1551 1231 ὡς
1580 1170 1710 1220 ἁνα-

148 1267 451 1337 μιγνύντων
490 1265 643 1317 ὕδατι
671 1263 763 1316 τὸν
802 1256 945 1315 οἶνον
964 1273 978 1289 ⁸
1006 1259 1145 1313 ἁλλὰ
1172 1260 1318 1330 μόνῳ
1349 1259 1606 1331 χρώμεθα
1634 1257 1730 1329 τῷ·

144 1358 276 1427 θείῳ
313 1356 469 1424 πυρὶ,
495 1358 562 1425 τῇ
598 1355 692 1407 τοῦ
732 1351 999 1420 παναγίου
1046 1350 1361 1420 Πνεύματος
1390 1352 1612 1421 χάριτι·
1652 1351 1712 1402 τὸ

143 1448 201 1501 δὲ
231 1450 305 1518 μὴ
331 1448 651 1501 καταλιπεῖν
676 1444 786 1497 τῶν
815 1443 990 1514 κρεῶν
1018 1442 1099 1505 είς
1121 1440 1219 1511 τὴν
1240 1441 1552 1511 ὑστεραίαν,
1570 1440 1712 1493 οὕτω

146 1539 376 1608 νοοῦμεν
394 1555 409 1570 ·
444 1539 527 1591 ὅτι
550 1538 579 1591 ό
603 1534 810 1607 μέλλων
841 1534 954 1603 βίος
973 1533 1083 1586 τῶν
1111 1532 1395 1601 συμϐόλων
1424 1532 1487 1584 οὐ
1508 1532 1709 1584 δεῖται·

147 1630 289 1684 αύτὰ
326 1630 433 1701 7&9
484 1628 701 1698 ὁρῶμεν
747 1630 806 1681 ὲν
840 1624 1033 1693 ἐκείνῳ
1067 1623 1145 1693 τῷ
1186 1622 1509 1695 πράγματι·
1558 1622 1624 1675 τὰ
1655 1623 1713 1675 δὲ

147 1723 287 1776 ὀστᾶ
317 1720 411 1774 τοῦ
450 1719 723 1791 προϐάτου
771 1715 1145 1785 συντρίϐουσιν
1188 1716 1238 1766 οί
1270 1711 1457 1776 κακῶς
1486 1712 1556 1765 τὰ
1596 1714 1714 1766 θεῖα

146 1809 400 1871 νοοῦντες
434 1810 607 1876 Δόγια
639 1808 732 1860 καὶ
756 1806 834 1869 είς
860 1803 959 1874 τὴν
982 1802 1187 1856 οἰκείαν
1215 1802 1355 1859 αύτὰ
1384 1800 1715 1873 πειρώμενοι

151 1901 481 1973 μεταφέρειν
511 1899 799 1953 ἀσέϐειαν·
834 1897 898 1950 τὸ
932 1896 988 1949 δι
1031 1896 1107 1966 μὴ
1138 1895 1298 1965 μόνον
1336 1897 1401 1947 ὲκ
1426 1894 1715 1964 προϐάτων

148 1993 291 2045 ἀλλὰ
315 1994 409 2045 καὶ
442 1990 501 2057 ιξ
526 1991 729 2061 ἐρίφων
758 1990 1075 2061 λαμϐάνειν,
1102 1991 1202 2061 τὴν
1232 1991 1381 2043 θείαν
1416 1990 1580 2043 πάλιν
1609 2006 1713 2059 κη-

150 2082 338 2151 ρύττει
364 2082 807 2153 φιλανθρωπίαν·
842 2084 904 2137 ού
938 2088 1045 2153 7&9
1079 2083 1238 2152 μόνον
1268 2083 1406 2151 ὑπὲρ
1431 2080 1654 2134 δικαίων
1689 2082 1717 2133 ό

147 2173 384 2245 Χριστὸς
431 2173 569 2227 ἁλλὰ
615 2176 707 2228 καὶ
762 2176 901 2246 ὑπὲρ
948 2174 1286 2246 ἁμαρτωλῶν
1335 2174 1397 2227 τδ
1452 2174 1717 2243 σωτήριον

148 2267 544 2337 ὑπομεμενηκε
584 2266 787 2331 πάθος·
832 2268 1021 2338 ἔριφον
1051 2266 1160 2338 γάρ
1207 2267 1343 2338 ὑπὲρ
1388 2262 1714 2336 ἁμαρτωλοῦ

146 2361 178 2411 ὁ
206 2358 368 2429 νόμος
407 2362 737 2429 προσφέρειν
773 2360 1022 2413 ἐκέλευσε
1046 2374 1061 2391 ·
1090 2357 1319 2411 καὶτῶν
1346 2357 1506 2411 θείων
1524 2356 1581 2410 δὲ
1617 2374 1719 2426 μυ-

149 2452 395 2522 στηρίων
426 2455 474 2505 οἱ
527 2452 1052 2523 μεταλαμϐάνοντες,
1084 2452 1132 2504 οί
1174 2454 1272 2521 μιν
1317 2450 1393 2513 ὡς
1440 2448 1717 2518 προϐάτου

152 2544 685 2615 μεταλαμϐάνουσιν,
717 2546 811 2599 ἁτε
840 2544 903 2615 δὴ
924 2543 1137 2598 τελείαν
1168 2543 1267 2613 τὴν
1293 2542 1493 2613 ἀρετὴν
1522 2559 1719 2608 κεκτη-

151 2636 345 2705 μένοι·
383 2637 433 2688 οί
465 2635 521 2688 δε
549 2636 624 2699 ὼς
652 2636 865 2705 ἐρίφου,
903 2636 993 2690 διὰ
1036 2634 1320 2705 μετανοίας
1349 2633 1721 2703 ἐξαλείφοντες

148 2728 257 2791 τὰς
282 2727 391 2781 τῶν
426 2729 839 2799 ἁμαρτημάτων
871 2729 1121 2797 κηλῖδας·
1151 2727 1295 2781 οὕτω
1326 2728 1419 2781 καὶ
1448 2729 1477 2781 ό
1518 2726 1721 2797 Κύριος

148 2820 315 2891 ἡμῶν
355 2821 455 2874 οὐκ
506 2822 571 2875 εκ
601 2820 819 2874 σιτίνων
864 2820 1022 2890 μόνον
1052 2818 1189 2872 άλλὰ
1224 2821 1318 2873 καὶ
1361 2820 1425 2873 ὲκ
1467 2820 1722 2890 κριθίνων

150 2912 285 2974 τοὺς
337 2910 761 2981 συνεληλυθότας
812 2911 992 2981 ἁρτων
1046 2908 1325 2981 διέθρεψε·
1370 2911 1466 2963 καὶ
1504 2911 1635 2979 ἡμῖν
1666 2909 1723 2962 δε

149 3002 499 3055 διεκέλευσεν
544 3001 690 3070 ἔχειν
734 3001 832 3064 τὰς
890 3001 1096 3069 ὀσφύας
1149 3000 1590 3071 περιεζωσμένας
1629 3001 1723 3055 καὶ

148 3098 287 3160 τοὺς
319 3095 482 3158 πόδας
519 3093 938 3164 ὑποδεδεμένους
971 3094 1065 3146 καὶ
1094 3094 1217 3156 τοὺς
1248 3092 1473 3163 λύχνους
1503 3096 1727 3163 καιομέ-

1809 629 2027 686 duobus
2055 633 2302 699 postibus
2329 634 2570 686 animum
2600 642 2655 688 et
2683 632 3034 700 cupiditates.
3062 628 3188 683 llaec
3230 645 3373 697 quu-

1806 737 1953 790 que:
1991 741 2009 774 ι
2042 721 2159 776 Non
2209 724 2508 778 comedetis
2554 739 2621 778 ex
2671 737 2738 776 eo
2783 721 3017 775 crudum
3061 720 3214 782 quid,
3272 733 3373 770 nec

1809 820 2023 866 coctum
2092 828 2253 882 aqua,
2320 814 2412 867 sed
2470 822 2681 866 tantum
2719 828 2904 881 assum
2956 811 3067 880 igni
3118 812 3183 873 ³⁷,
3231 828 3250 860 ι
3302 808 3371 862 ad

1812 919 1911 957 nos
1945 906 2221 972 pertinent
2255 909 2347 973 qui
2378 921 2489 959 non
2540 906 2606 959 ad
2638 908 2877 973 speciem
2936 912 3147 955 tantum
3194 902 3372 969 respi-

1809 998 2007 1058 cimus.
2036 1000 2131 1052 sed
2155 1010 2387 1052 mentem
2414 1000 2577 1051 etiam
2605 999 2944 1067 indagamus,
2972 1012 3071 1050 nec
3104 996 3375 1049 humanas

1811 1086 2052 1139 rationes
2096 1085 2294 1139 divinis
2355 1088 2692 1139 asciscimus.
2762 1084 2919 1151 Quod
2980 1086 3147 1136 etiam
3203 1082 3373 1136 Isaias

1811 1172 2138 1241 quibusdam
2207 1172 2577 1241 exprobravit,
2615 1173 2771 1239 quasi
2824 1173 3012 1224 vinum
3057 1186 3181 1224 cum
3232 1184 3373 1238 aqua

1811 1266 2197 1329 miscuissent;
2230 1268 2323 1318 sed
2360 1266 2478 1318 solo
2504 1264 2691 1318 divino
2733 1264 2855 1332 igne
2905 1264 3135 1326 utinmr,
3166 1262 3379 1316 scilicet

1812 1356 1983 1410 sancti
2039 1354 2278 1424 Spiritus
2314 1358 2508 1424 gratia.
2535 1384 2607 1395 —-
2645 1354 2800 1419 Quod
2852 1369 2961 1407 non
3020 1361 3263 1421 Oporteat
3307 1353 3375 1403 ad

1811 1456 2089 1516 posterum
2122 1447 2265 1500 diem
2316 1447 2561 1515 linquere
2602 1461 2797 1500 carnes
2848 1446 2928 1499 sic
2974 1445 3375 1511 intelligimus:

1814 1540 2011 1594 futura:
2041 1541 2164 1594 vita:
2192 1554 2307 1593 non
2336 1555 2473 1607 opus
2505 1554 2626 1593 esse
2656 1538 2939 1608 symbolis.
2973 1537 3115 1590 ldem
3149 1551 3380 1605 sequen-

1816 1633 1886 1685 tia
1918 1631 2219 1685 declarant.
2242 1630 2377 1685 Ossa
2436 1632 2581 1683 enim
2609 1631 2733 1699 agni
2762 1638 3052 1683 conterunt
3096 1630 3187 1696 qui
3236 1627 3379 1679 male

1814 1721 2035 1775 oracula
2073 1720 2255 1775 divina
2294 1720 2623 1788 intelligunt.
2656 1730 2712 1773 et
2742 1720 2809 1773 ad
2844 1719 3177 1787 impietatem
3220 1731 3377 1771 suam

1814 1828 1876 1865 ea
1912 1814 2115 1866 referre
2146 1821 2435 1867 conantur.
2469 1811 2623 1875 Quod
2668 1827 2774 1864 non
2811 1818 3064 1878 Oportcat
3107 1811 3280 1864 solum
3314 1824 3379 1861 ex

1818 1904 2030 1969 ovibus,
2066 1905 2161 1958 sed
2193 1904 2357 1958 etiam
2390 1919 2452 1957 ex
2483 1904 2652 1956 haedis
2696 1902 2904 1956 hostias
2932 1906 3240 1961 desumere,
3276 1899 3381 1952 hoc

1817 2012 2007 2050 rursus
2036 1996 2280 2050 divinum
2305 1995 2356 2047 in
2382 1995 2627 2048 homines
2650 1995 2948 2064 proclamat
2976 2007 3241 2052 amorem,
3269 2006 3379 2045 non

1816 2091 1961 2144 enim
2016 2090 2193 2144 solum
2215 2102 2331 2157 pro
2375 2088 2541 2157 justis
2584 2086 2861 2149 Christus,
2918 2086 3010 2139 sed
3063 2085 3226 2138 etiam
3279 2099 3379 2151 pro

1818 2181 2198 2251 peccatoribus
2248 2179 2543 2235 salutarem
2590 2178 2810 2247 pertulit
2861 2176 3194 2245 passionem.
3240 2172 3375 2227 Nam

1819 2269 2031 2326 haedum
2067 2283 2166 2338 pro
2202 2268 2582 2338 peccatoribus
2626 2268 2707 2320 lex
2737 2266 2932 2320 offerre
2958 2266 3152 2334 jussit;
3196 2279 3263 2316 ex
3311 2264 3379 2316 iis

1818 2372 1997 2417 autem
2034 2362 2128 2430 qui
2149 2375 2303 2415 sacra
2348 2358 2607 2429 mysteria
2643 2356 2987 2427 participant,
3021 2355 3109 2408 alii
3156 2353 3377 2421 quidem

1817 2457 1970 2527 quasi
1999 2455 2051 2509 in
2079 2465 2285 2526 partem
2317 2454 2441 2523 agni
2479 2454 2721 2516 veniunt,
2749 2461 2935 2521 utpote
2968 2452 3221 2504 virtutem
3260 2448 3378 2501 exi-

1822 2552 1982 2603 miam
2018 2547 2221 2616 adepti,
2248 2546 2339 2600 alii
2365 2560 2492 2600 vero
2527 2546 2687 2612 quasi
2724 2545 2776 2597 in
2807 2552 3017 2614 partem
3059 2540 3220 2600 haedi.
3273 2540 3381 2594 sci-

1822 2640 1947 2695 licet
1964 2640 2055 2707 qui
2074 2636 2392 2708 pmnitentia
2418 2636 2659 2690 maculas
2676 2645 3021 2705 peccatorum
3040 2634 3377 2687 oblitteram.

1823 2734 1913 2789 Sic
1938 2734 2082 2787 enim
2115 2732 2375 2786 Dominus
2398 2737 2583 2784 noster
2613 2743 2719 2782 non
2748 2744 2778 2781 e
2801 2726 3157 2780 frumentario
3180 2725 3379 2785 solum,

1822 2822 1917 2878 sed
1944 2820 2107 2875 etiam
2141 2834 2208 2874 ex
2251 2819 2551 2873 hordmceo
2581 2832 2715 2886 pane
2743 2816 2958 2870 turbam
2999 2814 3282 2875 enutrivit,
3328 2820 3383 2865 et

1825 2911 1985 2967 nobis
2015 2910 2345 2979 praseripsit
2381 2909 2595 2963 lumbos
2627 2908 2835 2962 cinctos
2866 2907 3088 2967 habere,
3129 2915 3181 2958 et
3219 2905 3382 2973 pedes

1824 3002 2114 3065 caleeatos,
2162 3010 2216 3055 et
2262 2999 2540 3054 lucernam
2586 3014 2871 3054 accensam
2912 3008 2973 3052 ut
3013 2997 3232 3051 famulis
3284 2997 3383 3049 do-

1824 3094 2033 3148 minum
2060 3092 2521 3162 exspectantibus.
2544 3089 2616 3146 Ut
2639 3091 2804 3161 igitur
2830 3090 3040 3146 Hebraei
3065 3090 3130 3144 de
3149 3090 3383 3159 Egypto

153 3204 308 3250 νους,
356 3186 431 3249 ὡς
492 3186 708 3249 οίκίτας
772 3184 1037 3255 δεσπότην
1100 3185 1504 3255 προσμένοντας
1529 3202 1544 3217 ·
1610 3185 1720 3239 ἁλλ’

1827 3184 1975 3240 exire
2044 3184 2219 3254 jussi,
2296 3184 2702 3255 migrantesque
2774 3184 2828 3237 in
2901 3181 3161 3237 Chanaan
3239 3183 3385 3236 hunc

167 3277 417 3348 Ἑϐραῖοι
458 3276 651 3346 μὲνὼς
676 3276 991 3343 Αἰγυπτίων
1022 3274 1485 3346 ἀπαλλαττόμενοι
1520 3276 1616 3329 καὶ⁵
1640 3278 1718 3339 είς

149 3368 261 3435 τὴν
318 3367 637 3419 Χαναναίων
696 3364 803 3435 γῆν
862 3366 1207 3435 είσαγόμενοι
1253 3366 1409 3417 τοῦτο
1458 3360 1603 3434 εῐχον
1660 3366 1721 3418 τὸ

152 3458 385 3527 σχῆμα·
422 3461 584 3529 ἡμεῖς
610 3457 667 3511 δὲ
687 3456 762 3521 ὡς
790 3454 1041 3510 ίντεῦθεν
1069 3456 1149 3519 είς
1171 3454 1356 3527 ἕτερον
1386 3453 1720 3528 μεθιστάμε-

151 3561 245 3597 νοι
278 3543 414 3613 βίον.

233 3634 333 3687 Διὰ
363 3634 520 3687 τοῦτο
545 3634 640 3687 καὶ
672 3635 803 3703 ἡμῖν
837 3636 865 3687 ό
890 3633 1033 3699 θεῖος
1050 3636 1485 3706 παρακελεύεται
1512 3636 1721 3699 Παῦλος

153 3726 339 3795 βοῶν·
394 3743 415 3776 ε
461 3725 833 3795 Ἐκκαθάρατε
878 3725 975 3796 τὴν
1026 3725 1263 3780 παλαιάν
1312 3726 1524 3799 ζύμην·
1570 3745 1590 3779 a
1628 3728 1722 3780 καὶ

150 3816 292 3885 ἑξῆς
336 3815 505 3868 είπών
526 3831 539 3845 ·
588 3834 607 3868 ι
634 3815 803 3869 “Ωστε
845 3816 1190 3887 ἑορτάζωμεν
1225 3816 1302 3887 μὴ
1331 3819 1388 3869 εν
1442 3817 1586 3888 ζύμῃ
1613 3834 1721 3869 πα·-

149 3906 313 3977 λαιᾷ,
344 3906 478 3976 μηδὲ
514 3907 572 3957 ὲν
623 3906 771 3978 ζύμῃ
816 3907 1013 3969 κακίας
1050 3910 1144 3960 καί⁸
1183 3909 1469 3979 πονηρίας,
1508 3908 1621 3961 ἁλλ’
1664 3912 1722 3963 ὲν

149 3997 393 4068 ἀζύμοις
446 3998 794 4068 είλικρινείας
842 3999 939 4052 καὶ
987 3998 1265 4068 ἀληθείας.
1319 4020 1339 4052 ι
1374 3999 1611 4053 ’Δνωθεν
1667 4002 1724 4054 δὲ

148 4088 558 4159 προμεμήνυκε
587 4088 687 4159 τὴν
719 4088 825 4141 τῶν
863 4088 1029 4143 ἐθνῶν
1062 4092 1336 4161 σωτηρίαν
1379 4093 1408 4145 ό
1443 4091 1603 4156 Θεός·
1632 4092 1725 4145 καὶ

147 4184 275 4250 7&9
303 4180 670 4251 προσηλύτους
713 4180 1136 4250 μεταλαγχάνειν
1180 4182 1275 4234 τοῦ
1323 4183 1512 4252 Πάσχα
1557 4199 1725 4255 προσ-

148 4270 348 4336 ιταξε.
380 4272 572 4341 Γιόραν
603 4272 710 4341 7&9
734 4273 824 4325 τὸν
843 4272 1175 4344 προσήλυτον
1200 4274 1479 4338 ἐκάλεσεν,
1499 4276 1593 4327 καὶ
1617 4276 1727 4328 ίσο-

148 4366 359 4434 νομίας
399 4364 547 4435 αὑτῷ
596 4365 895 4435 μετέδωκεν
917 4382 931 4395 ·
964 4383 983 4417 ι
1020 4366 1213 4419 Ἔσται
1261 4366 1389 4437 7&9.
1438 4370 1621 4438 φησιν,
1650 4369 1725 4432 ὡς

146 4452 445 4521 αὐτόχθων
463 4452 562 4521 τῆς
580 4452 684 4521 γῆς
704 4468 719 4483 ·
752 4472 773 4503 ι
794 4452 887 4505 καὶ
912 4452 971 4505 τὸ
1000 4471 1019 4504 ι
1043 4454 1128 4506 'Ev
1156 4454 1301 4525 οίκίᾳ
1322 4457 1421 4527 μιᾷ
1446 4457 1725 4528 βρωθήσε·

1829 3277 2033 3331 cultum
2070 3276 2359 3340 habebant.
2396 3275 2691 3331 habeamus
2718 3283 2773 3330 et
2801 3290 2901 3329 nos
2927 3275 3019 3343 qui
3048 3290 3113 3329 ex
3143 3275 3243 3328 hac
3275 3273 3383 3327 vita

1828 3368 1884 3424 in
1914 3370 2140 3425 alteram
2172 3368 2487 3439 migramus.

1894 3636 2009 3703 Qua
2053 3634 2121 3690 de
2146 3650 2312 3689 causa
2357 3643 2412 3689 et
2452 3649 2550 3689 nos
2593 3634 2749 3689 divus
2802 3634 3121 3688 adhortatur
3161 3630 3384 3693 Paulus,

1828 3731 2098 3785 clamans:
2123 3748 2139 3779 ι
2153 3727 2455 3797 Expurgate
2474 3736 2625 3780 vetus
2643 3726 2965 3780 fermentum
2980 3726 3043 3789 ⁸⁸,
3059 3735 3140 3778 ιρι
3154 3726 3384 3793 reliqua,

1828 3822 2014 3877 dicens
2046 3837 2061 3875 :
2104 3839 2122 3871 ι
2146 3819 2331 3889 Itaque
2358 3820 2641 3888 epulemur
2679 3834 2783 3872 non
2811 3821 2863 3872 iu
2894 3820 3059 3873 veteri
3093 3817 3384 3878 fermento.

1830 3928 1929 3967 nec
1981 3912 2034 3965 in
2095 3911 2313 3965 malitiae
2366 3924 2419 3963 et
2482 3911 2591 3964 vitii
2639 3909 2922 3973 fermento,
2972 3910 3062 3964 sed
3095 3910 3147 3962 in
3180 3910 3387 3979 azymis

1828 4002 2154 4059 sinceritatis
2210 4002 2560 4070 veritatisque
2590 4002 2656 4053 ⁸⁸.
2689 4020 2708 4052 ι
2747 4004 2791 4054 Α
2825 4003 2977 4068 longe
3008 4002 3389 4069 praenuntiant

1829 4096 2109 4167 gentilium
2162 4095 2388 4150 salutem
2450 4093 2592 4149 Deus
2654 4096 2745 4164 qui
2812 4097 3114 4163 proselytos
3163 4091 3388 4147 Pascha:

1830 4187 1945 4243 lleri
1973 4188 2263 4258 participes
2285 4186 2471 4253 jussit.
2500 4188 2710 4243 Etenim
2730 4187 3056 4258 proselytum
3074 4186 3384 4255 appellavit,

1830 4279 1989 4349 eique
2030 4279 2171 4348 juris
2225 4279 2641 4348 aequabilitatem
2674 4279 2841 4332 dedit.
2914 4296 2930 4327 ι
2967 4275 3268 4337 Eritenim,
3300 4278 3385 4329 in-

1830 4372 1965 4440 quit,
2003 4378 2061 4423 ut
2094 4380 2251 4423 terra:
2291 4369 2561 4440 indigena.
2609 4368 2721 4423 Hoc
2749 4377 2926 4421 autem
2952 4364 3160 4421 Pascha
3191 4367 3241 4420 in
3281 4382 3386 4420 una

1831 4464 1993 4517 domo
2018 4461 2331 4516 comedetur
2352 4462 2417 4522 “,
2447 4480 2465 4513 ι
2528 4461 2817 4513 observant
2856 4460 3037 4513 ﬁdeles
3068 4460 3158 4528 qui
3190 4474 3297 4511 una
3332 4463 3384 4509 in

142 4560 277 4608 ται,
308 4562 327 4595 ι
368 4544 725 4612 φυλάττουσιν
752 4547 801 4599 οί
848 4547 1049 4613 πιστοὶ,
1086 4548 1144 4599 ιν
1168 4548 1304 4620 μόνῃ
1331 4551 1397 4619 τῇ
1440 4548 1720 4623 Ἐκκλησία

1836 4552 2059 4607 ecclesia
2092 4566 2370 4607 sacrorum
2399 4552 2688 4621 participes
2715 4551 3094 4621 mysteriorum
3127 4559 3276 4611 sunt,
3333 4560 3387 4602 et

143 4634 274 4687 τῶν
301 4634 458 4689 θείων
488 4636 997 4707 μεταλαμϐάνοντες
1040 4639 1381 4709 μυστηρίων.
1409 4640 1509 4703 τὰς
1532 4641 1588 4695 δι
1618 4644 1727 4695 τῶν

145 4725 461 4795 αῖρετικῶν
527 4730 849 4795 συναγωγάς
917 4728 1361 4800 βδελυττόμενοι·
1414 4734 1481 4785 τὰ
1546 4734 1728 4802 μέντοι

144 4818 489 4886 πρωτότοκα
516 4818 610 4871 καὶ⁵
637 4819 744 4870 τῶν
774 4818 1063 4889 προϐάτων
1086 4820 1307 4873 καὶτῶν
1333 4821 1471 4891 βοῶν
1492 4826 1729 4894 προσφί-

145 4906 359 4979 ρεσθαι
411 4908 824 4979 νενομοθέτηκε,
853 4910 951 4978 τῆς
981 4909 1092 4962 τῶν
1140 4913 1498 4980 πρωτοτόκων
1530 4914 1727 4977 αὐτοὺς

147 4996 441 5067 σωτηρίας
465 4999 897 5067 ἀναμιμνήσκων
919 5015 932 5029 ·
963 5000 1081 5052 οὐδε
1106 5000 1213 5069 7&9
1232 5002 1394 5064 αὐτὸς
1418 5002 1525 5055 τῶν
1552 5002 1729 5072 θυμά-

138 5106 277 5143 των
310 5088 496 5153 ἐδεῖτο,
538 5090 672 5143 άλλὰ
713 5091 812 5160 τὴν
854 5091 1078 5144 ἐκείνων
1124 5093 1389 5160 ὠφέλειαν
1441 5097 1728 5163 ἐπραγμα-

140 5180 387 5235 τεύετο·
418 5182 577 5235 τοῦτο
616 5182 674 5235 δι
712 5186 804 5237 καὶ
854 5184 1016 5247 αὐτὸς
1051 5187 1079 5239 ό
1112 5187 1275 5254 νόμος
1319 5186 1464 5254 δηλοι
1487 5203 1502 5217 ·
1534 5204 1553 5238 ε
1604 5188 1728 5239 Ἐὰν

140 5272 277 5341 γὰρ
307 5273 555 5343 ἐρωτήσῃ
578 5290 635 5325 σε
657 5276 684 5327 ό
706 5275 818 5337 υίός
844 5293 961 5338 σου,
980 5278 1043 5329 Τί
1070 5279 1184 5329 ἐστι
1214 5276 1369 5331 τοῦτο
1388 5295 1433 5343 ;ι
1463 5279 1555 5330 καὶ
1579 5278 1725 5345 ἑξῆς,

140 5365 271 5425 ῑως
302 5362 422 5428 τοῦ,
453 5382 471 5414 ι
503 5366 602 5417 Διὰ
624 5366 779 5419 τοῦτο
804 5366 913 5435 ἐγὼ
938 5367 1050 5420 θύω
1074 5368 1151 5437 τῷ
1182 5370 1369 5438 Κυρίῳ
1398 5369 1504 5420 πᾶν
1531 5367 1727 5419 διανοῖ-

140 5472 262 5525 γον
298 5455 534 5526 μήτραν,
565 5459 633 5511 τά
665 5459 927 5528 άρσενικὰ
957 5462 1053 5513 καὶ
1097 5462 1208 5513 πᾶν
1251 5460 1589 5530 πρωτότοκον
1621 5458 1727 5511 τῶν

147 5547 304 5599 υῖῶν
334 5561 426 5598 σου
457 5547 827 5618 λυτρώσομαι·
863 5550 955 5603 καὶ
980 5550 1127 5603 ἔσται
1156 5552 1234 5613 είς
1266 5553 1488 5620 σημεῖον
1516 5550 1605 5602 ἐπὶ
1630 5551 1727 5617 τῆς

143 5636 353 5710 χειρός
413 5622 504 5690 σου
554 5640 648 5692 καὶ
688 5641 978 5695 ἀσάλευτον
1024 5642 1130 5713 πρὸ
1179 5640 1588 5711 ὁφθαλμῶνοὲν
1630 5641 1729 5708 7&9

1834 4645 1902 4698 ab
1978 4643 2247 4697 haereticis
2324 4643 2677 4697 conventibus
2738 4641 3052 4695 abhorrent.
3132 4641 3383 4693 Attamen

1833 4735 2189 4805 primogenita
2250 4734 2430 4788 ovium
2465 4743 2517 4788 et
2570 4734 2727 4787 boum
2758 4734 2941 4787 offerri
2976 4734 3215 4788 Hebraeis
3248 4749 3387 4803 pm-

1832 4827 1974 4895 cepit
2034 4824 2315 4888 Dominus,
2378 4835 2434 4879 ut
2505 4824 2862 4895 primogenita
2925 4840 3111 4878 eorum
3170 4835 3385 4877 servata

1832 4914 2001 4971 fuisse
2030 4916 2095 4970 iis
2123 4916 2174 4969 iu
2204 4921 2517 4970 memoriam
2541 4924 2840 4970 revocaret.
2873 4914 3031 4967 Nullo
3052 4916 3195 4968 enim
3227 4915 3388 4967 modo

1833 5008 1879 5061 ei
1933 5007 2167 5061 victimis
2221 5022 2357 5074 opus
2386 5016 2522 5071 erat,
2576 5008 2677 5060 hoc
2725 5015 2903 5061 autem
2937 5006 3001 5059 ad
3038 5005 3385 5059 Hebraeorum

1836 5098 2117 5150 utilitatem
2189 5098 2486 5164 spectabat.
2576 5095 2726 5162 Quod
2783 5097 2921 5150 idem
2981 5097 3219 5150 ostendit
3276 5095 3385 5149 lex.

1842 5205 1860 5236 ι
1896 5186 2139 5254 Cumque
2179 5186 2588 5254 interrogaverit
2643 5196 2693 5239 te
2729 5187 2871 5239 lilius
2899 5197 3023 5240 tuus
3059 5204 3071 5239 :
3111 5186 3249 5251 Quid
3306 5195 3390 5239 est

1836 5279 2012 5341 hoc“,
2050 5297 2067 5327 ι
2096 5288 2149 5330 ct
2174 5279 2374 5346 reliqua
2404 5294 2574 5347 usque
2605 5282 2669 5333 ad
2703 5280 2840 5333 hoc:
2884 5300 2899 5330 ι
2930 5280 3131 5333 Idcirco
3165 5281 3387 5333 immolo

1834 5370 2059 5423 Domino
2086 5384 2245 5422 omne
2274 5370 2415 5437 quod
2452 5372 2621 5438 aperit
2655 5373 2866 5424 vulvam
2910 5372 3191 5425 masculini
3226 5386 3389 5425 sexus

1833 5470 1887 5514 et
1922 5461 2103 5514 omnia
2161 5461 2517 5530 primogenita
2580 5462 2812 5517 ﬁliorum
2866 5479 3107 5516 meatum
3157 5463 3385 5525 redimo,

1833 5563 1887 5604 et
1938 5552 2041 5605 erit
2093 5552 2254 5620 igitur
2305 5553 2457 5621 quasi
2510 5555 2726 5622 signum
2778 5556 2829 5608 in
2865 5571 3025 5607 manu
3060 5566 3173 5615 tua,
3228 5555 3387 5622 quasi

1836 5657 2130 5711 appensum
2161 5642 2287 5711 quid
2334 5642 2405 5695 ob
2437 5644 2859 5699 recordationem
2892 5646 3027 5699 inter
3053 5646 3238 5700 oculos
3264 5653 3389 5701 tuos

241 5812 288 5846 "
331 5810 499 5868 Exod.
530 5829 624 5879 xtl,
658 5813 711 5869 9.
785 5814 829 5846 ⁸⁸
857 5812 874 5865 I
901 5814 1021 5870 Cor.
1054 5830 1107 5881 ν,
1135 5815 1189 5869 7.
1224 5815 1268 5846 "
1301 5813 1431 5868 ibid.
1460 5812 1513 5867 8.
1546 5813 1774 5870 “Exod.
1804 5829 1896 5879 an,
1920 5812 2007 5867 46.
2045 5812 2084 5843 ⁶¹
2120 5812 2290 5867 Exod.
2324 5828 2443 5883 xui,
2479 5814 2564 5870 Η.
