4162 6442
751 407 882 470 1087

1947 405 2206 466 PllOTII
2247 404 2750 465 I’ATRlAliCH/E
2774 405 2881 464 ΟΡ.

3875 419 4009 481 1038

745 534 812 571 co
868 518 1012 588 quod
1062 516 1116 570 in
1176 531 1338 572 manu
1393 516 1518 572 l‘orti
1564 517 1752 572 eduxit
1811 532 1908 571 nos
1957 519 2222 572 Dominus
2254 518 2358 575 de.

2433 518 2560 587 (ειρὶ
2611 518 2848 587 κραταιᾷ
2898 517 3136 587 ἐξήγαγέ
3171 537 3231 572 σε
3279 521 3486 591 Κύριος
3535 524 3598 588 ἐξ
3640 526 3948 592 Αἰγύπτου.
3988 552 4006 579 ι

749 606 1004 677 Ᾱῧεινριο.
1079 605 1315 661 Proinde
1364 606 1480 660 hanc
1506 607 1688 660 omnia
1728 622 1837 662 non
1870 619 1968 675 pro
1998 621 2055 659 re
2089 603 2327 666 Domini,

749 703 842 756 sed
877 717 975 768 pro
1015 701 1197 761 populi
1227 700 1530 754 commodis
1556 709 1873 753 evenerunt.

821 789 1152 858 QUJSSTIO
1191 787 1415 844 CCLXV
1447 787 2020 861 [Coial.CCLX.\'XlV,
2057 792 2218 844 Taur.

1358 880 1710 952 cetxxnn.

752 974 1027 1038 Quomodo
1064 972 1358 1042 intesligere
1416 985 1653 1040 oporteat
1690 975 1800 1027 hmo
1848 975 2088 1041 Apostoli
2121 972 2274 1026 verba
2305 983 2349 1030 :'

828 1064 844 1094 ι
876 1043 1067 1098 Omnes
1098 1042 1365 1113 iitiﬂoyse
1417 1045 1675 1109 bapltzttli
1717 1061 1918 1104 sumus,
1965 1063 1982 1094 ι
2019 1054 2068 1096 et
2100 1046 2323 1112 reliqua,

822 1116 1068 1184 usquead
1103 1112 1239 1165 «Hic
1275 1112 1392 1166 uero
1424 1116 1562 1181 lapis
1600 1124 1713 1167 erat
1742 1114 1981 1167 Christus
2010 1115 2176 1181 (65).»

2424 610 2716 680 Τοιγάρτοι
2745 611 2950 663 τούτων
2995 612 3225 666 ἕκαστον
3273 616 3334 667 οὐ
3366 620 3465 686 τῆς
3502 617 3598 670 τοῦ
3651 619 3792 672 Θεοῦ
3824 625 4011 690 χρείας

2423 704 2605 768 ἕνεκα,
2630 702 2768 757 ἀλλά
2795 704 2896 774 τῆς
2918 704 3010 758 τοῦ
3041 705 3174 759 λαοῦ
3205 709 3424 775 ἐγένετο
3453 709 3746 776 ὠφελείας.

2943 797 3277 852 ΕΡΩΤΗΣΙΣ
3313 802 3481 857 ΣΞΕ’.

2425 973 2558 1040 Πῶς
2583 975 2931 1050 rendered
2958 977 3079 1031 ὑπὸ
3109 977 3215 1030 τοῦ
3253 979 3629 1050 ξΑποστόλου
3669 983 4007 1050 είρημέγον.

2507 1063 2524 1118 ι
2548 1045 2790 1118 γιζάνζες
2813 1048 2901 1110 εἱς
2920 1048 3322 1118 ζόνᾲΜωῦσῆγ
3340 1045 3822 1118 Δἐδίιπτισθημίενῖ
3864 1076 3882 1103 ι
3919 1057 4014 1106 καί

2501 1115 2668 1181 ἑξῆς,
2694 1114 2805 1179 ἕως
2824 1130 2838 1142 ⁸
2879 1137 2899 1167 ι
2936 1115 2998 1172 Ἡ
3019 1116 3086 1168 δὲ
3109 1114 3297 1184 πέτρα
3325 1115 3405 1187 ἦν
3428 1123 3460 1172 ό
3492 1114 3781 1186 Xpw’ch,’
3826 1144 3846 1173 ι

1152 1224 1294 1274 Edita
1323 1240 1351 1273 a
1384 1227 1505 1274 Maio
1541 1225 1599 1289 (l.
1631 1240 1675 1276 c.
1709 1241 1759 1289 p.
1785 1227 2026 1287 129,150,
2057 1241 2107 1290 q.
2139 1228 2273 1290 274).
2305 1255 2356 1263 —-
2386 1228 2439 1276 ln
2473 1227 2490 1276 l
2522 1227 2632 1277 Cor.
2666 1242 2716 1286 x,
2751 1226 2797 1289 1,
2828 1228 2876 1290 4,
2900 1234 2956 1279 et
2979 1230 3135 1279 Exod.
3173 1245 3279 1290 xm,
3309 1231 3387 1289 21,
3415 1233 3608 1289 una.

824 1306 1026 1378 Figura
1085 1318 1242 1363 erant
1299 1325 1564 1364 novarum
1624 1315 1863 1380 antiquae
1911 1328 1998 1365 rcs
2043 1322 2097 1365 et
2132 1314 2325 1367 umbra

759 1403 980 1470 quidem
1039 1400 1148 1466 lex,
1177 1417 1378 1471 corpus
1431 1418 1560 1456 vero
1593 1406 1864 1472 quoddam
1900 1405 2099 1475 gratia.
2183 1404 2322 1458 Cum

754 1495 923 1564 igitur
950 1503 1408 1563 persequerentur
1421 1494 1675 1550 Hebraeos
1688 1493 1950 1565 Egyptii,
1985 1497 2127 1565 iique
2145 1507 2325 1550 trans-

752 1589 923 1656 gressi
984 1596 1114 1642 sunt
1144 1602 1292 1641 inare
1321 1587 1591 1652 Rubrum,
1632 1599 1684 1643 et
1733 1605 1916 1643 amara
1947 1589 2324 1659 [Egyptiorum

753 1679 1015 1733 servitute
1045 1678 1258 1733 liberati
1283 1688 1431 1744 sunt,
1493 1679 1666 1748 ﬁgura
1694 1679 1792 1734 fuit
1819 1681 2117 1750 baptisterii
2152 1696 2323 1745 mare,

749 1770 993 1842 Spiritus
1047 1771 1222 1826 sancti
1283 1772 1478 1839 nubes,
1513 1773 1718 1827 Christi
1751 1771 2050 1828 Salvatoris
2095 1772 2329 1842 Moyses.

753 1864 939 1919 crucis
983 1862 1168 1932 virga,
1225 1863 1424 1918 diaboli
1449 1863 1684 1927 Pharao,
1735 1865 2044 1920 damonum
2069 1864 2330 1936 Egyptii,

749 1955 925 2009 divini
977 1954 1087 2010 cibi
1127 1971 1349 2022 manna,
1403 1957 1767 2028 redemptoris
1813 1958 2094 2027 sanguinis
2135 1972 2331 2024 aquae

753 2063 915 2104 saxo.
972 2045 1045 2102 Ut
1090 2047 1235 2102 enim
1271 2047 1348 2101 illi
1404 2058 1697 2118 postquam
1750 2049 2079 2118 transgressi
2111 2049 2331 2104 luerunt

756 2139 1003 2193 Rubrum
1028 2153 1178 2193 mare
1211 2139 1476 2194 inusitato
1501 2141 1624 2195 cibo
1656 2149 1710 2195 et
1733 2141 1968 2195 mirabili
1996 2140 2145 2196 fonte
2174 2141 2328 2195 fruiti

752 2243 907 2296 sunt,
939 2233 1021 2287 sic
1041 2246 1142 2287 nos
1165 2240 1452 2303 postquam
1484 2247 1580 2301 per
1611 2231 1877 2301 baptisma
1899 2232 2092 2286 salvati
2121 2231 2326 2287 luimus

752 2327 1064 2382 divinorum
1089 2328 1471 2396 mysteriorum
1506 2326 1802 2397 participes
1836 2324 1968 2379 lacti
2008 2340 2221 2380 sumus.

827 2601 1153 2671 QUESTIO
1179 2601 1432 2658 CCLXVI
1487 2603 1676 2674 [CoisL
1707 2604 2060 2670 CCLXXXV,
2089 2607 2253 2661 Taur.

1370 2691 1725 2766 ccnxxm.

761 2784 1035 2847 Quomodo
1077 2782 1335 2835 incolume
1388 2791 1483 2856 8!“
1521 2799 1730 2856 atquth
1781 2784 1910 2854 filiis
1953 2801 2058 2854 pro
2089 2789 2330 2856 patribus

1355 2854 1554 2922 punitis
1609 2855 1741 2925 (66).

2496 1313 2678 1375 Τύπος
2708 1308 2778 1383 ἦν
2798 1312 2910 1364 τῶν
2941 1315 3076 1365 νέων
3105 1313 3175 1366 τά
3198 1313 3426 1379 παλαιὰ,
3453 1316 3548 1367 καὶ
3576 1314 3711 1367 σκιά
3745 1317 3849 1384 μὲν
3876 1318 3903 1369 ὀ
3929 1317 4011 1368 νό-

2428 1421 2549 1472 μος,
2587 1403 2749 1472 σῶμά
2783 1420 2838 1455 τι
2881 1404 2939 1457 δὲ
2986 1407 3018 1473 ἠ
3070 1406 3268 1474 χάρις·
3316 1405 3507 1475 ἐπειδὴ
3559 1407 3742 1458 τοίνυν
3792 1392 4014 1460 ἐδίωκον

2422 1497 2549 1558 τοὺς
2584 1494 2873 1565 Ἐϐραίους
2903 1497 2952 1549 oi
2987 1497 3298 1563 Δίγύπτιοι,
3323 1497 3610 1560 διαϐάντες
3630 1498 3690 1551 δὲ
3720 1500 3825 1568 τὴν
3856 1501 4013 1570 Ἐρυο

2430 1587 2566 1654 θράν
2610 1587 2889 1641 θάλασσαν
2926 1589 2976 1640 οἱ
3016 1587 3259 1658 Ἑϐραῖοι
3303 1589 3400 1657 τῆς
3444 1592 3652 1659 πικρᾶς
3691 1592 3806 1642 τῶν
3853 1592 4017 1659 Λίγυ-

2428 1681 2560 1732 τίων
2588 1681 2984 1751 ἀπηλλάγησαν
3005 1681 3342 1745 δεσποτείας,
3359 1682 3530 1736 τύπον
3556 1684 3671 1754 ἔχει
3689 1683 3794 1753 τῆς
3816 1685 4014 1755 κολυμ-

2434 1771 2642 1842 ϐήθρας
2672 1773 2706 1843 ή
2738 1771 2978 1827 θάλαττα
3001 1791 3015 1805 ·
3047 1774 3080 1844 ή
3123 1774 3180 1827 δὲ
3219 1774 3441 1844 νεφέλη,
3473 1775 3569 1827 τοῦ
3614 1776 3962 1844 Πνεῦματος·
3992 1779 4019 1828 ὁ

2430 1861 2488 1914 δὲ
2513 1863 2790 1933 Μωῦσῆς,
2819 1862 2916 1916 τοῦ
2947 1863 3199 1934 Σωτῆρος
3229 1865 3488 1934 Χριστοῦ·
3524 1865 3622 1918 τοῦ
3657 1867 3906 1935 σταυροῦ
3943 1868 4016 1930 δὲ,

2428 1955 2460 2023 ἡ
2496 1955 2690 2024 ῥάϐδος
2716 1970 2730 1985 ·
2761 1955 2855 2009 τοῦ
2879 1956 3126 2010 διαϐόλου
3152 1957 3230 2021 δὲ,
3258 1959 3287 2010 ὀ
3317 1958 3516 2029 Φαραὼ
3534 1975 3548 1987 ·
3579 1960 3691 2012 τῶν
3721 1960 4015 2029 δαιμόνων,

2429 2041 2479 2093 οἱ
2509 2040 2800 2108 Αἰγύπτιοι
2819 2058 2833 2073 ·
2868 2043 2930 2097 τό
2957 2045 3014 2098 δὲ
3047 2045 3247 2115 μάννα,
3289 2047 3388 2116 τῆς
3417 2047 3570 2110 θείας
3608 2053 3849 2119 τροφῆς·
3879 2052 3940 2103 τὸ
3965 2052 4018 2103 δὲ

2426 2132 2524 2202 τῆς
2555 2133 2761 2204 πέτρας
2782 2133 2952 2204 ὕδωρ,
2977 2137 3071 2189 τοῦ
3099 2138 3369 2208 σωτηρίου
3406 2139 3664 2208 αἵματος·
3694 2140 3896 2212 ὥσπερ
3918 2145 4021 2210 γὰρ

2424 2225 2632 2278 ἐκεῖνοι
2669 2226 2807 2296 μετά
2837 2226 2899 2279 τὸ
2920 2228 3170 2298 διαϐῆναι
3200 2231 3296 2300 τὴν
3314 2230 3580 2301 Ἐρυθρὰν
3608 2232 3901 2286 θάλασσαν
3932 2236 4022 2286 καὶ

2427 2319 2531 2386 τῆς
2585 2318 2744 2389 ξένης
2793 2319 3002 2390 τροφῆς
3048 2322 3143 2377 καὶ
3191 2321 3289 2375 τοῦ
3335 2323 3642 2393 παραδόξου
3693 2324 4022 2392 ἀπήλαυσαν

2426 2409 2690 2479 νάματος,
2719 2409 2894 2474 οὕτως
2922 2413 3085 2480 ἡμεῖς
3120 2413 3259 2481 μετά
3293 2413 3356 2466 τὸ
3387 2415 3655 2484 σωτήριον
3685 2414 3984 2485 βάπτισμα
4005 2457 4019 2481 ,

2421 2501 2531 2554 τῶν
2565 2501 2726 2557 θείων
2767 2503 3247 2575 μεταλαγχάνομεν
3285 2506 3603 2577 μυστηρίων

2939 2617 3277 2670 spumam
3311 2618 3488 2686 Σεςῖι.

2426 2793 2558 2858 Πῶς
2586 2792 2653 2846 τὸ
2689 2792 2926 2847 δίκαιον
2970 2795 3210 2869 σώζεται
3231 2837 3245 2859 ,
3287 2797 3408 2869 τῷν
3449 2799 3690 2853 παίδων
3731 2803 3890 2869 ὑπὲρ
3912 2802 4022 2856 τῶν

2852 2866 3124 2935 πατέρων
3153 2867 3600 2936 κολαζομένων;

1575 2963 1716 3012 Edita
1745 2978 1774 3014 a
1805 2964 1928 3014 Maio
1963 2968 2020 3030 (Ι.
2056 2982 2102 3018 c.
2135 2980 2184 3032 p.
2219 2969 2328 3030 129,
2361 2970 2536 3035 130,q.
2569 2975 2702 3035 275).
2734 3003 2796 3012 —
2825 2976 2982 3028 Exod.
3021 2991 3106 3036 xx,
3137 2977 3182 3026 5.

830 3044 1067 3115 Maiores
1123 3045 1265 3114 apud
1319 3045 1486 3101 Deum
1543 3060 1673 3104 sunt
1728 3053 1888 3106 mina:
1928 3056 2136 3121 omnis;
2193 3058 2358 3125 diciti

2497 3062 2731 3125 Μείξους
2771 3062 2882 3114 τῶν
2910 3061 3190 3116 κολάσεων
3235 3064 3389 3134 παρά
3412 3063 3491 3133 τῷ
3517 3065 3641 3134 Θεῷ
3672 3067 3732 3119 at
3770 3065 4017 3122 ἀπειλαί

761 3135 908 3189 enim
943 3152 958 3189 :
1007 3152 1027 3186 ι
1061 3133 1385 3204 Quicunque
1428 3138 1844 3196 incircumcisus
1894 3147 1998 3197 erit
2038 3149 2335 3214 masculus,

763 3240 865 3280 nec
889 3226 1307 3280 circumcidetur
1333 3227 1420 3281 die
1449 3240 1664 3294 octavo,
1693 3234 2160 3291 exterminabitur.
2187 3253 2208 3289 ι
2233 3236 2336 3292 Sed

761 3312 944 3366 videre
959 3327 1246 3381 possumus
1265 3315 1530 3383 quosdam
1555 3319 1911 3393 circumcisus
1926 3322 2138 3379 diverse
2153 3336 2334 3380 tamen

763 3405 820 3459 in
861 3406 1075 3460 deserto
1098 3406 1487 3476 interemptos;
1519 3411 1655 3465 alios
1693 3426 1843 3477 vero,
1888 3414 2334 3481 incircumcisos,

765 3510 868 3564 pro
911 3497 1106 3564 pinnis,
1134 3510 1197 3550 ea
1231 3509 1561 3554 consecutos
1591 3517 1712 3569 quae
1745 3504 2045 3572 majoribus
2069 3508 2337 3575 promissa

767 3590 1002 3642 l‘ueiant.
1040 3586 1150 3642 Hos
1170 3589 1314 3641 enim
1349 3590 1696 3646 circumcidit
1717 3592 1886 3650 Iosue
1908 3595 2163 3665 Galgalis.
2194 3595 2338 3650 Rur—

767 3692 863 3732 sus
878 3676 1131 3731 domibus
1149 3676 1480 3731 fermentum
1507 3679 1837 3737 habentibus
1860 3684 2071 3738 ruinam
2104 3685 2339 3740 minatus

762 3781 871 3831 οδε,
895 3770 988 3823 sed
1013 3784 1123 3823 non
1145 3770 1392 3824 immisit.
1419 3769 1623 3826 Deinde
1639 3773 1802 3827 etiam
1823 3777 1914 3844 qui
1937 3792 2135 3846 pueros
2149 3778 2339 3848 dilige-

769 3860 921 3922 bant,
957 3860 1053 3912 hos
1079 3869 1247 3914 terret
1279 3862 1460 3925 minis,
1498 3863 1765 3934 dicitque,
1801 3883 1820 3917 ι
1864 3865 2100 3922 Visitans
2134 3870 2336 3939 iniqui-

772 3959 937 4006 tatem
1003 3962 1212 4021 patrum
1282 3953 1336 4008 in
1377 3953 1521 4010 ﬁlios
1589 3956 1644 4011 in
1695 3960 1911 4014 tertiam
1972 3974 2337 4032 quartamque

765 4047 1177 4115 generationem
1221 4061 1416 4105 eorum
1469 4052 1563 4120 qui
1618 4052 2051 4108 oderuntme".
2088 4073 2107 4106 ι
2167 4056 2337 4112 Porro

769 4139 1028 4193 adhibere
1082 4140 1239 4194 iidem
1275 4142 1404 4196 huic
1451 4143 1598 4197 nudo
1624 4145 1791 4199 verbo
1818 4147 2039 4216 impium
2071 4163 2194 4202 esse
2223 4149 2337 4217 ipse

775 4229 913 4281 tiens
932 4229 1395 4291 docet,contraria
1415 4236 1709 4288 ostendens
1731 4235 1889 4303 ;dicit
1909 4239 2105 4292 etenim
2128 4256 2142 4292 :
2169 4257 2188 4290 ι
2214 4238 2335 4294 Νοιι

771 4319 1088 4373 occidentur
1116 4322 1211 4374 lilii
1248 4338 1348 4391 pro
1397 4326 1666 4393 patribus,
1727 4342 1828 4383 nec
1857 4340 2034 4397 patres
2055 4346 2150 4400 pro
2183 4331 2331 4398 ﬁliis,

766 4417 868 4471 sed
905 4421 1279 4489 unusquisque
1328 4436 1428 4490 pro
1474 4435 1693 4490 peccato
1730 4440 1831 4479 suo
1885 4427 2144 4481 morietur
2166 4428 2242 4483 “.
2315 4448 2333 4479 ι
2373 4417 2414 4471 Ι)

772 4508 838 4559 Ει
883 4507 938 4563 in
973 4507 1222 4564 Ezechiel
1268 4527 1284 4563 :
1357 4529 1375 4560 ι
1410 4510 1552 4576 Quid
1583 4522 1666 4568 est
1697 4516 1844 4583 quod
1883 4516 2026 4571 inter
2056 4533 2151 4572 vos
2178 4534 2339 4588 para-

772 4599 950 4653 bolam
984 4601 1192 4656 vertitis
1219 4601 1274 4654 in
1312 4605 1655 4670 proverbium
1673 4607 1814 4661 istud
1837 4609 2077 4664 dicentes
2103 4628 2116 4662 :
2147 4609 2339 4667 Patres

772 4691 1126 4745 comederunt
1175 4707 1334 4746 uvam
1396 4696 1693 4762 acerbam,
1755 4710 1809 4752 et
1858 4700 2048 4756 dentes
2099 4703 2334 4757 liliorum

764 4781 1186 4850 obstupescunt.
1218 4781 1354 4836 Vivo
1382 4798 1504 4854 ego,
1525 4786 1655 4840 dicit
1685 4786 1964 4854 Dominus,
1986 4793 2031 4844 si
2063 4794 2166 4846 erit
2196 4794 2337 4849 ultra

774 4874 927 4930 vobis
956 4876 1232 4944 parabola.
1295 4874 1420 4931 llaec
1458 4876 1513 4930 in
1543 4881 1888 4947 proverbium
1937 4885 1987 4935 in
2025 4881 2332 4948 Israel;scd

770 4966 1172 5020 comedentium
1216 4968 1465 5022 acerbam
1498 4985 1656 5024 uvam
1708 4974 2102 5043 obstupescunt
2124 4977 2333 5032 dentes.

776 5059 912 5112 Ecce
957 5058 1099 5111 enim
1136 5072 1326 5114 omnes
1376 5060 1572 5116 animae
1606 5077 1738 5116 mea:
1763 5074 1887 5119 sunt
1919 5067 1983 5120 “.
2011 5087 2031 5119 ι
2101 5069 2337 5137 Quaeque

773 5156 1073 5217 sequuntur
1120 5149 1264 5202 hunc
1323 5151 1524 5205 habent
1561 5167 1804 5208 sensum.
1859 5153 1970 5224 Ego
1994 5165 2175 5210 autem
2209 5165 2338 5224 puto

770 5241 959 5309 potius
1021 5240 1261 5296 divinum
1314 5242 1369 5296 in
1401 5243 1649 5300 homines
1686 5259 1925 5301 amorem
1957 5250 2338 5317 repraesentari

876 5441 921 5472 ⁶¹
945 5439 1116 5496 Exod.
1150 5457 1237 5507 xx,
1263 5443 1318 5498 5.
1378 5445 1424 5476 ⁸³
1453 5444 1606 5499 Deut.
1643 5462 1789 5513 xxiv,
1832 5450 1916 5503 l6.
1974 5453 2018 5482 °'
2051 5452 2250 5508 Ezech.
2284 5471 2395 5508 xvn

2441 3155 2575 3223 φησὶ
2597 3155 2728 3223 γάρ·
2755 3154 2898 3216 (Πᾶς
2923 3155 3296 3224 ἀπερίτμητος
3318 3155 3564 3225 ἄρσηνδς
3585 3159 3644 3209 οὐ
3667 3161 4016 3228 περιτμηθῆ-

2440 3261 2592 3297 σεται
2631 3248 2696 3314 τῇ
2727 3245 2913 3315 ἡμέρᾳ
2940 3249 3005 3316 τῇ
3035 3245 3228 3316 ὀγδόη,
3258 3244 3775 3317 ἐξολοθρευθήσεται
3794 3265 3810 3279 ·
3845 3269 3868 3302 ι
3906 3251 4015 3302 ἀλλ’

2438 3343 2582 3394 ἐστιν
2612 3343 2738 3396 ἰδεῖν
2774 3344 2901 3407 τοὺς
2933 3344 3032 3412 μὲν
3077 3347 3581 3416 περιτετμημένους
3622 3348 3682 3398 ὲν
3711 3349 3779 3415 τῇ
3832 3349 4020 3416 ἐρήμῳ

2437 3433 2707 3503 διαφόρως
2731 3435 3120 3506 ἀναιρεθέντας
3140 3452 3153 3466 ⁸
3193 3439 3318 3499 τοὺς
3348 3438 3404 3490 δὲ
3442 3439 3860 3508 ἀπεριτμήτους
3880 3476 3896 3499 ,
3929 3439 4019 3489 καὶ

2437 3525 2538 3592 τῆς
2584 3525 2690 3577 τῶν
2734 3528 3020 3597 προγόνων
3078 3529 3409 3597 ἐπαγγελίας
3436 3532 3555 3582 ἀντὶ
3607 3531 3703 3597 τῆς
3740 3533 4018 3600 τιμωρίας

2439 3613 2805 3680 τετυχηκότας
2855 3615 3112 3683 (τούτους
3142 3616 3250 3686 γὰρ
3295 3618 3353 3668 έν
3395 3618 3690 3686 Γαλγάλοις
3733 3620 3763 3671 ὀ
3810 3621 4017 3690 Ἰησοῦς

2439 3701 2788 3769 περιέτεμε),
2849 3702 3010 3756 πάλιν
3070 3707 3189 3768 ταῖς
3258 3706 3511 3775 ἐχούσαις
3567 3708 3747 3777 ζύμην
3816 3710 4017 3771 οίκίαις

2439 3793 2814 3865 πανωλεθρίαν
2845 3796 3162 3866 ἠπείλησεν,
3192 3797 3307 3850 ἀλλ’
3333 3801 3435 3852 οὐκ
3463 3802 3759 3869 ἐπήγαγεν·
3802 3805 3904 3856 καὶ
3933 3805 4016 3854 sv.

2435 3881 2612 3936 ταῦθα
2639 3883 2816 3938 τοίνυν
2843 3885 2919 3947 ὡς
2950 3887 3270 3954 φιλόπαιδας
3291 3889 3586 3944 δεδίττεται
3609 3895 3730 3954 ταῖς
3753 3893 4015 3955 ἀπειλαξ

2438 3974 2530 4027 καί
2554 3989 2740 4044 φησιν·
2769 3994 2789 4028 ι
2830 3977 3135 4044 ’Δποδιδοὺς
3157 3983 3433 4053 ἁμαρτίας
3457 3985 3708 4055 πατέρων
3727 3987 3828 4038 ἐπὶ
3850 3987 4015 4039 τέχνα

2437 4066 2530 4117 ἐπὶ
2564 4068 2750 4136 τρίτην
2790 4069 2884 4121 καὶ
2912 4068 3177 4141 τετάρτην
3205 4073 3400 4139 γενεὰν
3441 4076 3556 4136 τοῖς
3603 4072 3828 4142 μισοῦσί
3865 4091 3956 4144 με·
3992 4096 4008 4125 ι

2437 4158 2517 4209 ὃτι
2541 4159 2828 4229 προσέχειν
2854 4161 3045 4231 γυμνῷ
3072 4163 3150 4232 τῷ
3173 4163 3459 4234 γράμματι
3488 4165 3681 4228 ἀσεϐὲς
3700 4206 3716 4229 ,
3745 4168 3923 4228 αὐτὸς
3950 4169 4012 4219 δι’

2435 4242 2510 4302 ὦν
2535 4251 2795 4304 τάναντία
2831 4252 3072 4306 διδάσκει
3100 4255 3129 4306 ὀ
3159 4253 3313 4319 Θεὸς,
3354 4255 3513 4324 δῆλον
3534 4272 3552 4288 ⁸
3589 4276 3608 4308 ι
3639 4257 3754 4309 Οὐκ
3797 4259 4010 4311 ἀποθαο

2436 4338 2652 4392 νοῦνται
2681 4342 2787 4412 γὰρ
2819 4345 3007 4407 παῖδες
3039 4346 3174 4416 ὑπὲρ
3207 4347 3462 4416 πατέρων
3481 4387 3497 4412 ,
3533 4351 3721 4419 φησὶν,
3749 4351 3884 4404 οὐδὲ
3913 4369 4011 4405 πα-

2437 4431 2594 4498 τέρες
2634 4429 2772 4500 ὑπὲρ
2811 4433 3016 4486 παίδων
3040 4449 3055 4463 ⁸
3087 4434 3204 4488 ἀλλ’
3237 4436 3467 4500 ἕκαστος
3496 4442 3554 4490 ἐν
3577 4441 3640 4506 τῇ
3688 4439 3800 4506 tota.
3845 4441 4010 4493 αὐτοῦ

2439 4519 2686 4591 ἁμαρτίᾳ
2734 4523 3118 4578 ἀποθανεῖται·
3167 4544 3188 4579 ι
3232 4527 3328 4581 καὶ
3371 4527 3460 4580 διά
3514 4528 3786 4597 Ἐζεκιήλ·
3845 4549 3867 4581 ι
3921 4533 4010 4588 Τίς

2437 4607 2565 4677 ὑμῖν
2605 4611 2886 4683 παραϐολὴ
2930 4612 3070 4683 αὕτη
3102 4615 3387 4683 λεγόντων·
3425 4619 3490 4671 Ol
3519 4620 3755 4688 πατέρες
3809 4622 4010 4688 ἔφαγον

2435 4697 2710 4767 ὀμφακας,
2745 4703 2841 4754 καὶ
2869 4706 2917 4757 ot
2959 4705 3171 4770 ὀδόντες
3209 4709 3318 4760 τῶν
3350 4710 3480 4762 υἱῶν
3521 4711 3893 4780 αἱμοδίασανς
3934 4717 4011 4769 Ζῶ

2435 4791 2567 4859 ἐγὼ,
2598 4794 2743 4862 λέγει
2761 4799 2962 4868 Κύριος
2992 4802 3021 4851 ὀ
3040 4799 3190 4864 Θεὸς,
3220 4805 3270 4856 εἰ
3290 4804 3443 4857 ἔσται
3469 4807 3502 4875 ή
3529 4806 3820 4878 παραϐολὴ
3847 4810 4007 4879 αὕτη,

2436 4884 2573 4938 ἀλλά
2620 4888 2730 4940 τῶν
2771 4893 3053 4958 φαγόντων
3097 4896 3189 4947 τὸν
3226 4897 3450 4965 ὃμφακα
3494 4900 3922 4968 αἱμοδιάσουσιν
3967 4908 4009 4956 οἱ

2433 4974 2679 5040 ὀδόντες·
2729 4979 2811 5034 ὃτι
2865 4984 3034 5036 πᾶσαι
3069 4987 3123 5037 αί
3169 4985 3338 5055 ψυχαὶ
3383 4990 3516 5056 ἐμαί
3559 4993 3688 5043 εἰσι·
3736 5009 3756 5043 ι
3795 4996 3904 5048 καὶ
3949 4999 4008 5046 τά

2435 5067 2559 5137 ἑξῆς
2596 5071 2652 5122 δὲ
2679 5071 2882 5142 ταύτην
2913 5076 3013 5145 τὴν
3048 5076 3257 5130 ἔννοιαν
3285 5079 3417 5148 ἔχει·
3453 5080 3565 5149 ἐγὼ
3593 5082 3650 5135 δὲ
3677 5079 3839 5152 οἶμαι
3877 5088 4007 5156 μᾶλ-

2435 5161 2524 5213 λον
2557 5163 2653 5233 τὴν
2683 5163 2831 5217 Θείαν
2866 5167 3274 5238 φιλανθρωπίαν
3302 5173 3586 5242 ἐμφαίνειν
3611 5177 3713 5246 τὴν
3745 5178 4005 5247 ἀπειλήν·

2439 5255 2720 5322 πρόκειται
2758 5258 2898 5330 γάρ·
2936 5279 2955 5313 ι
2993 5264 3107 5325 τοῖς
3145 5263 3364 5334 μισοῦσί
3407 5283 3495 5337 με·
3539 5287 3560 5320 ι
3605 5270 3860 5323 τουτέστι
3905 5291 4006 5342 μιι⁶

2475 5457 2507 5494 ι)

2478 5491 2529 5510 ὅ.

2277 5633 2505 5690 NOTAE.

839 5741 956 5811 (65)
986 5740 1061 5816 Ex
1092 5742 1430 5816 T_l_ieodorcto
1458 5762 1512 5816 q.
1543 5746 1611 5799 9.7
1638 5748 1690 5801 in
1722 5747 1916 5810 Exod.,
1947 5765 1999 5816 p.
2023 5749 2149 5803 258.

839 5817 957 5883 (Uti)
1002 5813 1080 5867 lix
1122 5811 1563 5885 Theodoreto'q.
1610 5818 1680 5872 40
1725 5818 1780 5872 in
1813 5811 1983 5872 Exod.
2023 5831 2060 5872 t.
2110 5820 2319 5885 LXXX,
2366 5838 2412 5893 p.
2446 5822 2567 5876 ³260.
