4162 6442
195 437 331 508 1089

1042 444 1139 504 AD
1176 441 1761 506 AMPHILOCHIUM
1797 440 2142 515 QUBSTIO
2172 442 2788 507 CCLXII-CCLXVIII.

3279 448 3416 515 1090

191 550 455 624 κροθυμῶ
497 552 612 614 τοῖς
662 552 932 623 πατράσιν
986 555 1368 626 ἡμαρτηκόσι⁸
1422 556 1760 627 μακροθυμῶ

1861 555 2043 610 minis.
2076 552 2274 610 Ultima
2304 555 2448 610 enim
2473 556 2635 613 verba
2656 565 2785 614 sunt
2828 574 2849 610 ι
2874 558 2965 629 qui
2997 558 3229 617 oderunt
3249 565 3355 627 ine,
3388 582 3407 615 ε

190 648 289 701 καὶ
314 645 522 701 παισίν.
554 648 616 701 Et
644 647 703 702 δι
730 649 779 701 οί
808 647 1018 715 ικγονοι
1045 651 1139 703 καὶ
1166 652 1216 703 οἱ
1241 651 1498 719 ἀπόγονοι
1519 650 1618 722 τὴν
1644 651 1753 705 τῶν

188 738 475 811 προγόνων
515 736 821 808 ζηλώσαιεν
848 738 1137 809 πονηρίαν,
1169 739 1289 793 τότε
1328 739 1515 805 ἑπάξω
1548 740 1647 812 τὴν
1674 756 1755 794 τι·

193 830 425 899 μωρίαν.
493 847 511 882 ι
557 830 734 884 Ποιῶν
777 829 925 901 γὰρ,
976 832 1167 902 φησὶν,
1203 831 1353 894 ἕλεος
1396 833 1477 895 είς
1512 831 1755 901 χιλιάδας

192 920 288 972 καὶ
337 920 601 991 μυριάδας
649 922 761 985 τοῖς
792 921 1045 990 ἀγαπῶσι
1101 938 1191 992 με.
1240 942 1261 974 ο
1294 920 1459 993 Εῠροι
1496 920 1540 975 δ’
1577 922 1644 978 ἀν
1671 938 1755 985 τις

190 1011 287 1063 καὶ
313 1009 411 1082 τὴν
450 1010 691 1081 ἱστορίαν
716 1010 1028 1082 σύμφωνον·
1060 1014 1287 1087 πέμπτῃ
1313 1014 1422 1083 γὰρ
1446 1016 1613 1087 γενεᾷ
1633 1014 1757 1069 ἀνέ-

191 1099 368 1168 ϐησαν
405 1103 455 1155 οί
504 1102 612 1157 υίοὶ
652 1101 866 1174 Ἰσραὴλ
905 1105 965 1172 ἐξ
994 1105 1298 1174 Αἰγύπτου·
1336 1105 1473 1159 ἀλλά
1502 1108 1613 1169 τοῖς
1648 1105 1755 1159 τῶν

188 1190 504 1257 Δίγυπτίων
535 1194 595 1245 εν
621 1192 881 1263 Αἰγύπτῳ
912 1193 1317 1261 δεδουλευκότες
1347 1194 1488 1258 θεοῖς
1515 1196 1615 1250 ούκ
1646 1194 1753 1249 Irt-

190 1294 292 1333 σαν
314 1279 492 1343 δίκας,
520 1281 643 1334 οὔτε
665 1283 716 1336 oi
734 1283 969 1354 πατέρες
983 1283 1163 1338 αὐτῶν
1179 1284 1304 1338 οὔτε
1321 1286 1369 1339 oi
1393 1286 1755 1357 προπάτορες,

188 1366 348 1419 αὐτοὶ
363 1367 420 1421 δι
449 1368 792 1437 ζηλώσαντες
811 1369 910 1441 τὴν
942 1372 1165 1426 ἐκείνων
1194 1372 1448 1427 ἀσέϐειαν
1464 1372 1758 1444 έκολάσθηο

191 1470 327 1509 σαν’
361 1456 439 1519 ὡς
488 1458 628 1527 μετά
663 1459 930 1529 τοσαύτην
974 1461 1297 1532 εὐεργεσίαν
1339 1463 1434 1516 καὶ
1470 1464 1539 1518 τὰ
1590 1464 1757 1535 μυρία

190 1542 447 1614 θαύματα
473 1546 574 1618 τὴν
601 1546 855 1602 ἀσέϐειαν
891 1550 992 1604 ούκ
1032 1550 1403 1617 ικπτύσαντες
1422 1570 1437 1583 ·
1464 1554 1516 1607 oi
1545 1553 1603 1607 δι
1636 1554 1758 1607 τούο

187 1650 302 1687 των
329 1635 517 1701 παῖδες
546 1636 636 1690 τὸν
672 1634 903 1711 Σωτῆρα
931 1640 1065 1694 Θεδν
1102 1641 1455 1713 ἠγαπηκότες
1488 1643 1586 1712 τῆς
1627 1660 1761 1714 προ⁴

188 1725 415 1796 γονικῆς
462 1727 785 1799 ἀπήλαυσαν
846 1731 1230 1803 ὑποσχέσεωςο
1284 1734 1379 1788 καὶ
1433 1734 1648 1805 δρῶμεν
1697 1735 1759 1788 τὸ

187 1817 420 1886 ἀψευδὲς
452 1820 551 1891 τῆς
583 1822 719 1892 πρὸς
754 1824 880 1887 τοὺς
911 1825 1152 1895 πατέρας
1185 1825 1559 1897 γεγενημένης
1588 1828 1758 1894 ιπαγ-

188 1910 397 1977 γελξας·
424 1886 775 1987 τετάρτους,
799 1886 888 1971 ste
911 1917 1007 1972 τοῦ
1037 1886 1349 1990 σπέρματος
1370 1886 1636 1989 "sapiat;
1656 1886 1757 1990 τῆς
1788 1886 1833 1946 Β

185 2001 441 2071 εὐλογίας
472 2006 789 2078 τετύχηκεν·
822 2009 1009 2080 ἐπειδὴ
1044 2010 1223 2064 τοίνυν
1252 2010 1347 2064 τὸν
1375 2012 1575 2083 μόσχον
1596 2013 1761 2084 ἐμελ-

186 2091 283 2146 λον
313 2098 659 2166 προσκυνεῖν,
685 2098 1007 2169 προαπειλεῑ
1033 2100 1132 2171 τὴν
1167 2103 1463 2173 τιμωρίαν.

713 2299 1045 2355 ΕΡΩΤΗΣΙΣ
1082 2300 1240 2357 ΣΞΖἎ

479 2456 539 2508 τί
560 2455 690 2509 ἐστι
716 2454 1197 2527 ἐξεικονισμένον
1217 2461 1476 2533 βρέφοςξ

1855 646 1907 701 id
1935 655 2039 709 est.
2107 646 2318 716 patiens
2350 662 2451 718 ego
2502 647 2556 703 in
2586 658 2766 720 patres
2811 660 3144 719 peccatores,
3199 655 3413 719 patiens

1852 744 1908 791 et
1928 737 1981 791 in
2006 736 2166 792 tllios.
2221 735 2281 792 Si
2318 745 2499 793 autem
2526 740 2699 808 prima
2725 740 3071 814 secundaque
3124 746 3414 814 progenies

1854 831 2010 886 avita
2041 830 2259 886 malitia
2283 831 2475 886 amula
2504 830 2686 898 fuerit,
2716 842 2845 890 tunc
2885 835 2970 891 his
2991 849 3182 905 poenas
3211 836 3415 892 immit-

1856 928 2000 986 tam;
2025 920 2435 989 namque,-dicit
2462 920 2744 989 Dominus,
2785 924 3236 981 «Misericordiam
3273 927 3417 981 facio

1855 1011 1911 1065 in
1945 1012 2110 1065 millia
2161 1012 2247 1067 his
2283 1013 2377 1082 qui
2426 1013 2658 1084 diligunt
2683 1030 2769 1070 me
2790 1017 2890 1069 ⁸⁸.»
2953 1015 3106 1083 Quod
3161 1019 3415 1088 praesenti

1854 1115 1920 1154 ex
1962 1101 2185 1157 historia
2210 1102 2368 1159 facile
2397 1114 2636 1161 constat.
2676 1106 2874 1173 Quinta
2896 1112 3040 1163 enim
3066 1113 3418 1181 generatione

1855 1192 1952 1247 filii
1988 1192 2155 1249 Israel
2208 1195 2277 1251 de
2319 1195 2554 1268 Egypto
2624 1203 3022 1268 ascenderunt;
3083 1204 3178 1272 qui
3234 1213 3415 1258 autem

1856 1282 2235 1356 ﬂigyptiorum
2293 1289 2397 1344 diis
2446 1290 2501 1344 in
2550 1288 2791 1362 Algypto
2845 1293 3241 1358 inservierant,
3305 1310 3419 1350 non

1858 1371 2071 1434 multati
2127 1388 2288 1446 sunt,
2337 1395 2514 1452 neque
2565 1393 2749 1453 patres
2805 1400 3018 1451 eorum,
3069 1400 3174 1442 nec
3236 1396 3420 1457 patres

1859 1474 2095 1535 patrum,
2153 1467 2247 1523 sed
2292 1468 2394 1538 ipsi
2452 1484 2641 1540 poenas
2683 1472 2947 1528 dederunt
2966 1474 3147 1529 aemuli
3181 1484 3422 1544 paterna:

1860 1555 2173 1625 impietatis,
2218 1558 2312 1628 qui
2352 1567 2470 1627 post
2526 1568 2673 1614 tanta
2708 1560 2994 1627 benelicla,
3050 1573 3281 1633 postque
3311 1574 3419 1619 tam

1858 1646 2029 1701 multa
2084 1647 2327 1719 prodigia
2398 1650 2729 1720 impietatem
2788 1666 2896 1707 non
2958 1665 3296 1724 respuerant.
3355 1657 3423 1710 At

1860 1738 2053 1793 horum
2097 1738 2192 1794 filii
2241 1747 2527 1810 postquam
2567 1740 2904 1798 Salvatorem
2933 1744 3103 1799 Deum
3142 1756 3420 1811 amarunt,

1861 1827 1928 1883 iis
1955 1826 2106 1884 fruiti
2131 1838 2259 1885 sunt
2293 1845 2415 1900 qua:
2440 1832 2684 1900 patribus
2714 1834 2979 1902 promissa
2996 1845 3172 1899 erant,
3189 1850 3425 1906 queque

1860 1919 1963 1989 ipsi
2018 1921 2383 1991 comperimus
2464 1938 2590 1979 vere
2656 1925 2952 1995 majoribus
3041 1930 3423 1998 praenuntiata.

1859 2010 2048 2079 Populi
2087 2014 2233 2067 enim
2288 2029 2386 2085 per
2428 2030 2615 2070 semen
2664 2017 2939 2074 Abraham
2988 2020 3421 2076 benedictionem

1856 2102 2230 2167 obtinuerunt,
2250 2110 2529 2173 propterea
2553 2104 2717 2175 igitur
2739 2108 2884 2175 quod
2902 2107 3126 2161 vitulum
3147 2106 3424 2162 adoraturi

1857 2205 2062 2260 essent,
2094 2196 2232 2251 tales
2262 2196 2405 2251 Deus
2426 2211 2616 2267 ptenas
2636 2198 2897 2253 minatur.

1927 2283 2253 2351 QUESTIO
2283 2285 2555 2342 CCLXVII
2586 2286 2777 2361 [ϐοἱεί.
2821 2287 3149 2357 CCXXXVI,
3185 2291 3352 2350 Tur.

2487 2379 2711 2434 CCLXX
2727 2381 2810 2453 v1.

2140 2472 2281 2539 Quid
2310 2474 2381 2527 sit
2414 2474 2761 2543 inlormatuut
2793 2476 2927 2547 feltts
2971 2478 3082 2547 (67)
3116 2478 3139 2529 τ

1060 2572 1197 2624 Edita
1224 2587 1251 2623 a
1283 2576 1406 2627 IIaio
1438 2579 1495 2644 (l.
1528 2593 1572 2629 c.
1606 2594 1657 2643 ρ.
1689 2583 1795 2648 130,
1826 2600 1877 2648 q.
1912 2581 2044 2647 276).
2068 2610 2130 2620 —
2160 2582 2316 2634 Exod.
2351 2598 2455 2645 nl.
2481 2585 2557 2633 22-

262 2654 401 2707 Ψασὶ
450 2653 547 2709 τοῦ
590 2655 841 2727 σώματος
881 2659 939 2712 έν
986 2662 1053 2732 τῇ
1090 2663 1275 2735 μήτρᾳ
1315 2664 1755 2733 διαπλασθέντος,

189 2747 318 2800 τότε
354 2748 726 2819 ἔμψυχοῦσθαι
757 2753 819 2807 τὸ
857 2753 1126 2825 ἔμϐρυον·
1162 2759 1258 2812 καὶ
1298 2760 1406 2831 γὰρ
1441 2763 1534 2816 καί
1565 2764 1624 2819 τὸ
1664 2765 1755 2820 τοῦ

206 2836 381 2907 ’Δδὰμ
411 2838 571 2908 σῶμα
610 2842 877 2914 πρότερον
928 2846 1218 2902 διέπλασεν
1251 2852 1281 2903 ό
1318 2850 1487 2915 Θεὸς,
1513 2848 1635 2908 εἶτα
1671 2858 1758 2909 ἔνο

189 2930 436 3002 εςρύσησε
503 2932 602 3001 τὴν
659 2934 862 3006 ψυχήν·
893 2938 1104 2993 κελεύει
1152 2940 1333 2994 τοίνυν
1383 2944 1420 3001 ό.
1462 2946 1759 3018 νομοθέτης

189 3020 449 3088 γυναικὸς
497 3023 794 3095 ἰγκύμονος
830 3028 888 3080 ἰν
926 3028 1075 3101 μάχῃ
1115 3030 1486 3105 ἀμϐλωσιὴης
1509 3073 1525 3100 ,
1559 3038 1607 3089 εί
1659 3039 1759 3107 μὲν

191 3114 648 3189 ἔξεικονισμένον,
689 3124 935 3179 τουτέστι
990 3130 1421 3200 μεμορφωμένον
1446 3131 1652 3197 ἐξέλθοι
1699 3135 1760 3188 τὸ

194 3206 431 3277 βρέφος,
476 3212 635 3281 φόνον
666 3212 948 3271 καλεῖσθαι
986 3218 1083 3273 καὶ
1124 3220 1286 3288 φόνου
1332 3221 1490 3293 δίκην
1538 3225 1761 3296 ὑπέχειν

190 3298 293 3351 τὸν
319 3299 610 3371 δεδρακότα
630 3319 645 3333 ⁸
674 3304 742 3359 ἂν
776 3306 835 3359 δὲ
867 3307 973 3378 μὴ,
1002 3309 1164 3376 φόνου
1217 3311 1319 3381 μὲν
1363 3313 1623 3383 ἀφίεσθαι
1645 3332 1659 3345 ⁸
1700 3321 1759 3371 ού

194 3387 309 3458 γὰρ
335 3389 574 3463 ἐμψυχον
600 3393 952 3466 ἰξημϐλὼθη·
992 3394 1197 3467 ζημίαν
1226 3399 1285 3453 δέ
1314 3417 1437 3454 τινα
1465 3402 1653 3457 τίνειν.

725 3684 1053 3742 ΕΡΩἸἩΣΙΣ
1072 3687 1237 3745 ΣΞΙΡ.

280 3852 399 3922 Τὴν
415 3854 661 3925 σκηνὴν
682 3859 742 3913 τί
759 3858 984 3925 δήποτε
1009 3861 1285 3932 γενέσθαι
1308 3866 1711 3932 ποοσέταξεν;

1928 2671 2098 2725 Aiunt
2120 2669 2341 2740 quidam
2371 2670 2607 2739 corpori,
2642 2671 2821 2724 statim
2850 2680 3011 2740 atque
3035 2672 3089 2726 in
3123 2680 3279 2728 utero
3306 2672 3420 2728 for-

1858 2771 2056 2827 matur,
2103 2761 2339 2815 animam
2362 2756 2555 2815 aIIlari.
2619 2758 2829 2815 Etenim
2864 2776 3064 2831 corpus
3092 2761 3263 2817 Adam
3304 2765 3421 2833 pri-

1859 2869 2006 2908 mum
2059 2850 2314 2907 formavit
2357 2851 2502 2907 Deus
2530 2891 2547 2917 ,
2627 2852 2822 2909 deinde
2866 2853 3097 2909 immisit
3158 2854 3419 2912 animam.

1858 2944 2105 3014 Praecipit
2135 2944 2590 3015 igiturlegislator
2628 2963 2641 2998 :
2682 2942 2738 2999 Si
2773 2944 2969 3000 mulier
3002 2947 3248 3015 quaedam
3280 2964 3415 3018 prmo

1858 3054 2050 3109 gnans,
2080 3039 2222 3093 inter
2245 3036 2528 3092 rixandum
2557 3051 2833 3107 percussa,
2864 3037 3171 3093 abortivum
3201 3038 3421 3108 quidem

1855 3128 2080 3193 fecerit,
2136 3130 2297 3197 idque
2356 3129 2469 3198 jam
2522 3127 2892 3194 informatum,
2942 3128 2996 3183 id
3043 3138 3128 3185 est
3183 3132 3419 3201 quadam

1857 3230 2109 3291 suscepta
2123 3220 2360 3275 hominis
2380 3218 2552 3273 forma
2580 3219 2791 3284 exierit,
2824 3219 3112 3275 habebitur
3147 3220 3419 3277 homicida

1859 3328 2027 3388 utque
2075 3315 2342 3372 homicida
2385 3316 2637 3386 punietur
2679 3314 2941 3371 facinoris
3016 3317 3257 3373 molitor.
3325 3316 3419 3372 Sin

1857 3411 2033 3475 aliter,
2068 3425 2194 3465 reus
2221 3409 2290 3463 de
2315 3408 2463 3463 crede
2484 3408 2701 3478 quidem
2746 3407 3087 3471 absolvetur,
3124 3424 3232 3463 non
3272 3410 3415 3464 enim

1783 3482 1829 3544 (ἶ
1862 3502 2017 3557 vivus
2050 3500 2231 3555 infans
2257 3511 2444 3561 partus
2491 3501 2615 3561 erit,
2653 3498 2748 3553 sed
2770 3499 3005 3570 quadam
3049 3508 3231 3555 tamen
3260 3516 3420 3572 pmna

1863 3591 2204 3646 multabitur.

1929 3679 2254 3747 ρυιιῑδτιο
2294 3677 2591 3734 CCLXVIII
2641 3677 2831 3751 [CoisL
2879 3678 3114 3747 CLXXI,
3154 3679 3321 3737 Taur.

2521 3770 2753 3845 CLXXL

1859 3864 1981 3929 Qua
2034 3864 2099 3917 ds
2148 3879 2313 3917 causa
2378 3864 2777 3919 tabernaculum

2840 3864 2956 3932 ﬁeri
3002 3864 3139 3918 Deus
3177 3871 3421 3933 praescri-

2473 3936 2632 4002 pserit
2665 3933 2800 4003 (68).

658 4060 677 4068 -
713 4031 854 4082 Edita
876 4047 904 4083 a
935 4034 1058 4086 Maio
1088 4038 1142 4100 (l.
1177 4052 1222 4090 c.
1252 4054 1301 4103 p.
1330 4041 1552 4103 131-133,
1581 4057 1633 4108 q.
1662 4045 1795 4100 377).
1828 4073 1887 4086 —
1918 4049 1991 4099 De
2017 4046 2349 4099 tabernaculo.
2383 4049 2537 4098 Exod.
2561 4061 2690 4110 nrt,
2717 4049 2742 4100 1
2775 4062 2880 4112 seq.

270 4109 436 4175 Δὺτδς
458 4111 487 4165 ό
508 4111 643 4178 Θεὸς
671 4116 851 4171 αἰτίαν
868 4117 1155 4190 δεδήλωκε.
1193 4142 1211 4175 ι
1246 4127 1355 4180 Καὶ
1378 4130 1626 4201 ποιήσεις
1652 4131 1758 4203 γάρ

194 4218 315 4272 μοι,
334 4204 531 4272 φησὶν,
566 4204 834 4275 ἁγίασμα,
879 4212 973 4265 καὶ
1000 4212 1312 4285 ὀφθήσομαι
1356 4219 1416 4273 ἑν
1451 4220 1620 4291 ύμῖν*
1666 4225 1763 4279 καὶ

190 4291 447 4381 ποιήσεις
490 4295 640 4348 κατὰ·
664 4298 850 4351 πάντα
885 4300 988 4353 ὅσα
1034 4300 1146 4370 έγὼ
1171 4303 1420 4376 δείκνυμι
1456 4325 1539 4363 σοι
1586 4311 1645 4363 εν
1683 4310 1763 4381 τῷ

188 4380 337 4450 ϐρει,
366 4382 428 4435 τὸ
461 4384 811 4457 παράδειγμα
837 4389 943 4459 τῆς
965 4393 1170 4463 σκηνῆς
1199 4396 1293 4449 καὶ
1319 4399 1380 4450 τὸ
1414 4380 1759 4472 παράδειγμα

190 4472 308 4566 τῶν
340 4475 551 4566 σκευῶν
589 4478 779 4547 αὐτῆς.
827 4498 848 4533 s
900 4473 1114 4555 Ἐπειδὴ
1154 4487 1263 4557 γὰρ
1288 4489 1348 4542 εν
1374 4488 1453 4560 τῷ
1480 4490 1595 4562 ὄρει
1630 4493 1760 4566 Σινᾲ

189 4562 365 4655 νόμον
388 4564 664 4633 ἐδεδώκει,
700 4569 847 4633 είκδς
872 4571 928 4626 δὲ
952 4568 1020 4643 ἦν
1051 4591 1202 4640 τινας
1238 4578 1577 4636 ὕποτοπάσαι
1606 4562 1761 4655 mps-

191 4654 509 4746 γεγράφθαι
560 4658 623 4712 τὸ
668 4658 858 4727 Θεῑον,
914 4665 1165 4720 ἐκέλευσε
1213 4671 1466 4737 γενέσθαι
1520 4654 1760 4746 σκηνήνο

190 4744 409 4798 ἐκεῖθεν
448 4748 549 4817 τὴν
592 4749 799 4804 οἰκείαν
831 4754 1152 4824 ποιούμενος
1188 4760 1535 4829 ἐπιφάνειαν,
1568 4744 1763 4818 εκπαι-

190 4836 345 4892 δεύει
376 4840 465 4894 τὸν
490 4841 617 4895 λαὸν
646 4842 743 4910 τὴν
768 4843 1071 4902 εὐσέϐειαν.
1101 4848 1310 4920 Ὠσπερ
1336 4851 1443 4923 γάρ
1462 4853 1557 4923 τὴν
1589 4856 1763 4926 ἐπηγ-

190 4928 465 5003 γελμένην
513 4934 926 5006 ἀπειληφότων,
957 4939 1091 4992 νεὼν
1128 4941 1378 5007 γενέσθαι
1419 4946 1722 5015 προσέταξε
1742 4989 1759 5013 ,

189 5026 295 5079 καὶ
322 5027 417 5089 τὰς
447 5026 595 5093 θείας
625 5028 964 5103 λειτουργίας
994 5033 1055 5088 έν
1117 5036 1289 5107 τούτῳ
1316 5038 1561 5105 γίνεσθαι
1592 5059 1761 5113 προσ-

191 5113 412 5180 έταξεν,
436 5117 524 5171 ἶνα
549 5121 625 5190 μὴ
648 5118 818 5185 ἀδεῶς
828 5120 986 5177 τοῦτο
998 5123 1234 5194 δρῶντες
1255 5130 1323 5198 τῇ
1346 5130 1453 5183 τῶν
1474 5131 1763 5202 δαιμονίων

192 5209 537 5278 περιπέσωσι
591 5210 772 5287 πλάνῃ
793 5250 811 5277 ,
855 5213 999 5269 οὕτω
1045 5217 1145 5288 τὴν
1178 5218 1384 5289 ἔρημον
1429 5221 1762 5281 διαϐαίνουσι

192 5301 407 5393 σκηνὴν
452 5304 701 5371 γενέσθαι
753 5311 1088 5377 προσέταξε,
1119 5314 1421 5383 μεταϐῆναι
1468 5320 1559 5373 καὶ
1591 5322 1760 5393 αὐτὴν

186 5390 527 5459 δυναμένους
548 5409 563 5424 ⁸
595 5396 690 5450 καὶ
722 5397 1094 5469 ἀπαιρόντων,
1124 5404 1374 5472 ἡγεῖσθαι
1407 5390 1756 5479 προσέταξενο

189 5481 285 5534 ἵνα
316 5480 392 5549 μὴ
418 5480 651 5552 ζητῶσιν
679 5488 841 5541 πάλιν
873 5488 1047 5558 θεοὺς,
1079 5494 1129 5546 οἱ
1160 5496 1622 5566 προπορεύσονται
1659 5504 1759 5555 αύο

342 5590 387 5621 “
410 5590 584 5649 Exod.
622 5612 710 5662 xx,
743 5597 798 5651 6.
832 5598 877 5629 “
897 5599 1066 5656 Exod.
1100 5619 1229 5671 xxv,
1259 5604 1315 5659 8.

1932 4132 2074 4190 licus
2106 4136 2223 4204 ipse
2256 4148 2479 4190 causam
2519 4134 2701 4191 attulit
2727 4134 2914 4192 dicens
2942 4154 2957 4191 :
2986 4136 3084 4192 «Et
3112 4136 3280 4194 facies
3313 4138 3421 4195 mei

1858 4227 2323 4292 sanctuarium,et
2341 4226 2597 4283 habitabo
2622 4228 2676 4282 in
2711 4228 2889 4284 medio
2915 4239 3177 4295 vestrum,
3213 4246 3421 4287 secun-

1857 4318 1984 4373 dum
2013 4319 2289 4389 exemplar
2318 4320 2462 4390 quod
2496 4320 2591 4375 tibi
2623 4321 2677 4375 in
2711 4331 2893 4376 monte
2922 4333 3286 4379 monstratum
3313 4334 3418 4388 est,

1858 4410 2269 4467 similitudinem
2294 4412 2628 4469 tabernaculi
2649 4423 2705 4468 et
2725 4414 3134 4470 similitudinem
3159 4431 3419 4472 vasorum

1857 4503 1911 4556 in
1969 4502 2170 4558 cultum
2218 4505 2336 4574 ejus
2371 4506 2436 4558 “.
2476 4524 2495 4559 ι
2540 4504 2676 4561 Cum
2743 4507 2886 4562 enim
2938 4508 2990 4562 in
3042 4518 3226 4565 monte
3270 4510 3423 4567 Sinai

1859 4594 2028 4664 Eegem
2064 4596 2333 4662 dedisset,
2364 4598 2762 4669 verisimileque
2809 4608 2952 4655 esset
2998 4602 3262 4670 quosdam
3305 4618 3423 4659 cre—

1860 4684 2067 4742 dituros
2100 4688 2563 4759 circumscriptam
2593 4704 2716 4745 esse
2763 4693 2973 4746 numini
3002 4693 3420 4758 habitationem,

1855 4776 2019 4848 jussit
2084 4778 2198 4835 fieri
2258 4780 2688 4848 tabernaculum,
2738 4784 2881 4839 unde
2934 4787 3147 4853 propria
3211 4802 3276 4841 ac
3328 4803 3422 4855 pe-

1792 4868 2055 4955 Dculiari
2102 4871 2534 4929 manifestatione
2588 4875 2845 4945 populum
2904 4878 3155 4946 pietatem
3204 4878 3417 4935 doceat.

1864 4960 2038 5031 thue
2072 4976 2205 5028 nos,
2235 4964 2433 5035 quibus
2468 4966 2734 5036 promissa
2774 4967 3051 5037 persoluta
3102 4979 3250 5035 sunt,
3284 4980 3425 5026 tem-

1860 5047 2005 5122 plum
2053 5053 2250 5111 habere
2300 5056 2464 5126 jussit
2511 5056 2651 5113 Deus
2691 5057 2744 5112 in
2776 5073 2886 5129 quo
2915 5058 3129 5130 liturgia
3170 5060 3420 5130 quaedam

1860 5153 2188 5209 servaretur,
2254 5160 2323 5199 ne
2389 5161 2542 5202 sacra
2586 5148 2792 5219 absque
2834 5152 3134 5205 reverentia
3160 5150 3422 5207 facientes

1861 5233 2018 5290 facile
2044 5236 2098 5290 in
2124 5236 2431 5293 daemonum
2456 5239 2669 5296 insidiis
2688 5240 3007 5298 caderemus
3030 5284 3045 5307 ,
3075 5245 3153 5297 sic
3184 5242 3421 5300 Hebraeis

1859 5327 2131 5382 desertum
2166 5331 2572 5387 transeuntibus
2611 5331 2751 5387 Deus
2800 5334 3131 5403 prescripsit
3175 5348 3229 5388 ut
3273 5347 3421 5391 esset

1860 5415 2303 5486 tabernaculum;
2350 5420 2509 5492 idque
2542 5424 2633 5493 qui
2656 5424 2896 5480 valerent
2928 5437 3295 5495 asportarent,
3332 5439 3417 5482 ut-

1861 5522 1963 5577 que
1990 5520 2327 5579 asportantes
2348 5516 2632 5582 anteirent,
2668 5530 2735 5571 ne
2764 5532 2953 5572 rursus
2970 5517 3065 5587 qui
3088 5534 3152 5572 ea
3178 5518 3419 5575 IIebrais

1710 5701 1938 5760 NOTAE.

188 5865 246 5923 Ρ.
265 5781 497 5907 (32E:
526 5782 867 5844 Theodoreto
888 5805 944 5861 q.
970 5791 1039 5849 48
1059 5794 1111 5847 in
1134 5794 1303 5851 Exod.
1327 5794 1514 5851 Videt.
1537 5794 1748 5861 LXXX,

474 5949 741 6013 PaﬂtOL.
778 5952 892 6015 Gn.
928 5954 1022 6018 Cl.

1860 5800 2061 5944 ρ.
2088 5802 2165 5859 Ex
2205 5804 2548 5868 Theodoreto
2574 5828 2627 5883 q.
2661 5813 2729 5868 60
2773 5815 2826 5869 in
2872 5813 3041 5871 Exod.
3086 5817 3149 5870 Τ.
3190 5815 3404 5879 LXXX,

2985 5978 3062 6038 35
