4162 6442
164 445 303 511 1093

1052 446 1150 507 AD
1188 439 1778 507 AMPHILOCHIUM
1836 443 2181 518 QUIESTIO
2222 441 2570 507 CCLXVIII.

3259 449 3394 515 1094

158 556 366 616 σανίδος
397 555 573 625 πῆχυν
596 553 825 624 ἐχούσης
858 551 954 605 καὶ
979 553 1175 623 ἥμισυ,
1203 552 1500 625 τριάκοντα
1526 552 1721 622 πήχεις

1846 568 1877 605 n
1914 554 2347 623 sesquicubltum
2408 551 2840 624 protenderetur,
2879 554 3070 627 viginti
3107 558 3272 627 igitur
3307 570 3391 615 ta-

156 648 215 699 αί
261 646 434 700 εἴκοσι
487 646 697 709 σανίδες
747 645 1049 715 ἐπλήρουν·
1086 643 1232 697 οὕτω
1276 646 1441 699 πάλιν
1480 644 1543 697 τὸ
1584 644 1724 713 πρὸς

153 739 367 808 δυσμὰς
416 736 724 791 ἀποϐλέπον
751 735 811 802 ἐξ
849 730 964 807 εἶχε
999 735 1216 799 σανίδας
1247 736 1308 788 τὸ
1346 734 1479 789 αὐτὸ
1526 733 1725 806 μέτρον

153 828 384 897 ἐχούσας
414 829 506 881 καὶ
529 828 623 882 δύο
642 829 865 897 γωνίας·
891 827 1098 880 δώδεκα
1127 827 1183 881 δὲ
1212 828 1409 899 πήχεις
1438 829 1503 881 ὲκ
1522 826 1725 881 τούτων

153 921 513 989 συναγόμενοι
540 922 589 973 οἱ
618 920 717 990 μὲν
738 920 869 973 δέκα
896 919 956 972 τὸ
981 919 1131 971 ἔνδον
1164 919 1329 990 μέρος
1357 919 1649 990 ἐπλήρουν.
1673 919 1725 973 οἱ

150 1012 211 1065 δὲ
238 1014 386 1066 ἄλλοι
422 1012 514 1065 δύο
541 1012 650 1065 τῶν
697 1012 974 1084 ἑκατέρων
1019 1010 1269 1082 πλευρῶν
1317 1010 1415 1074 τὰς
1457 1011 1728 1083 ἁρμονίας

152 1101 422 1171 ἐδέχοντο·
456 1103 520 1155 ἐκ
550 1101 733 1172 μέντοι
756 1101 852 1154 τοῦ
886 1101 1022 1172 έῴου
1063 1102 1265 1172 μέρους
1298 1101 1400 1173 τὴν
1431 1101 1601 1171 θύραν
1629 1118 1725 1169 γε·

153 1196 343 1249 νέσθαι
368 1194 721 1266 προσέταξεν,
747 1195 835 1248 ἵνα
850 1197 945 1249 καὶ
963 1195 1125 1260 αὑτὸς
1144 1196 1377 1265 ἀνίσχων
1398 1197 1426 1249 ό
1444 1195 1597 1267 ἣλιος
1615 1189 1726 1248 οἷόν

152 1304 279 1340 τινα
317 1287 689 1357 προσκύνησιν
717 1288 1001 1359 προσφέρῃ
1029 1290 1149 1350 τοῖς
1178 1287 1536 1358 προπυλαίοις
1567 1288 1728 1347 εὐθὺς

155 1381 339 1432 ἐκεῖσε
367 1382 465 1442 τὰς
496 1379 719 1443 ἀκτῖνας
748 1378 1082 1446 ἐκπέμπων·
1111 1379 1205 1431 καὶ
1236 1380 1287 1431 ot
1316 1378 1396 1448 τῷ
1427 1377 1549 1449 Θεῷ
1580 1378 1731 1448 μόνῳ

153 1470 513 1540 λατρεύοντες
542 1469 765 1523 δπισθεν
795 1469 888 1523 τὸν
920 1469 1072 1539 ἣλιον
1103 1469 1270 1540 ἔχωσι
1303 1471 1440 1541 πρὸς
1466 1470 1567 1542 τὴν
1592 1486 1729 1541 σκη-

153 1560 256 1630 νην
307 1560 673 1630 τετραμμένοι
695 1600 712 1625 ,
754 1560 850 1613 καὶ
885 1559 960 1630 μὴ
1002 1558 1213 1624 τοῦτον,
1240 1560 1377 1615 ἀλλὰ
1420 1561 1512 1615 τὸν
1541 1561 1730 1615 τούτου

155 1651 397 1731 Ποιητὴν
414 1651 779 1720 προσκυνῶσι·
796 1650 1089 1722 δρυφακτῷ
1109 1653 1289 1706 τοίνυν
1311 1654 1344 1725 ἡ
1371 1654 1545 1725 σκηνή
1566 1670 1734 1724 προσο

156 1742 361 1813 εῴκει,
414 1743 630 1807 σανίδας
697 1742 963 1797 πάντοθεν
1017 1743 1216 1814 ἔχουσα⁴
1281 1745 1733 1816 συνηρμοσμένας

154 1836 441 1906 ἀλλήλαις·
472 1831 616 1906 εἶχον
640 1836 695 1890 δὲ
728 1836 824 1890 καὶ
851 1836 949 1899 τὰς
975 1835 1161 1907 βάσεις
1182 1838 1427 1909 ἀργυρᾶς
1449 1838 1544 1892 καὶ
1571 1854 1735 1907 κεφα-

1832 644 1972 701 liulaz
2000 645 2055 699 in
2096 645 2318 717 triginta
2362 646 2580 701 cubitos
2633 656 2793 703 erant
2840 659 3133 719 protenste.
3178 651 3395 707 Rursus

1827 752 1949 807 qua:
1988 752 2117 807 pars
2152 736 2375 809 respiCit
2415 739 2483 793 ad
2512 738 2870 807 occidentem,
2899 754 2995 795 sex
3039 741 3275 797 habebat
3311 754 3393 796 ta-

1827 829 1985 886 bulas
2046 830 2239 886 eadem
2286 845 2565 895 mensura,
2612 832 2859 900 duosque
2898 834 3151 905 angulos.
3182 834 3257 888 Ex
3307 835 3395 887 his

1827 922 2117 979 duodecim
2143 923 2345 980 cubitis
2396 923 2469 979 ita
2500 924 2827 991 distributis,
2874 924 3067 981 decem
3093 925 3397 996 implebant

1828 1014 2139 1071 interiorem
2194 1024 2408 1085 partem
2484 1015 2667 1071 caeteri
2760 1016 2997 1071 laterum
3074 1016 3391 1087 juncturam

1827 1105 2221 1177 suscipiebant.
2284 1105 2366 1163 Ex
2418 1121 2483 1163 ea
2513 1121 2642 1162 vero
2676 1117 2829 1178 parte
2874 1123 2999 1179 qua
3049 1108 3274 1178 respicit
3325 1108 3393 1161 ad

1827 1199 2117 1265 orientem,
2178 1208 2393 1270 portam
2426 1214 2548 1256 esse
2581 1200 2771 1269 jussit,
2809 1211 2869 1255 ut
2903 1201 3021 1272 ipse
3077 1200 3263 1257 oriens
3290 1199 3398 1262 sol,

1829 1290 2190 1357 osculatione,
2226 1299 2287 1346 ut
2334 1289 2409 1346 ita
2465 1290 2668 1358 dicam,
2710 1292 3038 1347 vestibulum
3068 1292 3402 1361 complecte-

1832 1394 2003 1447 retur,
2041 1383 2223 1438 statim
2276 1382 2463 1439 radios
2504 1384 2821 1451 imminens,
2851 1394 3021 1455 utque
3050 1382 3145 1454 qui
3178 1383 3400 1437 unicum

1832 1472 2005 1527 Deum
2041 1473 2321 1529 adoraturi
2367 1482 2569 1540 essent,
2601 1473 2667 1530 ad
2692 1475 3106 1530 tabernaculum
3129 1475 3402 1535 conversi,

1834 1566 2101 1621 orientem
2142 1583 2174 1621 a
2207 1576 2365 1638 tergo
2399 1568 2573 1623 solem
2602 1567 2942 1638 exciperent,
2988 1583 3090 1624 nec
3120 1582 3272 1631 eum,
3307 1569 3402 1622 sed

1833 1657 1956 1727 ejus
1990 1658 2306 1714 Creatorem
2326 1658 2639 1715 adorarent.
2668 1659 2931 1715 Tabulato
2968 1660 3188 1730 quidem
3226 1660 3408 1715 taber-

1836 1750 2095 1805 naculum
2122 1750 2300 1806 slmile
2325 1758 2461 1818 erat,
2485 1751 2769 1807 columnas
2795 1752 3163 1823 undequaque
3195 1751 3405 1809 habens

1837 1842 1973 1898 alias
2004 1835 2126 1899 aliis
2149 1858 2327 1913 aptas.
2361 1842 2434 1899 lis
2464 1853 2623 1898 erant
2646 1851 2917 1915 argenteae
2962 1841 3144 1907 bases,
3178 1842 3407 1912 capitis-

155 1929 311 1992 λίδας
330 1929 613 1992 ὡσαύτως·
638 1930 734 1983 xci.
761 1922 919 1982 αὗται
938 1927 997 1981 δὲ
1022 1927 1220 1994 ἔξωθεν
1245 1930 1339 1983 καὶ
1359 1929 1568 1983 ἔνδοθεν
1592 1924 1734 2000 ἦσαν

1840 1950 1947 2006 que
1983 1945 2296 2007 tegumenta
2325 1951 2391 1991 ex
2435 1936 2628 1990 eodem
2664 1906 2910 2003 metallo,
2942 1936 3146 2005 illaque
3199 1934 3411 1989 extrin-

156 2022 490 2091 εῐλημμέναι
528 2020 735 2091 χρυσῷ·
770 2021 861 2074 τὸν
892 2020 951 2074 δὲ
978 2020 1174 2091 ὄροφον
1214 2018 1360 2093 εἶχεν
1390 2022 1448 2089 ἐξ
1479 2022 1735 2092 ὑφασμά-

156 2128 271 2166 των
321 2113 603 2176 ποικίλων,
640 2113 706 2166 ὲκ
740 2112 1014 2185 διαφόρων
1051 2116 1561 2186 κατεσκευασμένον
1590 2132 1736 2187 χρω-

161 2207 353 2278 μάτων
376 2220 392 2236 ·
426 2206 487 2260 τὸ
521 2207 623 2279 μὲν
650 2204 757 2277 γὰρ
792 2200 860 2276 ἦν
894 2204 1178 2276 ἁλουργόν·
1220 2206 1281 2261 τὸ
1319 2207 1377 2260 δὲ
1409 2207 1672 2278 ῥοδοειδὲς
1699 2207 1733 2279 ἢ

160 2299 525 2368 κοκκοὸαφές·
557 2300 619 2353 τὸ
643 2299 700 2354 δὲ
732 2300 973 2373 ὑακίνθῳ
999 2299 1351 2371 προσεοικός·
1382 2301 1415 2370 ή
1450 2298 1507 2353 δὲ
1538 2298 1735 2370 βύσσος

154 2392 264 2461 τὴν
297 2391 496 2462 λευκὴν
528 2388 641 2462 εἶχε
672 2393 863 2464 χρόαν·
892 2394 989 2446 καὶ
1017 2392 1192 2447 ταῦτα
1223 2393 1280 2446 δὲ
1312 2391 1421 2446 τῶν
1453 2394 1737 2464 τεσσάρων

158 2485 446 2557 στοιχείων
475 2480 544 2556 ἦν
593 2484 930 2556 αἰνίγματα·
973 2486 1003 2538 ό
1047 2484 1148 2554 μὶν
1198 2484 1449 2548 ὑάκινθος
1492 2482 1572 2554 τῷ
1612 2484 1738 2555 ἀέρι

159 2578 475 2650 προσέοικε·
499 2578 560 2632 τὸ
588 2578 646 2631 δὲ
681 2576 939 2650 ῥοδοειδὲς
968 2577 1002 2647 ή
1025 2574 1365 2645 κοκκοὸαφὲς
1386 2573 1465 2645 τῷ
1491 2574 1647 2646 πυρί·
1675 2575 1737 2629 τὸ

155 2672 223 2725 δὲ
239 2671 499 2742 ἁλουργὸν
523 2670 716 2741 μηνύει
743 2670 843 2741 τὴν
872 2670 1179 2724 θάλασσαν·
1209 2668 1391 2739 ἐκείνη
1413 2668 1524 2741 γὰρ
1546 2667 1738 2739 τρέφει

157 2763 257 2817 τὸν
283 2763 495 2834 κόχλον,
522 2761 582 2828 ἐξ
612 2757 680 2836 ἧς
708 2763 769 2816 τὸ
811 2762 1066 2815 τοσοῦτον
1094 2761 1306 2831 γίνεται
1348 2760 1549 2832 χρῶμα
1570 2776 1588 2791 ⁸
1614 2761 1650 2831 ἡ
1680 2760 1739 2815 δὲ

162 2857 365 2927 βύσσος
394 2859 492 2930 τὴν
526 2857 650 2928 γῆν,
682 2858 745 2911 ἐκ
774 2854 978 2927 ταύτης
1007 2856 1116 2926 γὰρ
1154 2854 1369 2925 φύεται·
1399 2855 1496 2908 καὶ
1521 2854 1737 2926 δέρρεις

158 2950 225 3004 δὲ
245 2946 357 3020 εἶχε
383 2950 625 3020 τριχίνας
646 2948 1020 3019 ἐπικειμένας,
1039 2949 1133 3002 καὶ
1156 2946 1340 3019 μέντοι
1361 2947 1457 3000 καὶ
1476 2945 1737 3018 διφθέρας

158 3041 439 3108 ποικίλας,
470 3040 612 3094 ὥστε
651 3041 747 3095 καὶ
773 3039 864 3094 τδν
897 3039 1055 3093 ὑετὸν
1080 3037 1389 3110 ἀπείργειν.

240 3135 347 3187 Καὶ
368 3135 479 3197 τοῖς
504 3132 707 3206 ἱερεῦσι
735 3133 793 3187 δὲ
820 3132 1162 3187 παντοδαπὸν
1188 3130 1484 3203 περιέθηκε
1506 3129 1734 3200 κόσμον,

160 3224 259 3275 τὸν
294 3223 392 3293 μὲν
424 3222 549 3275 λαὸν
598 3220 1046 3293 καταπλήττοντα
1087 3218 1167 3289 τῷ
1199 3220 1441 3291 διαφόρῳ
1468 3220 1565 3273 τοῦ
1606 3219 1740 3289 σχήο
1767 3264 1813 3322 c

166 3332 339 3385 ματος
358 3356 373 3377 ,
400 3314 603 3391 αὐτοὺς
627 3314 688 3367 δὶ
719 3314 846 3378 τοὺς
882 3313 1066 3386 ἱερέας
1103 3312 1426 3368 διδάσκοντα
1458 3313 1604 3375 ὅπως
1635 3312 1743 3383 χρὴ

161 3402 270 3473 τὴν
320 3401 497 3473 ψυχὴν
535 3401 858 3471 ἔξωραῖζειν
905 3401 1003 3456 καὶ
1055 3403 1318 3471 κοσμεῖν·
1372 3400 1643 3470 ὑποδύτην
1685 3400 1744 3453 δὲ

166 3493 328 3548 καλεῖ
361 3495 452 3547 τὸν
497 3495 780 3565 ἐνδότερον
824 3493 1183 3566 χιτωνίσκον·
1220 3492 1519 3562 ιπενδύτην
1557 3492 1615 3545 δὲ
1652 3490 1745 3545 τδν

164 3586 380 3656 χιτῶνα
402 3586 494 3639 τὸν
516 3585 799 3657 έξὼτερον·
830 3585 1140 3640 ὑακίνθινον
1159 3584 1217 3637 δὲ
1244 3584 1430 3639 τοῦτον
1446 3583 1745 3655 προσέταξε

166 3676 462 3747 γενέσθαι·
498 3676 710 3748 ποδήρη
749 3677 807 3730 δὲ
840 3677 1251 3749 προσηγόρευσε
1273 3675 1348 3739 ὡς
1386 3675 1546 3747 μέχρι
1562 3675 1746 3746 ἄκρων

165 3769 286 3825 τῶν
317 3768 493 3824 ποδῶν
525 3769 783 3839 διήκοντα
809 3784 825 3801 ·
857 3770 1146 3841 ἁπήρτησε
1173 3768 1231 3823 δὲ
1260 3768 1452 3824 τούτου
1489 3767 1747 3831 κώδωνας

167 3861 412 3933 χρυσοῦς
449 3860 543 3915 καὶ
585 3862 834 3933 ῥοΐσκους
865 3862 954 3915 ἶνα
981 3863 1063 3925 είς
1090 3862 1157 3915 τὸ
1181 3862 1370 3917 ἄδυτον
1400 3861 1492 3913 καὶ
1516 3861 1746 3915 ἀνάκτο-

169 3971 274 4026 ρον
305 3955 405 4024 τῆς
436 3953 643 4023 σκηνῆς
666 3951 851 4006 είσιὼν
872 3993 889 4019 ,
924 3953 1020 4007 καὶ
1046 3953 1145 4022 τὴν
1179 3952 1289 4006 ἀπὸ
1319 3950 1522 4005 τούτων
1566 3950 1747 4003 ιπιτε-

168 4048 446 4117 λουμένην
474 4046 623 4117 ἠχὴν
641 4044 1014 4115 εἰσδεχόμενος
1048 4043 1190 4114 μετὰ
1212 4043 1366 4106 δέους
1385 4042 1484 4113 τὴν
1510 4041 1750 4111 λειτουρ-

167 4141 305 4211 γίαν
329 4139 549 4209 ἐπιτελῇ
574 4139 651 4201 είς
672 4138 891 4208 μνήμην
915 4135 1010 4189 τοῦ
1032 4134 1465 4207 προστεταχότος
1490 4132 1751 4203 ἀφικνούη

174 4246 363 4305 μενος·
402 4230 492 4284 διά
531 4245 615 4283 τοι
653 4226 812 4289 τοῦτο
840 4228 933 4282 καὶ
957 4229 986 4281 ό
1016 4227 1280 4299 ποδήρης,
1313 4226 1406 4280 τοῦ
1449 4227 1611 4297 ἀέρος
1637 4223 1749 4296 εἶχε

165 4326 242 4381 τὸ
274 4320 492 4396 χρῶμα·
535 4321 790 4384 ὑάκινθος
829 4320 887 4374 δὲ
916 4316 985 4391 ἦν
1013 4320 1087 4383 ὼς
1117 4320 1183 4374 ἂν
1211 4321 1288 4383 εἰς
1315 4318 1503 4373 τοῦτον
1532 4320 1750 4389 ἀφορῶν

174 4418 471 4490 μετάρσιος
490 4412 729 4484 γίνηται·
755 4412 1010 4467 ἰπέκειτο
1028 4410 1086 4464 δὲ
1106 4414 1173 4481 τῇ
1198 4411 1406 4480 κεφαλῇ
1429 4410 1641 4480 κίδαρις
1658 4409 1750 4463 τὸν

168 4508 408 4580 οὐρανὸν
428 4502 757 4577 μιμουμένη·
785 4501 1128 4555 έπικάλυπτε
1143 4502 1202 4555 δὲ
1224 4502 1318 4555 καὶ
1336 4500 1513 4554 ταινία
1533 4499 1597 4554 τὸ
1617 4498 1748 4571 μέτ-

1835 2044 1995 2085 secus
2022 2039 2077 2086 et
2111 2044 2185 2083 ex
2222 2028 2467 2083 interiori
2505 2038 2655 2099 parte
2699 2045 2835 2084 auro
2868 2027 3147 2084 distincta.
3180 2026 3408 2082 Tectum

1833 2138 1896 2178 ex
1926 2123 2081 2178 varia
2107 2130 2326 2178 textura
2377 2124 2685 2188 constabat,
2718 2122 2952 2177 diversis
3004 2121 3286 2177 coloribus
3315 2121 3411 2176 de-

1834 2213 2066 2286 pictum,
2100 2222 2337 2285 parteex
2356 2214 2462 2269 alia
2501 2229 2859 2285 purpureum,
2892 2215 2997 2270 alia
3028 2229 3275 2283 roseum,
3304 2215 3409 2270 alia

1835 2320 1999 2362 cocco
2014 2305 2273 2370 tinctum,
2315 2305 2421 2361 alia
2461 2306 2889 2377 Ityacintbinum,
2906 2308 3013 2363 alia
3037 2308 3309 2364 referente
3332 2310 3413 2365 al-

1834 2396 1966 2452 bum
1984 2397 2132 2469 byssi
2150 2397 2415 2454 colorem.
2432 2396 2557 2455 llaec
2574 2408 2806 2470 quatuor
2836 2399 3231 2456 elementorum
3254 2411 3413 2457 erant

1836 2504 1954 2561 sym
1963 2488 2443 2561 bola.Hyacinthus
2456 2490 2567 2545 aeri
2583 2491 2777 2546 similis
2788 2502 3089 2556 est,roseus
3103 2493 3416 2549 coccineus-

1834 2596 1902 2635 ve
1931 2580 2081 2637 color
2102 2581 2238 2652 igni,
2265 2595 2571 2651 purpureus
2591 2596 2721 2637 vero
2753 2598 2904 2637 mare
2934 2583 3209 2654 significat
3234 2601 3248 2651 ;
3278 2584 3411 2639 illud

1844 2674 1991 2729 enim
2023 2674 2193 2729 nutrit
2222 2674 2487 2730 concham
2516 2688 2581 2730 ex
2624 2689 2731 2746 qua
2756 2684 2864 2731 tam
2888 2677 3123 2746 pulcher
3161 2678 3415 2732 nascitur

1837 2766 2027 2832 color;
2080 2774 2437 2835 repraesentat
2478 2765 2675 2837 byssus
2722 2772 2929 2821 terram
2973 2781 3003 2821 e
3040 2783 3145 2837 qua
3199 2767 3410 2833 oritur;

1840 2861 2009 2933 pelles
2057 2862 2221 2917 etiam
2260 2860 2509 2918 crinibus
2560 2860 2828 2918 confectae
2866 2863 2973 2918 illis
3016 2863 3415 2933 superinducta:

1837 2961 2015 3018 erant,
2046 2953 2361 3023 exuviasque
2387 2952 2658 3009 distinctae
2703 2969 2823 3024 qua:
2866 2954 3093 3009 imbrem
3143 2965 3411 3010 arcerent.

1908 3124 2169 3180 Praeterea
2204 3125 2580 3181 sacerdotibus
2619 3126 3021 3184 diversissimas
3064 3139 3243 3185 vestes
3272 3129 3416 3188 Deus

1842 3217 2158 3288 assignavit,
2190 3232 2311 3287 quae
2362 3218 2590 3288 populo,
2636 3218 2821 3273 cultus
2878 3220 3184 3285 varietate,
3248 3221 3416 3275 mira-

1844 3308 2044 3364 tionem
2100 3316 2432 3373 moverent,
2484 3308 2737 3379 ipsosque
2791 3308 3052 3364 docerent
3102 3309 3417 3366 sacerdotes

1843 3400 2121 3469 quomodo
2159 3400 2399 3455 animam
2451 3413 2725 3455 exornare
2762 3411 3159 3473 venustamque
3202 3402 3417 3459 elﬁcere

1844 3498 2141 3560 oporteret.
2171 3488 2393 3546 Vestem
2426 3490 2740 3546 interiorem
2815 3493 3053 3561 appellat
3086 3493 3412 3558 tuniculam.

1846 3579 2142 3634 amiculum
2193 3581 2549 3644 exteriorem,
2603 3590 2658 3635 et
2695 3580 2834 3636 hanc
2896 3582 3139 3637 tunicam
3191 3585 3417 3656 hyacin-

1846 3671 2057 3725 tbinam
2096 3685 2218 3726 esse
2248 3672 2604 3743 praescripsit.
2636 3669 2738 3727 Cui
2771 3671 2840 3727 ad
2885 3674 3024 3729 imos
3080 3675 3246 3745 pedes
3284 3693 3418 3748 pro-

1846 3760 2031 3816 missae
2060 3761 2247 3817 talaris
2278 3761 2714 3833 fuitcognomen,
2739 3764 2807 3820 de
2826 3779 2933 3834 qua
2959 3780 3126 3821 aurea
3155 3768 3419 3825 tintinna-

1846 3849 1974 3905 bula
1998 3850 2233 3920 speciem
2264 3852 2392 3906 mali
2442 3854 2630 3922 punici
2655 3852 2948 3911 referentia
2989 3858 3320 3927 pendebant,
3357 3870 3418 3914 ut

1847 3942 1903 3996 in
1948 3942 2169 4015 adytum
2215 3951 2271 3997 et
2338 3944 2546 4015 regiam
2616 3945 2950 4002 tabernaculi
3005 3962 3130 4004 cum
3187 3950 3421 4007 intraret

1847 4035 2125 4098 sacerdos,
2159 4044 2414 4105 percepto
2447 4051 2637 4092 eorum
2680 4038 2888 4101 sonitu.
2928 4054 3059 4096 cum
3110 4043 3417 4099 reverentia

1849 4126 2119 4183 solemnia
2143 4138 2447 4198 perageret,
2467 4129 2761 4186 recordans
2790 4131 2940 4186 illius
2967 4133 3062 4202 qui
3082 4133 3198 4189 haec
3230 4136 3417 4190 omnia

1847 4231 2198 4290 praeceperat.
2250 4220 2614 4287 Quamobrem
2647 4221 2836 4278 talaris
2910 4224 3118 4278 aeriam
3174 4225 3418 4282 colorem

1850 4310 2140 4377 referebat,
2170 4312 2602 4383 hyacintheaque
2646 4325 2764 4369 erat
2798 4318 2857 4368 ut
2913 4314 2979 4368 ad
3026 4330 3145 4369 eam
3203 4317 3421 4372 intuens

1850 4413 2090 4460 mentem
2119 4404 2379 4461 sacerdos
2425 4419 2646 4460 sursum
2705 4412 2934 4460 teneret.
2986 4403 3422 4478 lmmiuebatque

1850 4496 2053 4552 summi
2081 4495 2382 4553 sacerdotis
2432 4496 2597 4552 fronti
2633 4498 2789 4560 tiara,
2830 4498 3031 4552 coelum
3067 4499 3298 4565 imitata,
3337 4500 3422 4554 fa-

167 4616 329 4654 ωπον
350 4638 367 4663 ,
411 4598 478 4667 ἠν
518 4595 714 4666 μίτραν
748 4590 899 4646 εἷπον
930 4592 987 4645 oi.
1021 4592 1443 4664 Ἐδδομήκονταο
1477 4588 1590 4662 εἶχε
1614 4590 1662 4645 δ’
1689 4592 1741 4645 ἑν

1849 4589 1989 4644 ciem
2040 4587 2362 4658 contegebat
2408 4589 2539 4642 vitta
2580 4602 2742 4657 quam
2798 4586 3150 4657 Septuaginta
3199 4589 3420 4645 mitram

174 4692 336 4763 μέσῳ
381 4688 519 4759 αὕτη
572 4686 804 4741 πέταλον
852 4684 1089 4755 χρυσοῦν
1138 4684 1593 4753 ἐγγεγραμμένον
1636 4681 1741 4753 έχοπ

1840 4679 2181 4749 appellarunt
2214 4695 2232 4746 ;
2269 4678 2449 4734 stabat
2468 4679 2522 4733 in
2558 4678 2734 4735 medio
2785 4678 2985 4733 lamina
3010 4694 3173 4734 aurea
3230 4681 3285 4735 in
3312 4690 3420 4750 qua

166 4782 274 4836 τοῦ
308 4779 446 4834 Θεοὺ
492 4780 769 4850 ἄφραστον
812 4776 981 4845 ὄνομα
1017 4774 1045 4828 ὅ
1085 4775 1341 4829 καλοῦσιν
1383 4774 1622 4845 Ἑϐραῖοι
1664 4790 1756 4827 τε-

1852 4770 2218 4827 inenarrabile
2285 4772 2379 4827 Dei
2438 4784 2659 4835 nomen,
2704 4786 2736 4825 a
2772 4769 2977 4827 Judaeis
3030 4781 3420 4841 tetragramma

168 4873 623 4944 τραγράμματον
646 4885 662 4901 ·
713 4869 1000 4923 εὑλάόειαν
1031 4867 1088 4921 δὲ
1132 4865 1226 4918 τὸν
1270 4864 1397 4919 λαὸν
1428 4863 1741 4917 ὲκπαιδεύωι

1855 4862 2209 4933 appellatum,
2257 4861 2582 4933 inscriptum
2636 4869 2776 4918 erat.
2836 4861 2930 4917 Sic
2989 4863 3221 4933 figurate
3274 4862 3420 4920 Deus

168 4967 249 5022 δι’
274 4966 595 5035 αἰνίγματος
620 4960 779 5016 τοῦτο
808 4959 1135 5031 δεδήλωκεν·
1179 4954 1564 5026 Ἐπιγράψεις
1623 4954 1753 5025 γάρ,

169 5060 368 5131 φησιν,
384 5056 531 5112 αὐτὸ
550 5056 813 5124 ἁγιασμα
845 5053 1081 5119 Κυρίου.

262 5150 550 5205 Ἐκέλευσε
581 5148 637 5201 δὲ
672 5144 821 5215 αὑτῷ
850 5145 945 5197 καὶ
974 5142 1265 5212 ἐφεστρίδα
1292 5139 1569 5209 γενέσθαι,
1616 5140 1683 5211 ῆν
1707 5141 1757 5193 οἱ

211 5241 621 5311 Ισζϐδομήκοντα,
653 5236 902 5308 ἐπωμίδα
924 5234 1185 5289 ἐκάλεσαν
1206 5251 1218 5264 ·
1258 5234 1316 5285 ὲν
1358 5233 1413 5285 δὲ
1447 5234 1564 5295 ταῖς
1592 5232 1755 5285 Bact-

169 5337 355 5397 )siatc
412 5330 778 5404 εὑρίσκομεν,
829 5328 1028 5398 ὲφοὺδ,
1080 5325 1248 5397 αὐτὴν
1314 5324 1454 5379 κατὰ
1502 5324 1601 5395 τὴν
1646 5322 1753 5375 τῶν

183 5423 464 5495 Ἐϐραίων
516 5421 762 5490 γλῶτταν
812 5419 1232 5488 ὠνομασμένην·
1292 5414 1431 5486 αὕτη
1478 5410 1622 5485 εἶχεν
1668 5413 1755 5483 ἐφ’

173 5514 450 5585 ἐκατέρου
493 5513 594 5584 μὲν
625 5511 777 5583 ὤμου
819 5510 913 5565 δύο
966 5510 1145 5573 λίθους
1192 5507 1502 5571 πολυτελεῖς
1538 5507 1756 5578 ἔχοντας

172 5610 295 5665 τῶν
347 5607 528 5678 φυλῶν
573 5606 672 5671 τὰς
714 5602 1085 5675 προσηγορίας
1144 5602 1633 5673 ἐγγεγραμμένας·
1678 5600 1758 5671 τῷ

175 5702 378 5774 στήθει
405 5698 461 5755 δὲ
488 5698 549 5753 τδ
586 5696 921 5769 καλούμενον
949 5695 1155 5765 λογεῖον
1174 5692 1272 5763 τὴν
1297 5692 1520 5763 λογικὴν
1552 5707 1758 5760 συγκα-

260 5886 307 5917 "
334 5882 503 5937 Exod.
530 5894 717 5943 xxvm,
748 5877 831 5932 47.

1853 4954 2111 5023 populum
2149 4952 2505 5009 reverentiam
2562 4951 2808 5018 docebat,
2837 4961 2897 5007 ut
2941 4967 3004 5006 ex
3035 4951 3119 5006 his
3158 4961 3420 5022 apparet:

1856 5043 2096 5112 Sonipes,
2142 5046 2338 5115 inquit,
2395 5045 2564 5114 ipsum
2628 5053 2866 5097 sanctum
2922 5041 3147 5097 Domino
3176 5043 3247 5098 ".

1923 5142 2414 5210 Pra‘cepitquoque
2428 5140 2565 5193 Deus
2591 5152 2865 5192 summum
2897 5138 3232 5191 sacerdotem
3270 5136 3422 5189 indui

1850 5242 1998 5289 veste
2009 5248 2170 5303 quam
2187 5228 2686 5302 superhumeralem
2707 5238 3034 5282 v0caveruut
3048 5227 3424 5298 Septuaginta,

1850 5340 2015 5396 quam
2051 5333 2233 5379 autem
2283 5324 2336 5377 in
2367 5322 2569 5393 Regum
2590 5321 2746 5375 libris
2776 5319 3048 5389 appellant
3085 5319 3296 5389 Ephod,
3325 5318 3427 5373 Hc-

1848 5418 1993 5472 brasa
2045 5431 2178 5472 voce
2202 5416 2553 5485 designatum.
2585 5410 2722 5466 Huic
2771 5421 2925 5465 erant
2950 5424 3113 5480 super
3133 5418 3429 5479 utrumque

1858 5510 2147 5564 humerum
2197 5507 2307 5562 duo
2333 5504 2555 5576 pretiosi
2585 5503 2793 5573 lapides
2816 5502 3062 5572 inscripti
3105 5500 3426 5556 nominibus

1856 5600 2096 5655 tribuum
2121 5596 2305 5655 Israel.
2340 5597 2397 5652 in
2417 5607 2651 5667 pectore,
2670 5593 2866 5649 mentis
2884 5601 3097 5662 tegmen
3130 5592 3424 5661 pectoralc.

1866 5690 2006 5748 Huic
2048 5705 2266 5763 quoque
2294 5688 2577 5745 duodecim
2610 5686 2816 5757 lapides
2845 5685 3013 5755 aptati
3051 5695 3225 5744 erant.
3264 5684 3429 5739 variis
