4162 6442
747 367 885 431 1095

1865 372 2124 432 PHOTll
2165 367 2666 430 PATRIARCH/E
2705 370 2811 430 CP.

3874 369 4002 432 10θὸ

749 482 1038 534 coloribus
1104 481 1396 536 micantes.
1472 481 1681 548 Quibus
1751 483 1951 537 indicto
2010 483 2175 544 bello,
2245 481 2321 535 vel

2429 481 2629 534 λύπτον
2681 480 2907 552 καρδίαν
2933 496 2945 509 ·
2977 475 3090 550 εἶχε
3130 481 3184 534 δέ
3217 482 3310 534 καὶ
3354 481 3512 535 τοῦτο
3563 482 3774 535 δώδεκα
3831 484 4001 542 λέθους

739 573 996 636 victoria,
1029 573 1112 626 vcl
1141 575 1322 628 clades
1349 574 1779 642 signiﬁcabatur.
1829 573 1985 640 Quod
2024 574 2226 642 llegnm
2255 587 2320 626 ex

741 667 974 720 historia
1001 676 1240 721 constat.
1308 668 1442 722 Cum
1464 670 1610 723 enim
1643 669 1904 723 adversus
1939 667 2101 723 Israel
2123 669 2319 720 bellum

739 758 1114 826 suscepissent
1141 757 1348 822 hostes,
1382 773 1492 811 non
1521 760 1668 828 prius
1691 773 1856 813 ausus
1885 768 1968 812 est
2001 755 2127 810 Saul
2149 757 2320 810 aciem

740 849 1017 901 insuuere
1047 862 1211 916 quam
1255 848 1407 916 signa
1437 848 1680 902 victoriae
1711 848 1963 902 vidisset.
2001 845 2182 912 Quare
2208 846 2320 899 uni-

738 939 882 992 versi
909 939 1101 992 mundi
1137 938 1280 995 Deus
1319 941 1486 993 dicit:
1524 960 1541 991 ι
1574 939 1859 1009 Pnncsque
1913 941 2185 993 rationale
2229 939 2321 1006 ju-

736 1031 866 1083 dicii
895 1031 948 1083 in
978 1039 1201 1098 pectore
1225 1033 1432 1093 Aaron,
1465 1038 1518 1084 et
1547 1030 1599 1084 in
1659 1041 1889 1098 utroque
1930 1031 2096 1083 latere
2125 1045 2320 1099 super-

738 1121 1061 1176 humeralis.
1096 1140 1114 1173 i
1165 1122 1531 1191 Adjecitque:
1590 1142 1608 1174 ι
1648 1121 1934 1191 Ponesque
1995 1121 2048 1174 in
2106 1137 2170 1174 eo
2220 1120 2321 1172 do-

736 1214 969 1269 ctrinam
1025 1223 1080 1267 et
1119 1215 1402 1268 veritatem
1438 1215 1507 1267 ⁷ο.
1543 1234 1562 1266 ι
1627 1214 2048 1282 Doctrinamque
2098 1213 2318 1282 quidem

737 1306 953 1361 vocavit
985 1306 1144 1376 signa
1199 1321 1265 1360 ex
1327 1307 1435 1360 illis
1478 1307 1773 1372 lapidibus,
1837 1305 2122 1359 veritatem
2190 1317 2320 1358 vero

735 1395 1021 1466 signorum
1075 1396 1448 1448 veracitatcm.
1515 1393 1632 1449 ΙΙοο
1687 1395 1833 1448 enim
1880 1393 2322 1447 animadverten-

733 1487 865 1538 dum
894 1498 1097 1540 censeo
1136 1484 1282 1552 quod
1322 1484 1691 1539 crassioribus
1720 1485 1883 1552 hujus
1924 1484 2099 1538 aetatis
2137 1485 2318 1536 homi-

737 1578 897 1631 nibus
927 1590 1093 1644 quam
1125 1585 1184 1628 ut
1222 1575 1530 1643 spiritualia
1558 1575 1923 1644 intelligerent
1973 1574 2318 1641 sapientissi-

734 1683 859 1721 mus
881 1666 1146 1720 Dominus
1175 1677 1361 1720 noster
1385 1683 1480 1735 per
1498 1681 1756 1735 corporea
1783 1665 2024 1735 symbola
2056 1667 2317 1719 auxilium

733 1761 1127 1830 suppeditavit,
1185 1759 1343 1814 nobis
1397 1768 1578 1812 autem
1609 1759 2000 1828 interpretatur
2042 1761 2318 1828 pectoralc

2429 573 2958 644 προσηρμοσμένους
2990 572 3245 644 διάφορον
3293 573 3512 642 ἔχοντας
3560 576 3727 644 χρόαν
3759 591 3772 602 ·
3815 575 3905 626 διε
3953 577 4000 625 at

2427 664 2584 716 τοῦτο
2627 663 2878 734 ἐδηλοῦτο
2905 664 3142 734 πολέμου
3179 665 3640 735 συγκροτηθέντος
3659 709 3672 730 ,
3703 667 3739 735 ἢ
3787 668 3910 734 νίκη
3931 707 3944 727 ,
3973 668 3998 734 ἦ

2425 753 2562 826 ἧττα
2588 773 2601 785 ·
2639 756 2733 808 καὶ
2770 754 2930 810 τοῦτο
2958 757 3014 810 δὲ
3051 756 3162 810 τῶν
3192 755 3485 810 Βασιλειῶν
3517 758 3551 826 ή
3605 758 3828 826 ἱστορία
3871 758 3997 809 διὸἑν

2429 864 2547 899 σκει
2575 865 2587 876 ·
2649 845 3229 919 ἐπιστρατευσάντων”
3266 849 3376 918 γᾰρ
3424 849 3536 900 τῶν
3601 848 3887 918 πολεμίων
3935 848 4003 916 τῷ

2439 939 2654 1007 Ἰσραὴλ
2681 938 2740 990 οὐ
2771 939 3035 1010 πρότερον
3077 941 3378 1010 ἐτόλμησεν
3407 941 3436 991 ὀ
3471 941 3646 994 Σαοὺλ
3685 941 4000 1008 παραταξαο

2427 1029 2574 1093 σθαι,
2604 1033 2708 1096 ’ἐως
2734 1030 2838 1085 εἶδε
2865 1033 2930 1085 τὰ
2948 1034 3047 1102 τῆς
3079 1034 3234 1102 νίκης
3262 1033 3554 1102 μηνύματα
3578 1050 3592 1064 ’
3621 1034 3710 1085 διὰ
3746 1033 3907 1084 τοῦτο
3936 1035 4003 1085 εἰσ

2427 1119 2608 1189 ρηκὼς
2635 1123 2662 1172 ὁ
2687 1121 2793 1173 τῶν
2813 1121 2949 1176 ὅλων
2975 1122 3108 1185 Θεός
3132 1138 3145 1151 ’
3178 1141 3195 1172 ι
3246 1123 3354 1173 Καὶ
3385 1121 3670 1191 ἐπιθήσεις
3698 1125 3761 1173 τὸ
3806 1123 4000 1186 λογεῖον

2423 1211 2520 1278 τῆς
2563 1212 2796 1281 κρίσεως
2846 1213 2937 1264 ἐπὶ
2988 1213 3051 1264 τὸ
3084 1212 3278 1283 στῆθος
3333 1211 3579 1282 Ἀαρὼν,
3630 1213 3724 1265 καὶ
3756 1213 4002 1277 συνάψας

2424 1300 2555 1352 αὐτὸ
2579 1301 2714 1370 πρὸς
2737 1301 2835 1370 τὴν
2862 1301 3109 1371 ἐπωμίδα
3135 1321 3147 1334 ·
3179 1321 3196 1352 ›
3226 1303 3474 1369 ἐπήγαγε
3495 1320 3507 1331 ·
3543 1320 3561 1352 ι
3594 1302 3704 1353 Καὶ
3725 1302 4003 1369 ἐπιθήσεις

2425 1391 2578 1461 αὐτῷ
2607 1391 2702 1461 τὴν
2741 1393 2973 1461 δήλωσιν
3005 1393 3100 1446 καὶ
3124 1392 3222 1461 τὴν
3266 1393 3524 1462 ἀλήθειαν
3552 1409 3566 1422 ·
3601 1412 3618 1442 ι
3650 1394 3748 1445 καὶ
3780 1393 4004 1459 δήλωσιν

2424 1483 2525 1550 μὲν
2554 1484 2813 1535 ἐκάλεσεν
2840 1487 2908 1537 τὰ
2931 1485 3138 1536 ἐκεῖθεν
3165 1485 3458 1555 μηνύματα
3479 1500 3493 1514 ⁸
3530 1485 3798 1553 ἀλήθειαν
3827 1483 3884 1534 δέ
3905 1482 4003 1533 τῶν

2426 1574 2756 1644 μηνυμάτων
2788 1576 2847 1626 τὸ
2892 1575 3120 1644 ἀψευδές
3150 1592 3162 1604 ·
3197 1576 3372 1629 ἰστέον
3417 1575 3517 1645 μέν
3545 1593 3628 1627 τοι
3662 1575 3739 1639 ὡς
3779 1576 4004 1644 παχυτέ-

2425 1681 2538 1732 ροις
2557 1664 2676 1717 οὖσι
2706 1668 2816 1727 τοῖς
2851 1666 3151 1736 τηνικαῦτα
3192 1669 3288 1720 καὶ
3321 1667 3428 1720 τῶν
3459 1667 3671 1738 νοητῶν
3716 1666 4002 1734 ἐφικέσθαι

2425 1754 2500 1824 μὴ
2531 1755 2884 1825 δυναμένοις,
2915 1756 3002 1810 διὰ
3048 1756 3154 1809 τῶν
3191 1758 3519 1827 σωματικῶν
3563 1757 3859 1828 συμϐόλων
3912 1760 4004 1825 τὴν

735 1852 1042 1922 speculatio
1070 1851 1463 1921 spiritualium,
1497 1851 1742 1921 chlamys
1783 1849 2045 1920 perfectio
2077 1851 2321 1914 virtutis,

2428 1848 2695 1916 ὠφέλειαν
2759 1850 3085 1917 ὀπάνσοφος
3145 1851 3304 1922 ημῶν
3370 1851 3650 1919 Δεσπότης
3713 1851 4002 1921 ἐπραγμα-

731 1947 996 2016 iunctura
1027 1949 1209 1997 autem
1233 1941 2193 2012 concinnapectoralisetchlamydis
2225 1959 2324 1997 no-

741 2038 826 2092 bis
855 2037 1084 2106 llguratc
1109 2035 1270 2090 docet
1301 2035 1423 2088 lidei
1454 2044 1510 2088 ct
1538 2033 1797 2088 elleetiva:
1828 2033 2044 2088 virtutis
2082 2049 2318 2089 ceuceu-

738 2127 971 2182 tionem.
1005 2124 1251 2180 Primum
1283 2124 1890 2194 imponichlamydem,
1940 2124 2136 2177 deinde
2190 2125 2316 2180 huic

734 2217 1014 2286 pectorale
1040 2217 1219 2285 aptari
1251 2217 1527 2286 signiﬁcat
1566 2225 1770 2269 rectam
1805 2213 2002 2284 agendi
2049 2214 2312 2269 rationem

733 2307 971 2379 supponi
991 2307 1292 2362 virtutibus
1322 2307 1760 2360 fundamentum.

2422 1940 2608 1993 τεύετο
2633 1960 2644 1972 ·
2679 1943 2772 1994 καὶ
2791 1943 2899 2013 γὰρ
2920 1944 3085 2014 ἡμεῖς
3132 1943 3364 2013 νοοῦμεν
3391 1945 3479 1997 διὰ
3512 1945 3608 1996 τοῦ
3654 1945 3877 2012 λογείου
3914 1946 4004 2014 τὴν

2422 2033 2654 2105 θεωρίαν
2684 2036 2792 2088 τῶν
2811 2037 3016 2106 νοητῶν
3037 2051 3049 2064 '
3091 2036 3178 2088 διὰ
3201 2036 3259 2089 δέ
3288 2037 3386 2105 τῆς
3411 2039 3689 2106 ἐπωμίδος
3715 2038 3818 2108 τὴν
3847 2039 4005 2107 ἔργα·

2421 2125 2540 2177 σίαν
2571 2127 2669 2196 τῆς
2725 2129 2946 2199 ἀρετῆς,
2981 2129 3073 2180 καὶ
3097 2128 3196 2199 τὴν
3224 2128 3320 2181 τοῦ
3351 2129 3560 2196 λογείου
3594 2132 3693 2182 καὶ
3726 2131 3828 2197 τῆς
3865 2131 4005 2180 ἐπω-

2417 2217 2568 2287 μίδος
2600 2220 2863 2290 ἁρμονίαν
2887 2237 2944 2273 τε
2982 2221 3076 2274 καὶ
3106 2221 3398 2287 συνάφειαν
3420 2222 3501 2284 εἰς
3519 2219 3616 2291 τὴν
3640 2223 3740 2290 τῆς
3775 2221 4005 2281 πίστεως

2420 2313 2515 2362 καὶ
2558 2313 2654 2381 τῆς
2679 2313 2890 2382 ἀγαθῆς
2919 2315 3168 2384 πράξεως
3194 2313 3544 2384 λαμϐάνομεν
3571 2314 3919 2382 συμςωνίαν·
3954 2313 4006 2361 τὸ

741 2404 799 2456 δὲ
843 2403 1082 2474 πρώτοις
1119 2400 1459 2455 ἐπιτίθεσθαι
1522 2401 1621 2470 τὴν
1673 2398 1953 2470 ἐπωμίδα,
2017 2394 2117 2450 εἷθ’
2162 2399 2333 2463 οὕτως
2361 2404 2531 2474 ταύτῃ
2555 2410 2614 2458 τὸ
2650 2408 2854 2476 λογεῖον
2884 2409 3248 2461 συνάπτεσθαι
3296 2407 3357 2461 τὸ
3384 2407 3481 2480 τὴν
3530 2408 3742 2477 ἀγαθὴν
3813 2408 4006 2476 πρᾶξιν

735 2494 1053 2566 ὑποϐάθραν
1084 2490 1224 2548 εἶναι
1254 2493 1364 2547 τῶν
1385 2493 1617 2565 ἀρετῶν.

773 2604 1106 2676 ρυΑΞΞΤΙΟ
1135 2601 2075 2746 ουιχιὲὸὶῗςπῖειχχχγιι,
2115 2603 2279 2660 Taur.

770 2814 950 2882 Quam
984 2813 1048 2868 ob
1079 2829 1300 2867 causam
1335 2811 1541 2880 Moyses
1569 2809 1781 2865 tabulas
1814 2810 2119 2862 contrieerit
2150 2808 2286 2881 (69).

2917 2614 3265 2668 ΕΡΩΤΠΚΙΣ
3322 2615 3482 2668 ΣΞΘ’.

2721 2811 2883 2862 Διατί
2933 2812 3038 2874 τὰς
3096 2810 3333 2876 πλάκας
3383 2813 3789 2880 συνέτριψεν,

1604 2927 1745 2978 Edita
1776 2939 1802 2975 a
1833 2925 1961 2974 Maio
1993 2925 2050 2988 (l.
2077 2938 2118 2973 c.
2155 2939 2202 2988 ιι.
2233 2925 2340 2984 ut,
2365 2939 2413 2986 q.
2447 2923 2579 2985 278).
2603 2952 2663 2960 -
2684 2923 2842 2973 Exod.
2877 2938 3035 2982 ηιμ,
3067 2924 3140 2973 19.

806 3019 947 3086 Quia
982 3015 1494 3086 crediditpopulum
1520 3014 1654 3083 legis
1671 3028 1792 3069 esse
1826 3013 2131 3082 indignum.
2183 3011 2321 3066 Cum

733 3112 884 3167 enim
936 3109 1130 3163 tabula:
1191 3121 1293 3176 pro
1343 3104 1619 3158 dotalibus
1670 3103 1866 3158 libellis
1895 3113 2098 3168 essent,
2155 3119 2326 3172 spon-

733 3216 914 3270 saque
941 3197 1184 3252 nondum
1243 3195 1546 3248 thalamum
1609 3194 1875 3264 ingressa,
1924 3207 2046 3247 sese
2100 3193 2304 3262 prosti-

739 3291 958 3352 tuisset,
1005 3286 1162 3340 valde
1206 3285 1402 3347 iratus,
1453 3292 1514 3337 ut
1566 3299 1663 3352 par
1703 3291 1805 3345 est,
1844 3282 2024 3336 dotale
2071 3283 2316 3336 libellum

737 3381 962 3450 dirupit.
999 3375 1559 3430 Animadvertendum
1581 3373 1828 3442 estquod
1861 3383 1990 3426 tunc
2036 3374 2102 3426 ad
2131 3389 2318 3442 preces

2491 3010 2718 3073 Λντὶξιον
2779 3010 2966 3080 κρίνας
2989 3010 3079 3062 τὸν
3126 3009 3252 3063 λαὸν
3301 3011 3402 3080 τῆς
3423 3009 3742 3080 νομοθεσίας
3764 3025 3783 3040 ο
3820 3011 4009 3079 ἐπειδὴ

2420 3102 2526 3173 γὰρ
2551 3102 2839 3172 προικῲων
2867 3103 3263 3172 γραμματείων
3291 3102 3465 3155 τύπον
3504 3095 3649 3171 εἶχον
3683 3101 3738 3153 αἱ
3773 3103 4009 3162 πλάκες,

2419 3196 2450 3263 ἡ
2475 3193 2530 3244 δὲ
2563 3193 2747 3263 νύμφη
2782 3195 2888 3262 πρὸ
2921 3193 3021 3262 τῆς
3049 3193 3318 3255 παστάδος
3343 3193 3422 3254 εἰς
3451 3191 3692 3261 μοιχείαν
3718 3191 4009 3249 ἀπέκλινε,

2420 3285 2565 3355 μάλα
2599 3285 2825 3347 εἰκότως
2858 3285 2920 3336 τὸ
2945 3283 3218 3352 προικῷον
3261 3285 3639 3352 γραμματεῖον
3673 3281 3974 3351 διέῥρηξεν
3995 3297 4006 3308 ·

2423 3377 2786 3429 ἐπισκεπτέον
2819 3377 2918 3446 μὲν
2943 3375 3019 3438 ὡς
3050 3376 3171 3426 τότε
3204 3373 3494 3442 δεξάμενος
3515 3374 3544 3424 ὸ
3586 3371 3716 3435 Θεὸς
3744 3372 3861 3441 τὴν
3898 3374 4010 3423 ἱκε-

741 3472 1036 3546 placabilis
1069 3469 1250 3524 lactus
1303 3466 1471 3531 Deus,
1498 3467 1551 3519 in
1596 3466 1743 3519 aliud
1804 3473 2015 3533 tempus
2045 3465 2320 3519 distulerit

2424 3469 2568 3530 σίαν,
2602 3467 2907 3520 ἀπεϐάλετο
2934 3467 3034 3537 τὴν
3061 3464 3329 3535 τιμωρίαν
3354 3481 3366 3492 ·
3399 3463 3748 3533 προστέθεικε
3778 3464 3870 3525 δὲ,
3895 3481 3915 3512 ι
3939 3457 4010 3532 ’ᾘ

741 3580 954 3637 ρωηαε,
979 3563 1168 3617 dicens
1194 3579 1208 3614 :
1249 3579 1272 3612 ι
1303 3557 1414 3629 Ego
1443 3565 1623 3610 autem
1649 3557 1702 3609 in
1723 3554 1812 3609 die
1840 3554 2061 3608 ultionis
2092 3555 2320 3608 visitabo

741 3669 796 3715 et
820 3660 925 3714 hoc
963 3660 1248 3724 peccatum
1276 3665 1467 3705 eorum
1511 3648 1578 3699 ".
1611 3667 1632 3698 ι
1688 3645 1842 3712 Quod
1875 3647 2116 3714 Apostoli
2138 3647 2318 3700 verbis

740 3746 923 3802 simile
954 3750 1078 3799 est:
1143 3739 1416 3810 «Ignoras
1445 3736 1704 3806 quoniam
1758 3735 2064 3806 benignitas
2113 3735 2204 3788 Dei
2249 3739 2317 3788 ad

749 3835 1127 3907 paenitentiam
1173 3842 1226 3887 te
1257 3829 1530 3885 adducit?
1596 3827 1905 3881 Secundum
1946 3835 2125 3879 autem
2171 3826 2316 3879 duri-

743 3935 872 3985 tiam
909 3939 1060 3983 tuam
1085 3926 1223 3990 ⁷⁸,ί
1294 3933 1349 3978 et
1403 3922 1634 3990 reliqua.
1711 3921 1962 3973 Attamen
2041 3918 2318 3988 legislator

741 4022 968 4091 cognito
995 4023 1143 4089 quod
1178 4018 1467 4071 universus
1495 4013 1635 4068 Deus
1675 4013 1788 4082 jam
1829 4011 1997 4065 nollet
2041 4025 2162 4064 csse
2189 4025 2314 4064 eum

737 4115 969 4177 ludatis,
1010 4111 1265 4181 angelum
1319 4123 1452 4162 vero
1485 4107 1552 4161 iis
1602 4103 1954 4175 praelecturus
1982 4114 2145 4166 esset,
2179 4105 2316 4156 scire

737 4205 991 4278 quasivit
1030 4217 1190 4271 quem
1238 4208 1384 4253 esset
1444 4197 1737 4257 missurus,
1788 4185 2198 4260 obsecriwitque
2250 4205 2316 4244 nc

740 4304 809 4354 iis
836 4298 996 4353 daret
1026 4306 1357 4350 conservum
1390 4290 1608 4352 ducem,
1647 4287 1741 4341 sed
1778 4285 1894 4356 ipsc
1922 4297 2018 4338 eos
2037 4283 2312 4351 dirigeret.

740 4389 900 4459 Quod
935 4389 1026 4444 ubi
1080 4381 1415 4454 impetravit,
1474 4380 1692 4434 sublato
1717 4376 1904 4432 ebrius
1958 4389 2146 4428 amore
2193 4389 2314 4442 qua:

743 4483 1026 4539 hominem
1076 4477 1348 4532 excedunt
1395 4470 1688 4531 aifcctavit,
1740 4467 2179 4533 invisiliilcmquc
2215 4480 2312 4516 na-

741 4588 926 4632 turam
987 4583 1219 4628 cernere
1279 4561 1616 4632 concupivit.
1662 4556 2145 4612 Verumenium'ero
2212 4553 2316 4606 hoc

738 4681 861 4722 esse
891 4663 1045 4720 nefas
1063 4661 1272 4723 didicit;
1299 4672 1417 4727 qua:
1451 4663 1629 4708 autem
1667 4651 1731 4704 ad
1765 4650 2005 4703 divinam
2041 4646 2316 4716 pertinent

2419 3560 2464 3611 δ’
2489 3559 2555 3613 ἂν
2583 3541 2770 3629 ἡμέρα
2801 3561 3242 3627 ἐπισκέπτωμαι,
3265 3555 3451 3618 ἐπάξω
3468 3555 3556 3607 ἐπ’
3586 3555 3784 3614 αὐτοὺς
3825 3557 4010 3608 πᾶσαν

2420 3651 2518 3720 τὴν
2571 3651 2848 3722 ἁμαρτίαν
2905 3649 3129 3704 αὐτῶν·
3191 3668 3210 3700 ι
3267 3646 3684 3700 ἑοικεδέτοῦτο
3729 3649 3855 3709 τοῖς
3909 3649 4010 3700 ὑπὸ

2420 3745 2518 3797 τοῦ
2588 3744 2914 3796 Ἀποστόλου
2981 3742 3326 3813 εἰρημένοις·
3402 3759 3422 3791 ι
3491 3739 3721 3803 Ἀγνοῶν
3792 3740 3886 3790 ὅτι
3950 3742 4010 3791 τὸ

2421 3833 2654 3902 χρηστὸν
2687 3833 2780 3886 τοῦ
2831 3832 2969 3886 Θεοῦ
3019 3833 3098 3894 είς
3132 3831 3424 3901 μετάνοιαν
3458 3847 3516 3881 σε
3559 3829 3679 3896 ἄγει
3702 3843 3716 3856 °
3743 3830 3897 3881 κατὰ
3955 3829 4008 3880 δὲ

2418 3925 2518 3991 τὴν
2545 3923 2887 3993 σκλήροτητά
2909 3938 3026 3982 σου.
3066 3939 3084 3972 ι
3111 3920 3204 3971 καὶ
3227 3918 3356 3985 ἑξῆς
3382 3934 3396 3947 ⁸
3425 3919 3453 3970 ὁ
3495 3917 3674 3984 μέντοι
3700 3914 4007 3984 νομοθέτης

2419 4008 2656 4070 ἀκούσας
2686 4008 2762 4071 ὼς
2793 4009 2892 4061 οὐκ
2918 4007 3164 4071 ἀνέξεται
3197 4009 3437 4058 συνεῖναι
3459 4005 3638 4067 αὐτοῖς
3665 4005 3694 4056 δ
3722 4003 3840 4055 τῶν
3867 4004 4008 4055 ὅλων

2419 4101 2548 4162 θεὸς
2573 4099 2652 4151 ἔτι
2677 4141 2691 4162 ,
2731 4098 2846 4152 ἀλλ’
2886 4099 3114 4166 ἄγγελον
3148 4098 3454 4164 ἐπιστήσει,
3519 4094 3685 4164 ᾔτησε
3715 4093 3817 4162 μὲν
3857 4093 4002 4160 γνῶ.

2420 4207 2506 4241 ναι
2537 4190 2626 4241 τὸν
2659 4190 3108 4259 ἐπιστησόμενον,
3140 4186 3460 4257 ἠντιϐόλησε
3488 4185 3545 4237 δὲ
3575 4184 3649 4254 μὴ
3677 4183 3866 4237 δοῦναι
3901 4186 4001 4236 αὑ-

2421 4286 2527 4344 τοῖς
2567 4282 2856 4348 ὁμόδουλον
2897 4281 3161 4351 ὴγεμόνα.
3202 4279 3318 4332 ἀλλ’
3342 4279 3505 4333 αὑτὸν
3536 4278 3715 4330 αὐτῶν
3743 4276 4004 4346 καθηγή-

2419 4373 2642 4425 σασθαι·
2678 4372 2754 4435 ὼς
2781 4371 2838 4423 δὲ
2871 4371 2964 4423 καὶ
2997 4370 3202 4440 ταύτην
3229 4369 3352 4440 ἔσχε
3374 4370 3475 4438 τὴν
3510 4367 3683 4438 ἀρχὴν
3700 4367 3873 4436 Ξρωτι
3906 4385 4000 4437 με·

2417 4464 2560 4517 θύων
2595 4463 2974 4532 ἐπαινουμένῳ
3007 4462 3114 4515 τῶν
3151 4461 3292 4530 ὺπέρ
3319 4461 3604 4530 ἄνθρωπον
3643 4457 3868 4528 ἠράσθη
3915 4461 3999 4511 καὶ

2414 4555 2514 4623 τὴν
2544 4551 2770 4605 ἀθέατον
2811 4550 2971 4621 φύσιν
3003 4552 3130 4604 ἰδεῖν
3167 4550 3537 4617 ἐπεθύμησεν,
3566 4546 3704 4600 ἀλλὰ
3737 4547 3998 4617 μεμάθηο

2417 4662 2510 4698 κεν
2538 4645 2612 4705 ὡς
2639 4643 2794 4697 τοῦτο
2818 4644 3078 4698 ἀδύνατον
3099 4657 3111 4670 ’
3147 4641 3215 4694 τὰ
3240 4641 3298 4694 δὲ
3345 4642 3446 4709 τῆς
3472 4639 3779 4708 οἰκονομίας
3809 4655 3875 4690 τε
3910 4643 3999 4690 καὶ

740 4755 1142 4831 providentiam
1163 4762 1216 4806 et
1243 4749 1512 4804 actionem
1548 4745 1652 4813 (sic
1680 4743 1824 4796 enim
1850 4737 2199 4807 intelligenda
2233 4744 2316 4790 cst

2421 4737 2719 4806 ἐνεργείας,
2755 4734 2902 4788 οὕτω
2933 4737 3042 4804 γὰρ
3070 4734 3152 4786 δεῖ
3185 4735 3322 4785 νοεῖν
3359 4730 3453 4783 τοῦ
3498 4730 3632 4782 Θεοῦ
3659 4730 3726 4782 τὰ
3748 4729 3998 4788 ὀπίσθια.

740 4829 1017 4925 posterior
1035 4845 1129 4901 Dei
1159 4842 1308 4913 pars)
1339 4836 1698 4906 contemplari
1729 4845 2043 4902 possumus,
2065 4845 2172 4883 non
2194 4829 2317 4898 qui-

2413 4830 2688 4900 θεωρῆσαι
2727 4828 2955 4881 δυνατὸν
2991 4829 3104 4888 τοῖς
3145 4825 3294 4878 κατὰ
3327 4823 3597 4884 Minucia,
3627 4823 3749 4874 οὐδὲ
3779 4821 3998 4884 τούτοις

738 4911 862 5004 dem
893 4943 1095 5014 palam,
1140 4911 1234 4993 sed
1288 4911 1344 4988 ut
1384 4930 1600 5001 Moyses
1631 4935 1687 4982 et
1730 4927 1785 4980 in
1817 4934 1973 4995 petra
2029 4923 2187 4991 quasi
2248 4921 2317 4974 ab

2421 4923 2465 4974 δὲ
2496 4921 2682 4983 ἁπλῶς
2703 4963 2718 4986 ,
2744 4919 2862 4972 ἀλλ’
2885 4922 2967 4982 εἰς
2997 4919 3096 4987 τὴν
3135 4918 3344 4988 πέτραν
3393 4915 3483 4966 ὑπ’
3515 4912 3680 4966 αὑτοῦ
3733 4911 3828 4964 τοῦ
3863 4912 3997 4966 θεοῦ

743 5044 861 5110 ipso
896 5001 1007 5089 Deo
1036 5030 1316 5092 collocati,
1353 5027 1436 5080 sic
1471 5019 1784 5075 ostenditur
1836 5018 1991 5070 ﬁrma
2042 5014 2164 5069 lidei
2204 5025 2315 5067 sta-

2421 5011 2717 5079 τιθεμένοις
2740 5027 2752 5039 ·
2787 5007 3116 5079 σημαίνειδέ
3145 5005 3284 5072 αῦτη
3300 5005 3397 5072 τῆς
3423 5005 3655 5063 πίστεως
3677 5001 3737 5052 τὸ
3767 5003 3999 5070 nappr

743 5103 946 5189 inlitas,
980 5134 1036 5180 et
1063 5123 1118 5176 in
1153 5117 1421 5174 foramine
1463 5111 1622 5177 hujus
1662 5108 1857 5176 lapidis
1889 5105 2011 5161 lidei
2069 5103 2312 5158 foramen

2412 5104 2506 5156 καὶ
2532 5101 2868 5171 ἀκράδανςον
2893 5117 2904 5129 ·
2936 5100 3031 5152 καὶ
3050 5097 3142 5151 διὰ
3160 5097 3260 5164 τῆς
3296 5096 3436 5161 ὀπῆς
3462 5093 3562 5160 τῆς
3594 5093 3820 5161 πέτρας.
3854 5092 4000 5161 δηληί

742 5186 988 5289 zipparet,
1019 5212 1440 5285 quminacccssa
1469 5199 1643 5256 oculis
1680 5198 1960 5266 corporeis
1989 5201 2042 5250 et
2069 5193 2314 5247 invisibi-

2421 5195 2465 5246 Βέ
2492 5193 2627 5262 αῦτη
2657 5193 2752 5262 τῆς
2776 5193 3006 5253 πίστεως
3033 5189 3308 5257 ὀφθαλμὺν
3333 5187 3640 5258 θεωροῦντα
3668 5188 3781 5247 τοῖς
3805 5186 4000 5248 αἰσθη-

745 5314 811 5365 lia
850 5307 1127 5378 perspicit.

2408 5285 2518 5343 τοῖς
2551 5282 2718 5344 ὁφθαλ
2745 5287 2846 5343 mf;
2888 5283 3147 5347 ἀνέφικτα
3203 5298 3234 5330 κ
3274 5280 3295 5328 ὶ
3343 5279 3564 5329 ἀθέατα.

818 5491 864 5518 ⁷⁸
899 5484 1070 5540 Exod.
1111 5494 1298 5542 uvm,
1325 5474 1416 5529 38.
1493 5471 1533 5500 τ’
1574 5468 1744 5520 [ωδ.
1779 5482 1950 5531 “In,
1987 5468 2073 5520 Si.
2151 5461 2194 5489 "
2223 5459 2378 5515 Rom.
2405 5478 2460 5520 Il,
2495 5460 2548 5512 4.

2268 5618 2487 5672 ΝΟΤΛῦ.

817 5799 929 5858 (09)
969 5798 1041 5851 Bx
1071 5793 1415 5850 'I‘Itcodoreto
1455 5802 1504 5854 η.
1536 5785 1606 5836 (i3
1650 5782 1701 5834 iu
1751 5778 1916 5830 litod.
1967 5773 2027 5824 Τ.
2061 5772 2269 5833 LXXX,
2313 5789 2358 5840 ιι,
2391 5772 2490 5823 ΞΜ
