4162 6442
147 384 278 450 1097

697 493 1029 548 εΡοτιιΣιΣ
1075 492 1196 549 Σα.

421 669 553 739 Πῶς
571 668 644 727 ἂν
670 670 925 743 Inarime
958 668 1153 738 λέπρα
1175 668 1441 739 ἐτίνποδ

879 384 978 443 AD
1014 378 1604 443 AMPHILOCHIUM
1641 373 1987 450 QUIESTIO
2021 370 2620 434 CCLXIX-CCLXXI.

1746 511 1793 565 Α
1847 482 2177 555 QUESTIO
2212 479 2460 539 CCLXX.
2504 478 2689 553 [εσθαι.
2716 471 3146 542 CCLXXXVIII,
3189 471 3352 530 Tur.

3253 358 3393 428 1098

2425 568 2797 643 CCLXXVII.)

1878 667 2157 737 Quomodo
2209 665 2615 738 intelligendam
2652 666 2743 738 _i_n__
2772 664 3097 738 pertinentis

2439 737 2607 792 inesse
2641 734 2791 808 (τον

3134 662 3334 733 (aprum

1013 849 1160 902 Edita
1187 862 1217 899 a
1246 848 1375 901 Iaie
1404 850 1463 914 (I.
1496 861 1544 901 ο.
1575 863 1626 913 p.
1654 850 1763 912 ιδι,
1784 864 1837 915 q.
1862 852 1999 915 279).
2031 879 2092 892 -
2121 851 2286 903 Lavit.
2314 865 2424 912 xm,
2447 849 2526 901 t7.

220 959 424 1023 Πολλὰς
452 959 635 1024 αὐτοῖς
656 959 901 1025 παιδείας
921 961 951 1015 6
981 960 1115 1026 Θεδς
1130 960 1389 1027 τοιαύτας
1402 962 1682 1034 ἐπήγαγεν
1701 979 1718 995 ο

144 1052 346 1106 αὐτίκα
373 1051 503 1120 γοῦν
540 1053 637 1107 καὶ
688 1053 819 1124 περὶ
867 1051 1088 1123 λεπρῶν
1123 1053 1314 1107 οίκιιῖιν
1355 1053 1531 1119 οὕτως
1581 1054 1720 1126 εφη·

151 1162 173 1193 ε
216 1142 304 1206 ἀς
362 1141 430 1196 ἂν
457 1142 734 1214 είσίλθητε
771 1144 853 1207 είς
902 1142 1001 1215 τὴν
1027 1145 1133 1214 γῆν
1158 1144 1270 1198 τῶν
1300 1143 1626 1201 Χαναναίων
1655 1145 1727 1217 ἢν

145 1234 262 1300 ἐγὼ
309 1233 505 1303 δίδωμι
560 1235 729 1306 ὑμῖν·
763 1235 860 1289 καὶ
900 1235 1055 1289 δώσω
1084 1236 1230 1308 άφὴν
1250 1236 1457 1308 λέπρας
1500 1239 1560 1291 ὲν
1608 1238 1730 1300 ταῖς

145 1323 348 1386 οίκίαις
363 1324 463 1391 τῆς
483 1326 586 1394 γῆς
602 1325 703 1395 τῆς
727 1325 993 1395 ἑγκτήτου
1010 1325 1185 1396 ὑμῶν,
1222 1344 1244 1378 ι
1278 1327 1375 1380 καὶ
1395 1325 1523 1397 ἑξῆς
1542 1342 1557 1358 ο
1586 1326 1731 1381 διδά-

149 1429 275 1466 σκει
301 1414 359 1467 δὲ
377 1413 466 1468 διὰ
485 1414 691 1468 τούτων
714 1416 799 1469 ὅτι
830 1416 1077 1487 θεήλατοι
1096 1412 1238 1488 ἦσαν
1263 1418 1322 1471 al
1350 1417 1577 1489 πληγαὶ,
1602 1417 1733 1473 ποτε

150 1505 254 1575 μὲν
278 1505 423 1559 κατὰ
456 1506 709 1575 ίματίων,
738 1507 871 1561 ποτὶ
894 1507 954 1561 δὲ
986 1509 1129 1563 κατὰ
1166 1508 1357 1562 οίκιῶν
1391 1508 1689 1579 φερόμεναι
1713 1526 1727 1538 ·

144 1593 324 1647 ταῦτα
353 1594 413 1648 δὲ
440 1594 541 1666 τὴν
566 1596 780 1665 ἄφατον
807 1595 903 1651 τοῦ
935 1596 1074 1651 Θεοῦ
1104 1597 1517 1670 φιλανθρωπίαν
1539 1597 1730 1670 άνεδή-

145 1685 247 1739 λου
265 1700 283 1717 ο
306 1686 540 1758 τῶνγὰρ
566 1686 869 1759 ἀνθρώπων
896 1689 1346 1760 ἁμαρτανόντων,
1374 1691 1615 1762 ἱματίοις
1635 1694 1730 1746 καὶ

1889 962 2089 1021 Iudaeis
2106 964 2294 1019 multat
2346 963 2594 1033 talesque
2641 957 3015 1015 institutiones
3042 970 3074 1011 a
3105 955 3217 1010 Deo
3255 952 3397 1009 data:

1824 1065 1972 1113 sunt.
2009 1056 2208 1112 Statim
2249 1056 2417 1127 igitur
2450 1054 2521 1109 de
2554 1052 2784 1122 leprosls
2808 1049 3065 1105 domibus
3104 1048 3186 1103 sic
3214 1045 3397 1117 loqui-

1825 1155 1916 1202 tur
1940 1162 1955 1201 :
1983 1162 2003 1197 t
2030 1143 2169 1201 Cum
2200 1142 2431 1215 ingressi
2458 1142 2671 1198 fueritis
2698 1148 2901 1196 terram
2928 1139 3191 1196 Chanaan
3228 1151 3395 1208 quam

1829 1250 1931 1308 ego
1975 1236 2119 1291 dabo
2166 1235 2324 1290 vobis
2369 1235 2423 1288 in
2472 1232 2904 1304 possessionem,
2948 1231 2993 1285 si
3044 1228 3211 1285 fuerit
3238 1228 3397 1299 plaga

1828 1326 1995 1396 lepra:
2040 1327 2094 1382 in
2130 1326 2338 1382 aedibus
2356 1327 2424 1389 ⁷³,
2449 1343 2467 1377 ι
2505 1334 2561 1380 et
2600 1324 2831 1394 reliqua.
2866 1323 2959 1377 Sic
2984 1322 3147 1378 docet
3168 1320 3396 1374 vulnera

1826 1432 1949 1475 esse
1997 1433 2031 1475 a
2080 1417 2192 1473 Deo
2246 1417 2516 1483 immissa,
2573 1415 2733 1472 modo
2776 1416 2828 1469 in
2874 1427 3091 1479 vestes,
3137 1410 3303 1467 modo
3342 1411 3398 1465 in

1827 1509 2041 1566 domos.
2075 1508 2201 1565 Haec
2241 1517 2424 1564 autem
2455 1509 2572 1580 ipsa
2606 1507 2930 1563 ineﬂabilem
2979 1505 3072 1560 Dei
3120 1517 3258 1573 erga
3301 1502 3402 1557 bo-

1827 1602 2004 1658 mines
2033 1615 2277 1657 amorem
2305 1599 2685 1656 demonstrant
2719 1616 2734 1652 :
2772 1597 3056 1652 hominum
3091 1594 3242 1650 enim
3274 1607 3403 1662 pec-

1824 1702 2068 1748 catorum
2116 1692 2173 1748 in
2218 1692 2549 1749 vestimenta
2616 1701 2672 1746 et
2724 1689 2919 1745 domos
2980 1687 3207 1742 vulnera
3272 1699 3423 1740 curm

145 1776 355 1841 οἰκίαις
384 1778 619 1849 ιπέφερε
662 1778 763 1844 τὰς
792 1779 1028 1851 πληγάς,
1056 1780 1149 1835 διά
1172 1782 1381 1835 τούτων
1401 1760 1521 1846 τοῖς
1554 1781 1726 1837 ταῦτα

1831 1784 2170 1847 immitteret,
2203 1783 2277 1839 ita
2323 1783 2667 1839 sanationem
2698 1796 2761 1837 ea
2811 1777 3218 1851 possidentibus
3267 1775 3402 1832 affe-

145 1872 512 1940 κεκτημένοις
548 1871 650 1941 τὴν
678 1872 976 1943 θεραπείαν
1002 1873 1327 1945 προσφέρων
1345 1890 1362 1906 ο
1392 1874 1537 1928 ἔοικε
1563 1875 1622 1928 δὲ
1648 1876 1727 1947 τῷ

144 1962 424 2034 λεπρῶντι
460 1962 597 2035 οίκῳ
627 1965 657 2017 6
677 1959 823 2029 οἶκος
838 1964 933 2018 τοῦ
976 1965 1209 2037 Ἰσραὴλ,
1233 1961 1298 2022 οὗ
1326 1968 1588 2033 πολλάκις
1628 1969 1728 2038 μὲν

143 2052 490 2124 ἐξῃρέθησαν
525 2054 775 2126 καθάπερ
792 2056 930 2110 λίθοι
956 2056 1100 2121 τινες
1130 2058 1439 2129 λεπρῶντες
1464 2060 1514 2113 οί
1543 2060 1726 2131 πλημ-

148 2145 527 2215 μελήσαντες,
576 2148 708 2200 ποτε
733 2147 832 2218 μὲν
874 2148 966 2202 διὰ
1014 2149 1353 2222 ’Δσσυρίων,
1392 2151 1521 2205 ποτὶ
1548 2150 1607 2203 δὲ
1642 2151 1734 2205 διὰ

146 2235 544 2303 Βαϐυλωνίων,
581 2238 768 2293 ἄλλοτε
811 2239 871 2293 δὲ
914 2240 1004 2295 διὰ
1040 2241 1369 2298 Μακεδόνων
1396 2259 1411 2274 ο
1442 2241 1630 2313 ἐπειδὴ
1673 2242 1734 2297 δὲ

149 2324 366 2392 παγίαν
394 2325 554 2396 ἔσχον
599 2328 699 2400 τὴν
722 2330 965 2401 λέπραν,
995 2331 1168 2403 ἄρδην
1210 2332 1583 2404 καταλυθῆναι
1632 2334 1733 2397 τὴν

145 2416 332 2470 οἰκίαν
357 2418 389 2471 6
422 2418 720 2492 νομοθέτης
748 2422 1016 2477 ἐκέλευεν.

672 2535 1008 2590 ΕΡΩΤΗΣΙΣ
1039 2536 1203 2591 ΣΟΔἎ

155 2681 230 2739 Τί
255 2688 535 2756 σημαίνει
561 2689 633 2745 τὰ
646 2688 757 2745 δύο
787 2692 1017 2759 ὀρνίθια
1039 2691 1193 2760 ὑπὲρ
1215 2692 1323 2747 τοῦ
1354 2689 1729 2762 καθιῳιξῳέ-

632 2776 743 2815 κου
772 2763 1229 2831 προσφερόμενα
1251 2777 1274 2826 ;

1833 1877 2003 1931 rebat.
2026 1875 2215 1931 Simile
2232 1884 2316 1931 est
2342 1874 2530 1930 domui
2562 1874 2787 1943 leprosa:
2818 1871 3017 1927 domus
3043 1868 3212 1925 Israel
3237 1882 3269 1922 e
3292 1880 3403 1937 qua

1833 1968 2158 2038 saepissime,
2182 1968 2341 2037 quasi
2390 1976 2557 2038 petrae
2608 1963 2854 2033 quaedam
2880 2003 2895 2026 ,
2933 1961 3109 2017 Juda-i
3163 1958 3402 2028 leprosi.

1832 2056 1888 2112 id
1913 2064 2017 2122 est,
2048 2064 2364 2125 peccatores
2412 2053 2588 2110 avulsi
2641 2062 2791 2119 sunt,
2835 2066 2983 2107 nunc
3025 2050 3096 2106 ab
3132 2047 3399 2120 Assyriis,

1831 2163 1979 2202 nunc
2009 2162 2043 2203 a
2074 2146 2409 2219 Babyloniis,
2453 2147 2591 2201 alias
2622 2144 2843 2200 tandem
2889 2159 2921 2198 a
2963 2141 3400 2203 Macedonibus;

1830 2254 1955 2295 cum
1992 2248 2174 2294 autem
2231 2240 2529 2294 inveterata
2584 2237 2772 2293 domui
2814 2235 3032 2291 cuidam
3088 2234 3238 2303 lepra
3287 2232 3400 2286 ha:—

1830 2339 1995 2395 reret,
2028 2331 2168 2385 hanc
2189 2330 2345 2385 evelli
2373 2329 2618 2385 funditus
2646 2327 2924 2400 legislator
2952 2325 3286 2396 imperabat.

1833 2506 2161 2577 QUESTIO
2214 2508 2489 2566 CCLXXI.
2546 2507 2737 2581 [ϐοίεί.
2802 2504 3186 2569 CCLXXXIX,
3227 2502 3400 2558 Taur.

2403 2600 2804 2673 CCLXXVHL|

1837 2696 1980 2763 Quid
2012 2695 2305 2767 signiﬁcent
2335 2700 2456 2767 dare
2496 2712 2614 2767 aves
2642 2710 2883 2767 ᾳκιεᾷρτο
2907 2692 3168 2764 expianda
3193 2692 3405 2747 homine

2362 2766 2715 2835 o/Ierebantttr
2738 2765 2875 2836 (7t).

1037 2873 1181 2926 Edita
1209 2890 1238 2926 a
1262 2875 1387 2926 Maio
1418 2876 1473 2941 (ι.
1509 2888 1555 2925 c.
1587 2887 1636 2937 ι).
1672 2876 1780 2939 155,
1809 2893 1859 2941 q.
1891 2878 2024 2943 280).
2056 2904 2119 2916 —
2146 2876 2309 2928 Levit.
2342 2892 2442 2939 xtv,
2475 2880 2523 2929 4.

230 2976 340 3030 Τοῦ
369 2979 638 3049 σωτηρίου
667 2979 874 3045 πάθους
902 2983 1149 3053 περιέχει
1184 2984 1277 3038 τδν
1305 2983 1510 3037 τύπον⁸
1541 2983 1732 3056 ὥσπερ

1906 2986 2107 3059 Figura
2133 2997 2264 3043 sunt
2293 2987 2552 3042 salutaris
2584 2986 2877 3057 passionis.
2914 2983 2986 3040 Ut
3022 2986 3166 3039 enim
3203 2985 3403 3041 horum

150 3065 271 3137 γάρ
297 3066 501 3122 τούτων
527 3067 591 3122 τὸ
615 3070 714 3139 μὲν
738 3068 948 3135 θύεται,
972 3072 1032 3124 τὸ
1067 3071 1125 3125 δὲ
1153 3072 1236 3136 είς
1264 3072 1327 3125 τὸ
1355 3072 1453 3127 τοῦ
1478 3073 1734 3137 τυθέντος

148 3153 303 3228 αἷμα
334 3159 673 3230 βαπτόμενον
696 3162 982 3228 ἀπελύετο,
1015 3163 1187 3228 οὕτως
1222 3164 1364 3234 ὑπὲρ
1388 3165 1491 3235 τῆς
1518 3166 1732 3237 λεπρῶ-

151 3267 266 3321 σης
293 3251 713 3323 άνθρωπότητος
744 3255 774 3308 6
810 3256 1085 3326 Δεσπότης
1114 3257 1435 3331 ἐσταυρώθη
1475 3260 1732 3331 Χριστὸς,

150 3343 264 3412 τῆς
283 3342 384 3413 μὲν
410 3343 611 3415 σαρκὸς
632 3343 933 3415 δεξαμένης
952 3348 1042 3401 τὸν
1064 3348 1314 3417 θάνατον,
1340 3351 1439 3421 τῆς
1464 3350 1522 3405 δὲ
1543 3350 1737 3422 Θεότη-

152 3451 254 3496 τος
284 3434 713 3505 οίκειωσαμένης
741 3436 803 3489 τὸ
837 3437 937 3507 τῆς
966 3438 1383 3509 ἀνθρωπότητος
1417 3440 1608 3505 πάθοςο
1640 3443 1736 3496 καὶ

155 3526 419 3597 καθάπερ
449 3525 602 3580 ὕδατι
646 3527 872 3600 καθαρῷ
909 3529 1003 3583 τοῦ
1052 3530 1355 3600 σφαγέντος
1388 3533 1629 3604 ὀρνιθίου
1674 3536 1738 3588 τὸ

154 3611 309 3684 αἷμα
350 3615 711 3687 μιγνύμενον,
742 3619 836 3672 καὶ
870 3620 1117 3692 κεδρίνου
1154 3622 1313 3687 ξύλου
1346 3624 1444 3678 καὶ
1481 3625 1733 3681 ὑσσώπου

155 3708 265 3760 καὶ
293 3709 546 3761 κοκκίνου
572 3708 954 3781 κεκλωσμένου
986 3714 1471 3785 περιρραινόμενος
1495 3718 1524 3769 6
1558 3717 1733 3772 καθα-

156 3797 453 3866 ριζόμενος
508 3797 708 3868 λεπρὸς
755 3798 1008 3871 λαμπρός
1056 3819 1117 3856 τε
1168 3805 1263 3857 καὶ
1308 3804 1549 3877 καθαρὸς
1598 3810 1733 3862 6m-

152 3886 464 3951 δείκνυται,
491 3886 664 3951 οὕτως
690 3889 719 3941 6
742 3888 818 3958 τῷ
853 3889 1068 3961 Σωτῆρι
1097 3892 1372 3949 πιστεύων
1397 3897 1617 3968 Χριστῷ
1642 3901 1735 3953 καὶ

152 3977 245 4049 τῷ
288 3978 382 4031 τοῦ
427 3981 693 4049 παναγίου
742 3983 1057 4052 Πνεύματος
1095 3983 1251 4041 ὕδατι
1294 3987 1693 4060 καθαιρόμενος
1715 4031 1730 4055 ,

152 4069 266 4133 τὰς
290 4072 400 4123 τῶν
426 4070 837 4142 ἁμαρτημάτων
863 4074 1159 4130 ἀποϐάλλει
1186 4077 1431 4147 κηλῖδας⁶
1464 4079 1734 4150 σύμϐολον

152 4160 224 4214 δὲ
268 4162 332 4213 τὸ
377 4163 474 4230 μὲν
512 4162 756 4233 κέδρινον
803 4164 979 4231 ξύλον,
1025 4166 1126 4237 τῆς
1164 4167 1411 4233 ἀπαθοῦς
1448 4170 1734 4241 Θεότητοςο

151 4252 413 4321 ἄσηπτον
453 4253 509 4306 δὲ
540 4253 605 4306 τὸ
638 4254 828 4319 ξύλον
874 4256 936 4310 τὸ
968 4256 1025 4311 6‘s
1063 4259 1317 4315 κόκκινον
1362 4261 1425 4315 τὸ
1469 4263 1731 4330 κλωστὸν,

1835 3075 1939 3130 alia
1986 3076 2321 3141 immolatur,
2368 3074 2583 3146 aliaque
2629 3076 2681 3129 in
2748 3075 3071 3145 sanguinem
3112 3075 3406 3131 immolata:

1838 3169 2091 3222 immersa
2114 3167 2508 3233 dimittebatur,
2527 3166 2665 3221 haud
2678 3157 2843 3221 aliter
2868 3180 2967 3236 pro
2987 3167 3228 3221 humana
3252 3168 3406 3239 lepra

1838 3256 2101 3315 Dominus
2128 3257 2387 3315 Christus
2421 3259 2720 3314 cruciﬁxus
2750 3273 2981 3329 corpore
3007 3258 3231 3328 quidem
3253 3274 3404 3315 mor-

1835 3356 1943 3402 tem
1982 3348 2243 3418 suscepit,
2294 3349 2598 3419 divinaaque
2644 3357 2856 3403 natura:
2890 3350 3249 3407 humanitatis
3281 3365 3406 3421 pas-

1837 3439 2068 3494 sionem.
2101 3441 2180 3495 Ac
2206 3439 2370 3495 veluti
2403 3454 2569 3495 cruor
2614 3440 2906 3495 immolata:
2960 3442 3077 3497 avis
3114 3448 3403 3512 postquam

1841 3530 2041 3585 viventi
2082 3546 2239 3600 aqua:
2272 3532 2593 3586 commistus
2627 3530 2827 3595 fuerat,
2852 3532 3127 3603 homoque
3154 3532 3407 3602 leprosos

1838 3624 1986 3693 ligno
2024 3623 2269 3686 cedrino,
2297 3624 2558 3694 hyss0po,
2601 3638 2876 3693 coccoque
2903 3638 3237 3693 conspersus
3261 3631 3402 3689 erat,

1838 3725 1966 3769 tunc
1986 3714 2221 3771 mundus
2248 3729 2527 3784 purusque
2543 3714 2957 3780 videbatur;sic
2993 3716 3087 3785 qni
3123 3716 3178 3769 in
3214 3714 3407 3770 Salva-

1836 3815 2007 3860 torem
2034 3806 2313 3869 Christum
2330 3807 2522 3871 credit,
2544 3817 2598 3862 et
2616 3808 2791 3862 sancti
2814 3806 3050 3877 Spiritus
3070 3823 3212 3878 aqua
3234 3823 3407 3878 purus

1835 3898 2013 3955 factus
2071 3908 2177 3967 est,
2216 3914 2409 3955 omnes
2459 3910 2805 3970 peccatorum
2860 3901 3104 3957 maculas
3162 3902 3403 3971 proiicit.

1837 3990 2103 4059 Exprimit
2123 3992 2328 4060 lignum
2353 3992 2636 4047 cedrinum
2671 4002 2949 4062 expertem
2970 3993 3177 4048 doloris
3194 3992 3404 4049 divini-

1838 4089 2032 4148 tatem;
2079 4083 2456 4153 incorruptum
2486 4084 2633 4138 enim
2662 4091 2745 4139 est
2786 4084 2889 4139 hoc
2918 4084 3164 4154 lignum;
3198 4098 3404 4141 coccus

1838 4188 1965 4228 vero
1991 4176 2174 4228 nendo
2220 4173 2509 4238 deductus,
2568 4174 2969 4229 humanitatem
3012 4188 3079 4229 ex
3124 4174 3308 4229 anima
3350 4184 3406 4230 et

1838 4278 2067 4333 corpore
2111 4264 2435 4332 conﬂatam;
2486 4265 2758 4337 hyssopus
2805 4264 3045 4336 Spiritus
3090 4269 3266 4321 sancti
3307 4279 3404 4320 ca-

152 4342 271 4411 τῆς
299 4344 363 4395 ἐκ
384 4343 558 4413 ψυχῆς
593 4346 686 4398 καὶ
717 4345 968 4415 σώματος
996 4348 1435 4420 άνθρωπότητοςο
1465 4356 1526 4406 τὸ
1554 4355 1611 4408 δὲ
1638 4354 1732 4408 ὔσ-

1836 4358 2009 4413 lorem
2057 4367 2112 4415 et
2158 4361 2505 4416 suavitatem.
2542 4359 2636 4415 Sic
2687 4359 2757 4417 iis
2801 4360 2895 4430 qui
2942 4362 3291 4431 baptizantur
3335 4376 3404 4414 ex

155 4446 374 4495 σωπον,
401 4432 500 4501 τῆς
540 4432 633 4485 τοῦ
664 4435 932 4501 παναγίου
962 4437 1280 4508 Πνεύματος
1308 4441 1639 4513 θερμότητός
1673 4463 1733 4497 τε

155 4523 263 4574 καὶ
290 4522 551 4592 εύοσμίας
572 4540 586 4554 ·
620 4525 708 4578 διὰ
735 4524 942 4579 τούτων
988 4529 1038 4581 oi
1082 4526 1467 4599 βαπτιζόμενοι
1507 4533 1604 4601 τῆς
1634 4533 1735 4603 ψυ-

152 4612 334 4683 χικῆς
378 4613 808 4670 ἀπαλλάττονται
841 4618 1081 4689 λέπραςσ
1114 4621 1207 4673 καὶ
1252 4623 1287 4691 ἡ
1324 4622 1524 4695 κοτύλη
1553 4625 1611 4677 δὲ
1640 4627 1732 4680 τοῦ

156 4702 377 4765 ελαίου,
423 4702 518 4755 τοῦ
553 4704 929 4774 Πνευματικοῦ
980 4709 1095 4761 ἐστι
1142 4709 1317 4781 μύρου
1368 4717 1681 4785 σημαντικὴ
1718 4730 1733 4746 ·

153 4794 321 4864 δηλοῖ
358 4794 414 4848 δὲ
460 4797 521 4849 τὸ
560 4798 942 4869 ὲπιχριόμενον
971 4800 1150 4854 ἔλαιον
1193 4803 1273 4873 τῷ
1302 4804 1449 4875 ὼτίῳ
1474 4807 1550 4876 τῷ
1578 4806 1737 4878 δεξιῷ

152 4886 269 4939 καὶ
304 4888 371 4955 τῇ
414 4886 566 4958 δεξιᾷ
601 4888 746 4957 χειρὶ
794 4890 889 4941 καὶ
928 4889 1006 4960 τῷ
1033 4890 1193 4961 δεξιῷ
1222 4893 1383 4957 ποδὶ,
1407 4894 1469 4947 τὸ
1500 4896 1597 4964 μὲν
1640 4896 1740 4967 τὴν

153 4976 343 5047 ἀκοὴν
367 4980 479 5041 τοῖς
510 4979 704 5044 δεξιοῖς
739 4980 1084 5051 άφοριεῖσθαι
1117 4981 1319 5052 λογίοις
1336 5001 1350 5015 ο
1374 4986 1475 5057 τὴν
1497 4986 1555 5040 δὲ
1582 4990 1738 5060 χεῖρα

157 5070 274 5124 καὶ
310 5071 403 5123 τὸν
437 5070 596 5139 πόδα,
641 5074 760 5138 ταῖς
786 5074 985 5142 δεξιαῖς
1013 5074 1278 5146 πράξεσιν
1313 5078 1737 5150 ἐπιϐαλλόμενον

1834 4452 2018 4506 anima
2050 4452 2198 4521 lepra
2225 4451 2520 4519 adimitur;
2555 4453 2736 4509 cotula
2766 4452 2889 4508 oleo
2922 4453 3081 4523 plena
3133 4452 3406 4523 signiﬁcat

1836 4543 2011 4596 sancti
2035 4540 2272 4611 Spiritus
2321 4541 2574 4613 gratiam,
2629 4543 2827 4599 illitum
2884 4558 3050 4613 super
3090 4550 3402 4597 extremum

1836 4632 2091 4687 auricula:
2118 4632 2342 4698 dextrae,
2380 4640 2435 4688 et
2479 4648 2645 4704 super
2673 4648 2895 4690 manum
2936 4633 3183 4689 dextram
3211 4640 3266 4687 et
3308 4646 3405 4701 pe-

1836 4725 1995 4788 dem,
2054 4724 2233 4779 oleum
2298 4724 2557 4783 ostendit.
2614 4726 2872 4781 Auditum
2929 4724 3150 4795 quidem
3204 4722 3406 4794 aperiri

1839 4813 2043 4871 dextris
2071 4815 2334 4883 eloquiis,
2367 4831 2589 4871 manum
2622 4832 2751 4872 vero
2773 4824 2828 4871 et
2856 4816 3049 4887 pedem
3076 4824 3223 4870 recte
3258 4813 3404 4869 facta

1840 4906 2231 4963 elaboraturos.
2281 4906 2481 4963 lllitum
2530 4918 2710 4964 autem
2748 4909 2913 4979 capiti
2965 4908 3165 4963 mentis
3206 4918 3407 4961 conse-

1840 4993 2136 5054 crationem
2177 5001 2467 5071 signiﬁcat.
2510 5000 2611 5067 Qui
2644 5014 2825 5056 autem
2861 5002 3113 5072 leprosus
3145 5014 3405 5072 perman-

1842 5088 1995 5155 serit,
2024 5105 2091 5146 ex
2117 5088 2358 5147 Ecclesia
2393 5093 2659 5157 ejicietur.

151 5162 225 5215 δὲ
252 5163 346 5215 καὶ
368 5164 434 5232 τῇ
462 5165 693 5236 κεφαλῇ,
731 5167 832 5237 τὴν
869 5169 1164 5241 ἀφιέρωσιν
1187 5169 1286 5225 τοῦ
1307 5169 1523 5238 λογικοῦ
1552 5170 1720 5244 δηλοῖ·
1748 5176 1778 5230 6
1806 5179 1907 5249 μέν
1929 5198 2010 5236 τοι
2065 5181 2345 5251 διαμείνας
2392 5183 2589 5249 λεπρὸς
2625 5182 2731 5249 [ξω
2786 5181 2887 5254 τῆς
2929 5183 3250 5256 Ἐκκλησίας
3292 5184 3402 5237 ἐκ·

154 5256 451 5314 ϐάλλεται.

244 5477 292 5512 ’⁸
317 5473 480 5532 Num.
510 5493 697 5545 xxxiv,
728 5480 782 5535 2.

1670 5592 1901 5651 ΝΟΤΕ.

244 5709 379 5835 (“gl2
397 5706 475 5765 Ex
509 5708 849 5767 Thcodorcto
879 5727 933 5782 τι.
982 5711 1049 5769 l8
1086 5713 1142 5769 in
1178 5712 1346 5771 Levii.
1396 5711 1458 5769 Τ.
1514 5710 1726 5777 LXXX,

153 5801 225 5857 ρ.
272 5801 398 5835 ΰῑΖ.

1908 5711 2017 5775 (71)
2051 5711 2121 5768 Ex
2174 5712 2508 5769 'l‘hcmloneto
2557 5730 2608 5780 σι.
2662 5714 2723 5765 l9
2774 5714 2824 5766 in
2859 5711 3025 5769 Levit.
3074 5710 3136 5768 Τ.
3184 5712 3399 5777 LXXX,

1842 5799 1890 5850 ξι.
1924 5782 2043 5836 313.
