4162 6442
163 439 299 506 1101

865 447 966 507 ΔΙ)
994 448 1585 515 AMPHILOCHIUM
1625 456 1971 528 QUIESTIO
2002 459 2700 525 CCLXXII-CCLXXI“;

3289 468 3432 537 1102

160 551 332 623 ἀρετῇ
366 555 460 606 καὶ
484 553 699 625 αἰτήσει
733 553 1062 628 θαρροῦντες
1093 561 1187 614 έπὶ
1222 564 1324 635 τὴν
1355 563 1465 617 τῶν
1492 567 1733 637 ἀπορου-

1837 584 1945 625 non
1992 571 2173 638 nobis,
2205 573 2303 630 sed
2330 573 2476 630 illius
2502 584 2558 630 et
2586 578 2791 632 virtute
2817 586 2871 632 et
2901 579 3273 646 postulatione
3297 582 3423 640 freti

165 645 349 713 μένων
374 643 527 699 λύσιν
560 645 911 717 βαδιούμεθα.

239 733 307 803 β’.
341 735 502 806 Τρεῖς
533 738 562 791 6
589 738 814 804 παλαιὸς
849 740 948 797 καὶ
974 742 1138 810 καλὸς
1162 746 1370 811 ἐκεῖνος
1394 765 1574 822 γερων
1598 768 1707 822 προ

165 826 343 890 κοπάς
372 828 483 882 εῐτε
526 828 712 895 τάξεις
740 833 850 887 είτε
893 833 1159 905 βαθμοὺς,
1184 839 1295 893 εἴτε
1339 857 1395 895 τι
1426 842 1557 898 ἀλλο
1585 844 1738 915 φίλον

162 920 280 982 τοίς
301 918 651 992 βουλομένοις
677 923 887 992 καλεῖν,
909 927 968 981 έν
995 930 1107 992 τοῖς
1140 929 1408 1003 παροῦσιν
1434 935 1737 992 ἐκδιδάσκει

166 1009 447 1079 ῥήμασιν’
500 1012 839 1084 ἀμεριμνίαν
876 1016 990 1071 τῶν
1038 1020 1098 1072 έν
1140 1019 1243 1092 βίῳ
1290 1022 1385 1076 καὶ
1431 1019 1513 1090 οἷς
1543 1028 1573 1081 6
1622 1026 1739 1098 βίος

168 1100 607 1168 συγκαταλύειται
640 1107 1007 1177 πραγμάτων,
1057 1112 1371 1183 προσευχὴν
1398 1113 1613 1182 ἄοκνον,
1644 1119 1740 1171 καὶ

165 1190 352 1261 τρίτον
397 1194 665 1264 ἐργασίαν
710 1197 909 1251 ἀσυλον
962 1200 1226 1269 καρδίαςο
1257 1201 1397 1258 ὥστε
1450 1205 1609 1275 δῆλον
1658 1210 1739 1263 ὅτι

170 1282 342 1352 μέσον
363 1285 627 1358 ἑκατέρου
657 1288 764 1342 τῶν
813 1289 999 1362 ἄκρων
1033 1294 1067 1362 ἡ
1115 1295 1392 1369 προσευχὴ
1435 1300 1635 1354 κεῖται.
1682 1300 1761 1355 ’0

166 1372 353 1426 τοίνυν
377 1374 477 1447 τὴν
503 1376 840 1450 ἀμεριμνίαν
870 1381 947 1454 μὴ
991 1384 1335 1455 κτησάμενος
1361 1387 1486 1443 οὐδὲ
1517 1388 1589 1444 τά
1616 1393 1743 1461 ἐφε-

169 1465 272 1537 ξῆς
297 1466 392 1522 δύο
424 1468 651 1535 δυνατός
692 1472 811 1528 ιστι
842 1475 1141 1545 μετελθεῖν.
1186 1476 1347 1533 ’Δλλά
1381 1480 1436 1535 τί
1466 1479 1530 1534 τὺ
1560 1482 1744 1537 ivssi-

171 1556 295 1624 θενς
326 1558 403 1614 Τδ
430 1562 597 1633 μέσον
633 1564 817 1621 τοίνυν
844 1567 965 1639 ἦτοι
991 1567 1093 1641 τὴν
1141 1572 1453 1646 προσευχὴν
1488 1576 1759 1646 μετερχόος

174 1666 340 1719 μενος
366 1651 425 1705 έν
458 1652 647 1723 μέσοις
669 1656 863 1725 γέγονε
890 1661 1005 1725 τοῖς
1026 1660 1235 1728 καλοῖς,
1267 1664 1369 1719 κᾶν
1401 1665 1572 1736 μήπω
1604 1668 1745 1737 πρὸς

168 1737 235 1792 τδ
262 1739 430 1813 ἀκρον
464 1743 783 1819 ἀναϐεϐήκει
811 1748 922 1804 τῶν
945 1750 1186 1820 ἀγαθῶν.

243 1925 311 1987 γ’.
345 1922 615 1986 ἐκότιζε
660 1924 716 1981 δ’
766 1924 925 1996 ὅμως
972 1927 1243 1999 διψῶντα
1303 1933 1399 1987 καὶ
1457 1934 1743 2007 πόρρωθεν

164 2010 309 2067 οὖσα
358 2015 395 2086 η
439 2016 538 2070 τοῦ
588 2017 925 2091 σελασφόρου
977 2020 1254 2094 θεάματος
1313 2026 1597 2098 πλήρωσις
1648 2031 1743 2083 καὶ

166 2107 351 2180 τρυφὴ
382 2110 475 2165 καὶ
501 2109 632 2165 θέα·
666 2106 786 2166 εῐτα
817 2113 881 2169 οὐ
912 2114 1075 2187 μέχρι
1108 2116 1311 2182 παντὸς
1336 2119 1432 2173 τοῦ
1468 2121 1743 2193 θεάματος

165 2199 443 2270 ἐτρύφων,
468 2201 606 2256 ἀλλά
632 2204 772 2274 μετά
812 2204 987 2260 ταῦτα
1013 2207 1177 2262 πάλιν
1204 2210 1262 2263 εν
1286 2210 1537 2279 ἐκείνοις,
1577 2215 1637 2269 ὲν
1658 2209 1742 2280 οἷς

166 2293 267 2345 καὶ
295 2292 509 2364 πρώην.
544 2294 612 2349 Τί
659 2296 759 2367 μὲν
783 2297 876 2352 οὖν
901 2294 971 2371 ἦν
1007 2300 1113 2374 πρὸ
1151 2301 1252 2373 τῆς
1288 2304 1493 2375 ὁρατῆς
1525 2308 1741 2378 μορφῆς

165 2387 231 2439 ὲν
257 2389 370 2451 τοῖς
408 2387 733 2459 ὁρωμένοις.
762 2391 872 2445 οὐδ’
899 2393 1039 2447 αὐτὰ
1077 2394 1145 2449 τά
1180 2395 1433 2466 ὁρώμενα
1468 2398 1741 2454 διδάσκειν

167 2478 456 2548 ⁴ἠδύναντο,
472 2480 662 2555 ὥσπερ
688 2482 879 2538 είωθεν
896 2486 930 2556 η
958 2485 1079 2556 δψις
1101 2486 1171 2542 τά
1201 2489 1371 2545 πολλά
1398 2492 1506 2545 τῶν
1528 2492 1741 2565 ὁρωμέ-

167 2589 280 2624 νων
306 2571 624 2638 διδάσκαλος
674 2577 954 2644 γίνεσθαιο
1006 2579 1128 2635 οὐδὲ
1181 2582 1291 2653 γὰρ
1322 2577 1392 2654 ἦν
1439 2585 1550 2639 τῶν
1598 2588 1741 2641 κατά

163 2662 331 2732 φύσιν
355 2664 451 2721 καὶ
478 2667 723 2740 συνήθων
773 2669 1081 2741 θεαμάτων.
1116 2674 1254 2729 ἀλλά
1298 2676 1459 2747 χάρις
1492 2673 1562 2751 ἦν
1590 2681 1624 2750 ὴ
1658 2680 1738 2735 δι-

162 2756 336 2813 δοῦσα
365 2757 446 2815 τά
479 2760 580 2831 μὲν
607 2763 761 2833 ὀρᾷν,
793 2764 862 2818 τά
889 2764 947 2819 δὲ
989 2766 1225 2836 κρείττω
1256 2768 1486 2825 ποιοῦσα
1515 2771 1625 2827 τῶν
1645 2773 1736 2828 διά

159 2848 268 2917 τῆς
292 2848 467 2920 ὅψεως
488 2852 843 2925 καταλήψεων
859 2870 876 2887 ο
901 2856 1127 2930 καὶγὰρ
1150 2859 1273 2914 οὐδὲ
1323 2862 1353 2916 6
1376 2860 1581 2933 ταύτης
1605 2865 1738 2937 ἡμῖν

160 2941 266 3012 τῆς
318 2942 633 3015 ἀπορρήτου
684 2946 899 3017 τρυφῆς
955 2949 1047 3002 καὶ
1113 2948 1347 3021 θεωρίας
1398 2953 1737 3025 ἀρχιτέκτων

162 3034 349 3102 ἀφεῖτο
374 3036 469 3088 καὶ
490 3034 784 3109 συνεχώρει
811 3039 1087 3112 ἀκραιφνῆ
1112 3042 1413 3114 λαμϐάνειν
1436 3049 1536 3120 τὴν
1562 3050 1738 3122 μάθη-

165 3142 276 3180 σιν.
314 3127 455 3181 Ἀλλ’
506 3128 684 3198 ἔγωγε
723 3132 875 3203 πόθῳ
904 3133 999 3188 καὶ
1040 3134 1205 3206 ἔρωτι
1255 3138 1453 3208 μαθεῖν
1509 3141 1735 3213 ἠρώτων

161 3216 339 3319 ὅμως,
371 3217 505 3319 Δ’πῶς
525 3217 601 3319 ,δὴ
642 3218 741 3319 νῦν
769 3222 799 3274 ὁ
844 3222 942 3292 τῆς
992 3224 1265 3295 σωτηρίας
1300 3227 1458 3298 ἡμῶν
1506 3230 1601 3283 καὶ
1627 3231 1735 3285 τῶν
1760 3259 1806 3319 c

164 3309 350 3362 καλῶν
369 3309 655 3381 θεαμάτων
683 3312 981 3384 αὐτουργὸς
1005 3315 1239 3388 ὑπάρχει
1258 3334 1274 3351 ο
1309 3320 1404 3374 καὶ
1433 3322 1466 3392 ἠ
1507 3322 1739 3394 ἀπόκρι-

169 3418 262 3465 σις
295 3400 481 3471 ἔλεγεν
517 3404 578 3457 έν
625 3406 740 3468 τοῖς
770 3405 921 3471 ίδίοις
957 3406 1081 3475 μὲν,
1110 3409 1225 3463 ἀλλ’
1255 3412 1355 3464 οὐκ
1395 3413 1453 3465 ἐν
1490 3407 1572 3476 οἷς
1592 3412 1738 3484 ᾠκο-

162 3494 322 3563 νόμει
351 3495 448 3565 τὴν
469 3495 662 3566 ὅρασιν
685 3495 845 3551 εἶναι’
866 3498 937 3554 τά
976 3500 1075 3568 μὲν
1096 3500 1208 3570 γάρ
1229 3496 1301 3572 ἦν
1324 3501 1738 3574 φιλανθρωπίας

164 3584 266 3637 καὶ
298 3584 781 3653 συγκαταδάσεως,
825 3588 895 3642 τά
947 3589 1007 3643 δὲ
1035 3589 1114 3661 τῷ
1144 3591 1221 3665 μὴ
1261 3592 1364 3663 τῆς
1400 3594 1609 3659 οἰκείας
1648 3596 1739 3665 ιε.

165 3676 421 3730 ίστασθαι
457 3676 676 3745 φύσεως
711 3680 773 3732 τδ
791 3680 963 3735 ἀῖδιον
994 3681 1380 3753 ὑπογράφοντα
1406 3687 1498 3739 καὶ
1532 3688 1737 3758 ἀμετά-

162 3764 385 3836 ϐλητον.
415 3760 551 3821 Εἶτα
589 3768 774 3840 ὶπειδή
830 3786 901 3841 με
960 3770 1098 3842 πρὸς
1137 3771 1299 3841 φύσιν
1346 3774 1517 3846 ἀνῆγε
1556 3777 1737 3849 πάσης

159 3857 341 3927 ὅψεως
372 3859 467 3913 καὶ
488 3859 846 3932 καταλήψεως
886 3862 1453 3934 ὑπερανασεὸηκυῖαν,
1498 3867 1733 3923 ἐπυνθαο

159 3949 335 4022 νόμην
366 3949 896 4025 έτιζπροσδιαπορῶν,
920 3955 996 4019 ὥς
1020 3955 1083 4009 El
1104 3956 1261 4011 ταῦθ’
1286 3956 1459 4023 οὕτως
1487 3960 1619 4031 ἔχει.
1652 3963 1736 4028 τίς

159 4040 201 4109 ἠ
230 4038 380 4107 δεξιά
406 4042 597 4107 στάσις
619 4044 717 4098 καὶ
762 4043 1001 4117 καθέδρα
1024 4046 1120 4100 καὶ
1146 4046 1217 4100 τά
1242 4050 1351 4102 τῶν
1380 4049 1582 4106 ὑλικῶν
1612 4054 1735 4125 σχέ-

161 4147 306 4186 σεων
331 4134 424 4186 καὶ
468 4133 760 4190 διαθέσεων
802 4135 1078 4208 ὀνόματα;
1123 4138 1228 4193 ποῦ
1274 4140 1385 4213 γάρ
1419 4142 1534 4213 ἔχει
1561 4145 1734 4199 ταῦτα

154 4219 346 4293 χώραν
366 4222 621 4293 λέγεσθαι
652 4226 710 4279 ὲν
738 4220 821 4291 οἷς
864 4228 958 4283 καὶ
989 4228 1098 4282 τῶν
1125 4229 1421 4301 δρωμένων
1468 4236 1536 4289 τὰ
1564 4234 1734 4291 πολλά

150 4315 258 4386 οὐχ
284 4316 473 4388 ὅρασίς
514 4318 683 4384 ἑστιν,
714 4319 853 4374 ἀλλά
884 4321 985 4391 τῆς
1022 4327 1320 4391 φαντασίας
1355 4325 1690 4394 διατύπωσις
1713 4346 1728 4361 ·

150 4410 187 4462 6
218 4408 276 4462 δὲ
297 4409 405 4462 τῶν
428 4409 669 4481 ἀποριῶν
685 4413 959 4484 ἀκροατὴς
975 4414 1265 4485 ἐπιτιμῶν,
1289 4417 1366 4482 ὡς
1381 4417 1547 4486 ἔοικε,
1573 4420 1730 4489 φιλο-

148 4500 450 4574 πράγμονα
487 4503 736 4558 ἔνστασιν
770 4506 864 4559 καὶ
901 4507 1004 4560 οὐκ
1039 4506 1145 4561 ἑῶν
1169 4508 1466 4564 ἀπολαύειν
1494 4510 1588 4566 τοῦ
1626 4511 1726 4582 ζη-

1841 663 1907 715 ad
1934 662 2227 720 dubiorum
2258 666 2589 722 solutionem
2643 669 3011 738 procedimus.

1920 753 1976 812 2.
2012 755 2146 814 Tres
2189 757 2453 829 antiquus
2501 759 2592 813 ille
2627 758 2917 831 bonusque
2954 778 3119 819 senex
3172 778 3427 836 progres-

1841 854 2026 910 siones
2066 851 2137 907 ad
2178 850 2435 906 virtutem
2478 851 2593 906 sive
2636 852 2860 908 ordines
2906 853 3025 910 sive
3074 854 3279 925 gradus
3309 859 3426 911 sive

1840 944 1971 1015 quid
2002 943 2150 999 aliud
2184 942 2457 1014 appellare
2503 943 2695 1010 libeat,
2728 944 2785 999 in
2834 945 2922 1001 bis
2953 948 3134 1002 verbis
3164 948 3371 1004 indicat
3405 971 3419 1004 :

1842 1034 2053 1103 plenam
2083 1046 2268 1087 rerum
2315 1031 2480 1102 hujus
2511 1031 2655 1097 vita,
2699 1048 2824 1089 cum
2852 1035 3054 1105 quibus
3078 1046 3133 1091 et
3159 1038 3282 1108 ipsa
3312 1040 3421 1093 vita

1843 1125 2005 1179 simul
2028 1124 2236 1189 interit,
2286 1124 2577 1193 incuriam,
2614 1125 2859 1183 sedulam
2891 1138 3055 1199 atque
3085 1130 3418 1187 indefessam

1842 1216 2165 1281 orationem,
2195 1223 2251 1270 et
2274 1218 2433 1271 tertio
2465 1216 2777 1275 inviolatam
2801 1222 2982 1277 cordis
3008 1224 3377 1293 operationem
3404 1243 3419 1286 ;

1844 1305 1987 1361 unde
2026 1315 2245 1361 constat
2298 1306 2531 1362 mediam
2568 1308 2711 1364 inter
2748 1318 2978 1382 utraque
3015 1324 3262 1369 extrema
3292 1330 3421 1368 ora—

1845 1396 2046 1450 tionem
2087 1410 2229 1451 esse.
2259 1396 2364 1462 Qui
2410 1398 2577 1466 igitur
2610 1399 2918 1470 neglectum
2971 1418 3155 1458 rerum
3187 1404 3422 1458 munda-

1845 1501 2040 1541 narum
2089 1501 2200 1543 non
2236 1489 2560 1559 possederit,
2609 1505 2712 1547 nec
2759 1492 2972 1564 reliqua
3020 1494 3131 1549 duo
3164 1498 3421 1565 persequi

1847 1578 2065 1648 poterit.
2093 1575 2301 1634 Verum
2325 1578 2460 1649 quid
2489 1580 2915 1637 indeﬂledium
2950 1583 3137 1653 igitur,
3166 1585 3416 1640 videlicet

1844 1671 2191 1737 orationem,
2252 1686 2517 1729 exercens
2572 1673 2627 1727 in
2681 1674 2876 1730 mediis
2940 1675 3156 1731 exsistit
3215 1676 3417 1743 bonis,

1846 1764 2099 1835 quamvis
2136 1763 2377 1820 nondum
2432 1765 2502 1820 ad
2554 1774 2858 1820 extremum
2922 1766 3194 1824 bonorum
3228 1782 3422 1825 ascen-

1844 1854 2002 1909 derit.

1772 1922 1818 1981 B
1914 1946 1969 2002 5.
2020 1943 2214 2000 Potens
2231 1960 2352 2000 vero
2378 1944 2582 2001 sitienti
2610 1945 2775 2000 dabat
2806 1946 2891 2003 vel
2908 1948 3126 2004 eminus
3151 1948 3422 2004 exsistens

1845 2036 2115 2108 splendidi
2176 2038 2472 2109 spectaculi
2534 2038 2792 2109 impletio
2811 2048 2868 2094 et
2918 2040 3219 2097 oblectatio
3246 2050 3428 2111 atque-

1843 2129 2026 2197 visio;
2058 2128 2254 2185 deinde
2297 2144 2409 2185 non
2458 2143 2634 2201 usque
2678 2132 2748 2186 ad
2780 2131 3097 2188 universum
3126 2141 3421 2201 spectacu-

1843 2221 1955 2276 lum
1991 2220 2322 2287 deliciabar;
2355 2220 2451 2277 sed
2484 2229 2671 2292 postea
2701 2236 2897 2277 rursus
2925 2237 3079 2278 eram
3115 2222 3169 2277 in
3206 2222 3339 2289 illis,
3363 2222 3419 2279 in

1841 2312 2043 2384 quibus
2084 2320 2139 2368 et
2184 2320 2367 2368 antea.
2412 2311 2553 2380 Quid
2600 2311 2767 2384 igitur
2812 2325 2958 2370 esset
2989 2322 3117 2369 ante
3141 2314 3417 2370 visibilem

1842 2399 2074 2455 formam
2120 2399 2175 2456 in
2226 2400 2415 2467 rebus,
2464 2416 2600 2472 quas
2630 2402 2899 2469 videmus,
2942 2418 3010 2459 ne
3036 2404 3168 2475 ipsa:
3195 2404 3417 2476 quidem

1842 2509 1952 2560 res,
1983 2508 2121 2563 quas
2155 2493 2425 2560 videmus,
2452 2495 2647 2551 docere
2669 2510 2770 2552 nos
2801 2506 3076 2567 poterant,
3106 2498 3251 2554 sicut
3279 2498 3420 2555 solet

1841 2586 1980 2640 visio
1991 2584 2304 2655 frequenter
2317 2601 2508 2641 eorum
2526 2602 2646 2657 qua
2660 2587 2908 2644 videntur
2920 2589 3245 2660 interpretes
3261 2605 3382 2647 esse
3397 2607 3414 2657 ;

1842 2693 2017 2747 neque
2046 2677 2190 2732 enim
2236 2686 2355 2733 erat
2402 2694 2470 2734 ex
2501 2679 2568 2735 iis
2591 2681 2943 2750 spectaculis,
2973 2697 3098 2754 quae
3142 2684 3415 2740 naturalia

1842 2769 2107 2841 uobisque
2162 2768 2453 2826 familiaria
2519 2772 2822 2839 exsistunt,
2872 2773 2970 2830 sed
3015 2774 3190 2845 gratia
3252 2784 3414 2839 erat.

1838 2878 1961 2934 qua:
2000 2862 2166 2919 dabat
2201 2862 2306 2918 alia
2334 2864 2556 2935 quidem
2592 2865 2874 2927 intuenda.
2900 2866 3008 2921 alia
3038 2882 3170 2923 vero
3203 2869 3415 2937 patiore

1837 2954 2125 3010 oculorum
2172 2952 2523 3024 perceptione
2568 2952 2864 3023 eﬂiciebat;
2911 2956 3116 3011 etenim
3166 2973 3266 3012 nec
3299 2959 3414 3027 ipse

1835 3066 2050 3107 arcanae
2089 3052 2251 3124 hujus
2280 3051 2664 3109 oblectationis
2700 3065 2756 3108 et
2794 3052 3272 3124 contemplationis
3316 3066 3415 3107 uo-

1838 3156 1964 3199 ιιι-ε
2016 3155 2204 3200 auctor
2271 3143 2620 3215 permittebat
2670 3146 2760 3201 vel
2810 3145 3150 3201 concedebat
3202 3146 3411 3200 claram

1837 3230 1982 3286 illius
2025 3231 2243 3286 haurire
2289 3230 2681 3302 cognitionem.
2734 3228 2839 3286 Sed
2889 3244 2991 3301 ego
3025 3229 3210 3285 studio
3241 3239 3409 3301 atque

1840 3336 2029 3377 amore
2055 3321 2298 3379 discendi
2338 3322 2661 3379 sciscitabar
2708 3322 3090 3388 nihilominus,
3131 3323 3223 3379 ubi
3264 3338 3413 3380 nunc

1837 3413 2029 3470 salutis
2046 3423 2247 3470 nostrae
2270 3415 2768 3487 praclarorumque
2789 3416 3226 3485 spectaculorum
3249 3416 3411 3472 nobis

1836 3512 2031 3561 auctor
2072 3514 2270 3562 exstet.
2303 3507 2370 3562 Et
2426 3510 2713 3578 responsio
2753 3507 2971 3564 dicebat
3006 3527 3019 3564 :
3074 3510 3129 3564 in
3172 3509 3414 3580 propriis

1836 3597 2076 3668 quidem,
2108 3613 2217 3653 non
2245 3609 2423 3655 tamen
2459 3598 2514 3654 in
2540 3603 2743 3670 quibus
2773 3600 3105 3673 disponebat
3135 3601 3404 3655 visionem

1836 3702 1999 3753 esse;
2030 3687 2145 3743 haec
2165 3689 2313 3743 enim
2351 3698 2509 3746 erant
2537 3690 2891 3760 benignitatis
2932 3702 2988 3746 et
3017 3691 3407 3762 indulgentiae;

1838 3776 1929 3831 illa
1950 3792 2082 3831 vero
2122 3777 2479 3833 aeternitatem
2526 3787 2691 3849 atque
2732 3780 3230 3837 immutabilitulem
3261 3772 3409 3836 desi-

1835 3869 2092 3941 gnabant,
2131 3871 2276 3940 quod
2323 3884 2389 3925 ex
2448 3871 2667 3941 propria
2705 3887 2813 3926 non
2860 3874 3139 3928 recederet
3186 3880 3405 3927 natura.

1835 3960 2036 4017 Deinde
2053 3960 2145 4017 ubi
2162 3975 2247 4017 me
2261 3962 2328 4017 ad
2345 3972 2599 4018 naturam
2615 3964 2796 4019 evexit
2815 3963 2964 4019 omni
2983 3963 3194 4018 visione
3212 3973 3266 4019 et
3278 3977 3408 4019 con-

1834 4051 2184 4121 templatione
2207 4052 2568 4124 superiorem,
2591 4054 2999 4125 interrogabam
3019 4054 3199 4109 adhuc
3233 4053 3407 4109 addu-

1833 4144 2010 4202 bitans
2047 4161 2062 4199 :
2096 4143 2154 4200 Si
2177 4145 2294 4201 haec
2316 4144 2391 4201 ita
2419 4160 2480 4202 se
2508 4146 2732 4214 habent,
2787 4162 3035 4215 quaenam
3069 4156 3152 4202 est
3180 4147 3406 4203 dextera

1830 4232 1993 4290 statio
2024 4241 2082 4289 et
2111 4234 2287 4291 sessio
2324 4244 2378 4291 et
2399 4236 2762 4291 materialium
2802 4237 3181 4292 babitudinum
3215 4238 3405 4307 dispo-

1830 4324 2199 4397 sitionumque
2217 4327 2467 4383 nomina?
2487 4325 2590 4383 Ubi
2604 4329 2751 4384 enim
2773 4329 2889 4385 hac
2908 4330 3089 4386 locum
3115 4331 3315 4385 habent
3344 4342 3404 4387 ut

1830 4415 2100 4482 dicantur,
2137 4418 2193 4473 in
2227 4416 2429 4489 quibus
2460 4428 2515 4474 et
2551 4420 2724 4476 multa
2755 4434 2971 4485 eorum,
3017 4437 3143 4491 quas
3172 4425 3395 4492 conspi-

1828 4507 2066 4575 ciuntur,
2102 4523 2209 4564 non
2241 4509 2383 4565 visio
2403 4518 2553 4576 sunt,
2577 4513 2673 4567 sed
2710 4512 3125 4584 imaginationis
3154 4516 3400 4571 delinea-

143 4594 415 4664 τήματος,
471 4597 717 4667 κρεῖττον
768 4597 938 4669 ἀκοῆς
988 4598 1091 4672 ἔφη
1146 4600 1246 4672 τὴν
1298 4602 1570 4674 έρώτησιν
1623 4606 1719 4660 καὶ⁵

1832 4596 1919 4652 tio.
1968 4596 2061 4653 Ille
2102 4598 2503 4655 dubitationum
2555 4601 2775 4656 auditor
2820 4604 3152 4673 int-repans,
3196 4617 3257 4660 ut
3302 4622 3401 4687 par

145 4688 350 4760 καιρὸν
370 4692 567 4746 οίκείον
595 4691 741 4764 ἔχειν
758 4693 859 4765 τῆς
879 4693 1292 4765 ἀποκαλύψεως.
1330 4697 1472 4767 Ἐγὼ
1498 4698 1556 4752 δὲ
1578 4698 1722 4769 φιλο-

141 4779 350 4834 νεικῶν
384 4780 467 4835 [si
512 4782 608 4836 καὶ
658 4783 772 4854 τδνι
800 4785 992 4857 καιρόν
1030 4801 1099 4858 με
1138 4790 1466 4857 συναγαγεῖν
1515 4806 1721 4862 παρεκο

138 4870 314 4927 ἀλουν
331 4874 520 4946 καὶμὴ
544 4876 643 4945 τῆς
657 4876 832 4948 καλῆς
859 4878 1181 4950 ἀποστερεῖν
1213 4880 1453 4949 ἐφέσεως
1468 4897 1484 4913 ’
1513 4883 1721 4948 έκεῖνος

136 4963 209 5017 δὲ
236 4962 331 5017 τοῦ
355 4963 650 5030 λυποῦντος
687 4967 763 5033 ὡς
790 4963 901 5023 οἷόν
929 4985 989 5023 τε
1031 4971 1127 5025 καὶ
1152 4971 1547 5042 ἀδημονοῦντος
1576 4974 1721 5028 ἀπάο

135 5070 262 5110 γων
288 5051 441 5109 οὔπω
457 5055 549 5109 τὸν
572 5056 762 5128 καιρὸν
787 5057 939 5127 ἔλεγε
970 5061 1250 5131 παρεῖναι·
1284 5059 1440 5116 οὔπω
1468 5062 1578 5133 γὰρ
1598 5063 1720 5117 οὐδὲ

133 5144 211 5198 τὸ
246 5143 360 5217 πῦρ
381 5145 443 5200 τὸ
468 5148 568 5220 τὴν
592 5148 903 5221 ἀφθαρσίαν
928 5151 1167 5207 ἀνάπτον
1196 5155 1254 5209 έν
1278 5156 1393 5219 τοῖς
1423 5154 1543 5209 καθ’
1562 5156 1714 5226 ἡμᾶς

130 5234 532 5305 ἀναφλέγεται.

206 5498 274 5553 δ’.
313 5498 531 5571 ταύτην
553 5498 649 5556 οὖν
673 5504 773 5576 τὴν
797 5505 1062 5561 ὀπτασίαν
1082 5510 1112 5563 6
1149 5510 1312 5576 καλὸς
1339 5514 1430 5566 καὶ
1466 5514 1711 5584 φιλόθεος

129 5590 234 5645 καὶ
261 5590 491 5655 παλαιὸς
516 5593 727 5657 ἐκεῖνος
751 5596 1093 5665 ἀπαγγείλας
1128 5600 1308 5672 γέρων
1338 5602 1400 5656 οὐ
1434 5604 1709 5673 μεγαλαυ-

128 5681 241 5749 xei,
280 5679 403 5733 οὐδὲ
455 5683 680 5736 τοιαῦτα
708 5686 1033 5757 τεθεαμένος
1079 5690 1403 5763 έπαίρεταιυ
1454 5694 1589 5750 ἀλλά
1617 5698 1712 5750 καὶ

127 5774 364 5839 ἄγνοιαν
397 5773 574 5844 ἑαυτῷ
631 5781 935 5845 προσάπτει
964 5780 1139 5849 λέγων
1162 5797 1175 5811 ⁸
1217 5784 1332 5838 Οὐκ
1368 5781 1484 5840 οἴδα
1532 5789 1581 5841 εἰ
1611 5790 1709 5843 σὺν

127 5859 213 5931 τῷ
244 5861 330 5931 χοῖ
361 5862 531 5919 ταῦτα
574 5865 833 5940 ἐθεάμην,
866 5870 973 5925 εἴτε
1020 5871 1142 5927 καθ’
1181 5874 1379 5947 ἑαυτὴν
1408 5877 1503 5950 τῆς
1530 5881 1706 5952 ψυχῆς

1821 4695 1962 4753 erat,
1991 4687 2264 4743 curiosam
2296 4688 2611 4744 instantiam
2648 4707 2748 4747 nec
2776 4692 2883 4747 frui
2918 4710 3006 4749 me
3037 4694 3223 4751 sitiens
3245 4688 3399 4766 qua:-

1821 4778 2014 4834 stionis
2042 4779 2331 4847 solutione,
2368 4798 2475 4837 nou
2517 4798 2677 4853 posse
2703 4785 2893 4840 auditu
2920 4789 3125 4859 percipi
3154 4791 3395 4844 interro-

1819 4869 2088 4939 gationem
2125 4871 2322 4940 inquit,
2344 4887 2574 4945 eamque
2620 4876 2902 4945 proprium
2938 4878 3139 4934 habere
3184 4883 3393 4935 revela-

1820 4960 1981 5017 tionis
2021 4970 2257 5033 tempus.
2282 4960 2398 5035 Ego
2441 4980 2569 5022 vero
2611 4966 2793 5023 adhuc
2814 4969 3157 5027 contendens
3179 4982 3230 5026 et
3255 4987 3393 5029 con-

1817 5054 1959 5110 trahi
2007 5055 2139 5111 milii
2226 5065 2440 5129 tempus
2513 5061 2780 5130 precabar
2829 5078 2931 5119 nec
2989 5079 3075 5119 me
3158 5064 3390 5123 honesta

1815 5146 2112 5217 cupiditate
2144 5146 2403 5205 fraudari.
2445 5149 2538 5206 Illo
2564 5159 2747 5208 autem
2775 5153 3045 5219 dolorem,
3088 5172 3197 5227 qua
3234 5167 3389 5229 pote-

1817 5246 1918 5304 rat,
1948 5238 2373 5312 mmstitiamque
2412 5242 2600 5300 levans
2630 5245 2876 5301 nondum
2926 5248 3122 5306 adesse
3169 5251 3389 5308 dicebat

1813 5340 2061 5401 tempus;
2112 5332 2351 5389 nondum
2393 5337 2538 5390 enim
2593 5337 2755 5407 ignis,
2804 5340 2899 5409 qui
2952 5340 3386 5413 incorruptibili-

1814 5431 1976 5478 tatent
2031 5424 2286 5495 impertit,
2314 5426 2456 5482 inter
2516 5443 2616 5485 nos
2673 5430 2849 5487 ardet.

1881 5510 1935 5568 ι.
1961 5511 2113 5569 lianc
2143 5514 2307 5585 igitur
2332 5517 2596 5573 visionem
2644 5520 2823 5579 bonus
2879 5523 2993 5588 ille.
3048 5526 3173 5596 pius
3218 5535 3384 5597 atque

1812 5609 2068 5680 antiquus
2102 5624 2266 5665 senex
2308 5614 2600 5669 enuntians
2636 5631 2741 5670 non
2772 5633 2832 5671 sc
2868 5622 3157 5686 magnitice
3183 5622 3376 5687 jactat.

1812 5715 1912 5756 ucc
1955 5715 2015 5757 se
2045 5703 2191 5770 quod
2231 5704 2345 5758 hinc
2396 5705 2591 5760 viderit
2628 5708 2858 5773 extollit,
2902 5712 2993 5765 sed
3029 5724 3084 5766 et
3122 5713 3378 5783 ignoran-

1810 5789 1937 5844 tiam
1962 5790 2065 5846 sibi
2100 5791 2289 5848 tribuit
2316 5792 2566 5863 inquiens
2594 5812 2606 5848 :
2650 5795 2866 5861 Nescio,
2898 5815 2966 5853 an
3000 5816 3123 5855 cum
3148 5818 3379 5871 corpore

1810 5890 2021 5937 terrcuo
2044 5880 2157 5938 hanc
2184 5882 2440 5949 iutucrcr,
2466 5899 2531 5940 au
2555 5902 2683 5942 vero
2710 5888 2887 5943 anima
2917 5903 3009 5958 per
3037 5907 3095 5946 sc
3118 5891 3184 5946 ad
3205 5889 3373 5947 Deum
