4162 6442
749 395 886 465 1103
1923 400 2187 462 ΡΗΟΤΙΙ
2223 403 2403 464 PATE

2461 404 2727 465 ARCH/E
2750 357 2874 466 (ΣΡ.
3873 401 4007 468 1104

745 509 1040 568 evolaverit
1080 520 1387 580 corpusque
1430 507 1498 564 ad
1557 508 1829 563 modicum
1881 513 2144 581 temporis
2198 513 2323 566 reli-
2351 522 2397 576 Α

2465 515 2802 586 νιπταμένης
2841 513 2978 585 πρὸς
3003 513 3064 567 τὸ
3093 517 3341 588 κρεῖττον
3365 515 3462 570 καὶ
3488 517 3552 570 τὸ
3594 517 3759 589 σῶμα
3783 517 4004 574 λειποὸ·

747 603 930 674 querit
970 615 1037 655 ac
1086 600 1479 671 conjunctione
1526 614 1591 656 ac
1635 599 1893 656 mistione
1916 616 2044 657 cum
2078 603 2198 673 ipsa
2228 618 2319 658 se-

2461 622 2523 675 ης
2548 606 2642 658 ἐπὶ
2681 603 2879 675 βραχὺ,
2909 603 3004 658 τοῦ
3030 605 3169 674 πρὸς
3220 605 3392 679 αὐτὴν
3420 607 3728 679 συνδέσμου
3769 626 4006 682 κεχωριο

751 699 1018 765 junctum.

2463 696 2622 767 μένον
2651 697 2748 750 καὶ
2775 697 2876 767 τῆς
2899 697 3279 769 ἀνακράσεως.

750 806 1079 877 QUESTIO
1112 805 1433 862 CCLXXIV.
1471 807 1660 876 [CoisL
1692 805 1918 872 CCXCI,
1954 804 2103 861 Maio
2135 807 2326 862 exinde

2943 810 3280 864 ΕΡΩΤΗΣΙΣ
3317 810 3478 869 ΣοΔ⁰ο

1032 899 1264 956 CCLXX
1278 898 1413 964 XIV,
1461 899 1628 954 Ταιιτ.
1669 898 1998 971 CCLXXX.]

892 987 1004 1044 Cur
1026 988 1276 1057 populum
1309 987 1578 1041 numerari
1605 986 1744 1042 Deus
1766 987 1988 1057 jusserit
2020 987 2175 1057 (73').

2461 986 2588 1040 ,ιατί
2623 985 2998 1055 προσέταξεν
3021 985 3421 1056 ἀριθμηθῆναι
3451 987 3561 1042 τὸν
3585 988 3748 1043 λαὸν
3769 989 3805 1043 ὁ
3827 987 4008 1056 Θούς;

1123 1099 1263 1150 Edita
1290 1114 1316 1148 a
1344 1101 1466 1149 Maio
1501 1098 1645 1162 (Nov.
1676 1100 1798 1151 Coll.
1829 1109 1864 1150 t.
1892 1100 1972 1160 lx,
2003 1117 2051 1164 p.
2085 1101 2215 1165 156).
2240 1129 2302 1140 —
2334 1100 2403 1154 De

2461 1108 2700 1151 iumerato
2728 1101 2823 1152 Dei
2847 1104 2992 1164 jussu
3037 1102 3237 1164 papulo.
3270 1101 3415 1151 Num.
3449 1114 3484 1163 ι,
3539 1102 3637 1152 1-3.

828 1185 904 1243 Ut
944 1199 1059 1240 suae
1100 1183 1479 1252 promissionis
1510 1188 1829 1240 ostenderet
1874 1186 2186 1241 veritatem.
2238 1185 2330 1240 Et-

2501 1187 2622 1241 ’Ίνα
2641 1189 2740 1257 τῆς
2767 1187 2976 1250 οἰκείας
3000 1186 3338 1255 ἐπαγγελίας
3368 1186 3519 1259 δείξῃ
3555 1188 3618 1240 τὸ
3640 1186 3851 1258 ἀληθές
3871 1202 3889 1218 ⁸
3918 1186 4013 1240 ὕπ-

756 1279 900 1332 enim
933 1278 1202 1347 promissa
1227 1276 1503 1331 Abraham
1529 1275 1762 1342 faciens,
1796 1278 2013 1333 dixerat
2042 1296 2056 1331 :
2094 1297 2113 1330 ι
2151 1277 2331 1334 Multi-

2461 1280 2783 1352 σχνούμενος
2834 1280 2944 1351 γὰρ
2989 1278 3068 1350 τῷ
3127 1277 3381 1350 ’Δϐραάμ
3434 1278 3540 1349 ἔφη
3565 1295 3581 1310 ·
3642 1297 3662 1330 ι
3717 1279 4014 1349 Πληθὺνιιιν

758 1371 969 1441 plicans
997 1369 1374 1438 multiplicabo
1395 1383 1585 1426 semen
1617 1381 1770 1425 tuum
1802 1371 1948 1426 sicut
1975 1371 2159 1426 stellas
2182 1372 2329 1435 coeli,

2461 1371 2685 1441 πληθυνῶ
2714 1371 2775 1425 τὸ
2807 1371 3034 1442 σπέρμα
3064 1387 3158 1424 σου
3185 1370 3263 1434 ὡς
3292 1371 3418 1434 τοὺς
3449 1370 3687 1441 ἀστέρας
3721 1370 3821 1424 τοῦ
3855 1370 4013 1440 obpa-

759 1467 813 1511 ιιι
859 1458 1010 1514 velut
1057 1473 1278 1513 arenam
1327 1473 1450 1527 quae
1493 1468 1580 1514 est
1627 1460 1682 1512 in
1731 1460 1915 1514 littore
1971 1461 2142 1513 maris
2183 1461 2249 1511 ⁷⁷.
2305 1480 2322 1510 ι

2461 1463 2519 1516 οὗ
2549 1463 2643 1516 καὶ
2665 1463 2742 1525 ὼς
2765 1463 2866 1529 τὴν
2879 1449 3071 1533 άμμον
3092 1461 3191 1532 τὴν
3218 1463 3369 1533 παρὰ
3393 1462 3453 1515 τὸ
3478 1462 3659 1531 χεῖλος
3680 1462 3790 1530 τῆς
3819 1461 4016 1516 θαλάσ-

760 1552 1032 1606 Caeterum
1094 1551 1485 1621 promissionis
1533 1551 1822 1607 veritatem
1873 1555 2149 1617 ostendit;
2199 1568 2326 1606 nam

2461 1572 2530 1623 ἠς
2555 1572 2570 1588 ⁸
2606 1573 2624 1604 ι
2664 1555 2830 1621 ἔδειξε
2858 1555 2968 1622 γὰρ
2994 1553 3094 1625 τὴν
3118 1554 3215 1623 τῆι,
3262 1553 3598 1623 ἐπαγγελίας
3625 1553 3898 1623 ἀλήθειαν
3918 1571 3932 1584 ο
3959 1556 4017 1607 ἐκ

760 1659 883 1714 quae
910 1660 1036 1701 cum
1091 1648 1157 1700 de
1202 1642 1440 1716 A'ngpto
1487 1646 1697 1712 egressi
1730 1643 1966 1699 fuissent
1992 1646 2330 1714 septuaginta

2461 1646 2593 1699 πέντε
2622 1646 2732 1716 γὰρ
2770 1646 2862 1698 καὶ
2892 1645 3266 1716 ἑϐδομήκοντα
3281 1644 3392 1698 τῶν
3437 1647 3516 1709 είς
3552 1645 3840 1713 Αἴγυπτον
3892 1663 4018 1699 κατ-

760 1745 816 1790 et
845 1735 1091 1806 quinque
1123 1734 1376 1799 millium,
1410 1743 1523 1788 tum
1558 1743 1817 1789 sexcenta
1841 1734 1945 1789 tria
1975 1733 2141 1788 millia
2172 1733 2334 1804 quin-

2461 1737 2714 1802 λθόντων,
2770 1735 3048 1801 ἑξακόσιαι
3073 1735 3309 1806 χιλιάδες
3335 1736 3431 1790 καὶ
3449 1735 3745 1805 τρισχίλιοι
3775 1736 3876 1788 καὶ
3898 1735 4019 1800 ἑξα-

760 1827 907 1898 genti
970 1827 1367 1897 quinquaginta
1431 1828 1674 1883 virorum
1707 1829 1982 1883 numerati
2013 1836 2162 1891 sunt.
2229 1828 2328 1896 qui

2461 1831 2606 1883 ιόσιοι
2629 1830 2721 1881 καὶ
2744 1829 3084 1898 πεντήκοντα
3099 1827 3487 1900 ἠριθμήθησαν
3509 1828 3701 1898 ἄνδρες
3729 1829 4018 1896 δυνάμενοι

762 1927 1009 1988 poterant
1041 1919 1108 1973 ad
1155 1919 1293 1974 bella
1323 1918 1644 1990 procedere,
1675 1929 1900 1989 excepta
1949 1917 2336 1988 intempestiva

2461 1919 2710 1989 πολεμεῖν,
2742 1919 2835 1971 καὶ
2867 1917 3075 1988 ἐξώρου
3119 1917 3338 1989 ἡλικίας
3363 1916 3584 1988 καὶτῆς
3615 1917 3804 1990 άώρου
3850 1935 4019 1987 next»-

759 2019 815 2063 et
864 2008 1156 2063 immatura
1211 2019 1374 2064 :etate
1423 2017 1474 2063 et
1537 2007 1779 2063 femineo
1813 2023 2034 2079 genere,
2086 2017 2142 2062 et
2188 2008 2332 2062 tribu
2362 1995 2403 2055 Β

2461 2010 2721 2081 μισμένης,
2755 2011 2850 2064 καὶ
2879 2011 3063 2082 μέντοι
3115 2012 3211 2062 καὶ
3233 2008 3328 2063 τοῦ
3351 2009 3540 2079 θήλεος
3571 2011 3772 2079 γένους
3801 2010 3903 2062 καὶ
3928 2012 4019 2078 τῆς

763 2099 912 2155 Levi.
968 2098 1124 2154 Hanc
1175 2116 1333 2156 suam
1391 2100 1552 2156 docet
1617 2102 1919 2171 potentiam
1969 2100 2143 2166 Deus,
2203 2114 2329 2155 cum

2461 2105 2715 2173 »ευῖτικῆς
2753 2103 2928 2172 φυλῆς
2949 2119 2963 2134 ·
2995 2101 3198 2173 ταύτην
3224 2102 3391 2155 αὑτοῦ
3425 2102 3694 2155 διδάσκων
3724 2101 3832 2171 τὴν
3869 2101 4022 2155 δύναο

760 2193 940 2249 dicit:
979 2211 998 2244 ι
1037 2194 1317 2248 Attendite
1375 2193 1443 2248 ad
1486 2193 1762 2248 Abraham
1834 2203 2041 2262 patrem
2087 2203 2332 2248 vestrum

2461 2212 2535 2247 ιιν
2554 2195 2582 2246 ὁ
2605 2194 2736 2258 Θεὸς
2766 2195 2860 2247 καὶ
2883 2194 2975 2248 διὰ
3000 2193 3096 2247 τοῦ
3112 2194 3332 2247 Ἡσαΐου
3360 2195 3462 2264 ἔφη
3487 2211 3502 2226 ο
3526 2213 3546 2245 ι
3567 2194 3922 2264 Eponam»:
3950 2196 4021 2256 εις

761 2295 816 2337 et
859 2282 929 2338 ad
972 2279 1166 2339 Saram
1209 2298 1333 2353 quae
1378 2285 1588 2353 peperit
1637 2285 1912 2354 vos,quia
1948 2299 2116 2338 unum
2144 2283 2334 2339 vocavi

2461 2286 2710 2356 Ἀϐραὰμ
2755 2287 2849 2340 τὸν
2898 2287 3113 2356 πατέρα
3164 2286 3319 2355 ὑμῶν
3354 2286 3451 2339 καὶ
3510 2288 3589 2350 εἰς
3640 2287 3871 2356 Σάρραν
3934 2287 4023 2355 τὴν

760 2389 912 2440 cum,
938 2383 996 2430 et
1023 2375 1380 2443 multiplicari
1410 2390 1536 2431 eum
1565 2375 1631 2427 ⁷⁸.
1670 2397 1686 2426 ι

2461 2377 2709 2431 ὒδίνασαν
2748 2377 2923 2446 ὑμᾶς.
2957 2378 3039 2429 ὃτι
3069 2370 3150 2439 εἷς
3186 2372 3276 2445 ἦν,
3309 2376 3405 2430 καί
3433 2376 3672 2430 ὲκάλεσα
3711 2377 3906 2444 αὑτὸν,
3941 2381 4024 2430 καὶ

2445 2468 2718 2537 ἐπλήθυνα
2748 2467 2932 2521 αὐτόν.
2972 2486 2990 2517 ι

763 2572 1093 2640 QUESTIO
1107 2573 1384 2631 CCLXX"
1413 2573 1604 2646 [CoisL
1643 2577 1866 2642 CCCVI,
1900 2578 2064 2632 Tnur.
2089 2578 2337 2641 CCXCV,

2960 2581 3294 2636 ΕΡΩἸἩΣΙΣ
3329 2581 3456 2637 ΣΟΕ
3477 2623 3493 2638 .

1258 2667 1401 2722 Maio
1440 2667 1819 2740 Ορωιχχη

767 2756 886 2824 Qua
914 2758 978 2813 de
999 2775 1164 2814 causa
1215 2759 1394 2835 [utimr
1415 2759 1692 2835 exn/tordeo
1718 2776 1826 2835 pr_o_
1845 2762 2065 2816 muliere
2085 2776 2336 2816 accusata

2461 2767 2598 2819 irati
2627 2765 2889 2835 ἄλευρον
2911 2767 3181 2834 κρίθινον
3203 2765 3356 2832 ὑπὲρ
3391 2763 3504 2832 τῆς
3528 2761 4026 2835 ὑποπτευομένῃ

1222 2829 1395 2898 stupri
1427 2830 1713 2897 a/ferretur
1742 2831 1877 2900 (74).

2773 2829 3180 2906 ’μοιχευθῆναι
3207 2829 3711 2905 προσεκομίζετος

1593 2941 1785 2994 Editaa
1810 2945 1932 2994 Maio
1963 2946 2019 3005 (ι.
2043 2959 2086 2995 c.
2112 2960 2159 3008 p.
2198 2946 2304 3007 156,
2338 2948 2468 3011 157).
2497 2979 2553 2986 —
2577 2951 2652 3000 De
2684 2957 2825 3001 textu
2857 2950 3001 3001 Num.
3036 2962 3084 3011 ν,
3117 2949 3196 2999 15.

838 3026 958 3099 ipse
987 3027 1250 3082 Dominus
1293 3028 1585 3099 explicavit
1621 3032 1850 3088 dicens:
1886 3052 1905 3085 ι
1943 3033 2082 3100 Quia
2128 3035 2341 3092 sacriﬁ-

2513 3040 2682 3102 Αὑτδς
2716 3042 2744 3094 ὁ
2781 3039 3058 3105 Δεσπότης
3089 3039 3434 3110 ὴρμήνεδσεν
3456 3053 3472 3068 ο
3503 3053 3523 3086 ι
3551 3034 3708 3087 Ἐστι
3733 3034 3874 3103 γάρ,
3913 3033 4028 3102 [vf-1|,

767 3122 916 3175 cium
966 3122 1248 3192 zelotypiae
1307 3132 1408 3186 est,
1451 3122 1786 3179 sacriﬁcium
1828 3126 2246 3192 recordationis,
2293 3137 2348 3183 et

2461 3129 2608 3185 Ξυσία
2651 3129 3007 3198 ζηλοτυπίας,
3057 3128 3220 3183 θυσία
3271 3125 3645 3198 μνημοσύνου,
3690 3123 3862 3177 θυσία
3908 3124 4032 3176 tv:-

770 3213 973 3267 oblatiu
1000 3214 1298 3284 zelotypic.
1322 3234 1340 3266 ι
1369 3213 1498 3270 lnde
1534 3231 1713 3286 neque
1741 3217 1942 3277 oleum.
1998 3235 2176 3289 neque
2221 3223 2349 3278 thus

2461 3220 2838 3290 μιμνήσκουσα
2886 3219 3194 3290 ἁμαρτίανο
3235 3237 3254 3270 ι
3294 3217 3417 3271 ὅθεν
3460 3216 3582 3270 οὐδὲ
3626 3214 3818 3268 ἔλαιον
3871 3213 4032 3281 αὐτὴν

772 3305 828 3356 in
879 3304 983 3358 hoc
1029 3305 1297 3360 sacrilieio
1348 3320 1470 3360 esse
1510 3305 1712 3375 jussit;
1769 3310 2022 3364 orbatum
2066 3322 2152 3366 est
2201 3314 2348 3368 enim

2461 3313 2571 3365 δῦδὲ
2605 3312 2820 3366 λίϐανον
2853 3314 2996 3383 ἔχειν
3044 3312 3412 3382 προσέταξεν·
3458 3310 3762 3380 ἐστέρηται
3804 3309 3919 3378 γὰρ
3949 3311 4034 3360 καὶ

773 3397 1057 3452 suavitatis
1089 3407 1140 3450 et
1163 3396 1390 3464 iustitiae
1423 3399 1564 3453 luce.
1614 3398 1740 3463 Hoc.
1777 3404 2034 3474 praecepit
2072 3405 2403 3502 legislator(

2461 3405 2550 3470 τῆς
2579 3404 2808 3467 εὐωδίας
2837 3406 2932 3457 καὶ
2974 3404 3070 3456 τοῦ
3102 3404 3197 3478 τῆς
3229 3401 3579 3472 δικαιοσύνης
3612 3401 3838 3469 φωτόςο
3885 3398 4034 3452 τοῦτο

773 3504 936 3559 quem
970 3506 1076 3543 non
1120 3488 1400 3559 fugiebant
1443 3492 1732 3549 homicida:
1777 3493 2090 3550 Judmorum
2138 3499 2347 3569 eogita-
2381 3488 2403 3502 “

2461 3496 2555 3566 μέν
2577 3513 2659 3548 τοι
2689 3495 2935 3564 γίνεσθαι
2968 3494 3361 3564 νενομοθέτηκε
3389 3495 3489 3562 τὴν
3526 3492 3823 3560 μιαιφόνον
3864 3490 4036 3544 αὐτῶν

775 3582 986 3645 tiones;
1018 3598 1084 3635 ne
1113 3583 1258 3636 enim
1290 3583 1437 3636 tenui
1474 3583 1542 3637 de
1566 3586 1882 3654 suspicione
1910 3587 2175 3658 conjnges
2201 3591 2352 3644 occi—

2461 3588 2816 3657 ὲπιστὰμενος
2840 3586 3066 3655 γνώμην
3088 3602 3103 3618 ο
3131 3585 3219 3639 ἵνα
3245 3585 3356 3653 γὰρ
3398 3583 3475 3654 μὴ
3517 3582 3576 3648 ἐξ
3603 3581 3853 3648 ὑποψίας
3878 3599 4036 3634 κατα-

776 3674 990 3737 derenl,
1027 3681 1336 3742 suspectam
1362 3674 1560 3729 adduci
1595 3677 1768 3731 voluit
1797 3679 1863 3732 ad
1891 3696 2015 3733 eum
2047 3681 2138 3750 qui
2163 3683 2350 3736 omnia

777 3766 963 3822 abdita
994 3767 1162 3820 etiam
1186 3767 1474 3836 perspicue
1499 3771 1672 3824 novit.
1714 3791 1732 3822 ι
1763 3771 1967 3826 Οιῐειδυι
2011 3773 2175 3843 igitur
2207 3789 2352 3840 eam,

777 3853 974 3924 inquit,
1034 3854 1290 3910 sacerdos
1345 3865 1400 3910 et
1448 3865 1651 3913 statuet
1688 3875 1872 3913 coram
1910 3860 2163 3926 Dmnino,
2197 3878 2355 3918 assu-

777 3955 999 4015 metque
1041 3962 1240 4018 aquam
1271 3961 1540 4014 sanetam,
1564 3950 1753 4005 vivens
1773 3967 1958 4006 coram
1980 3953 2212 4009 Domino
2231 3955 2298 4019 ⁷³,
2327 3974 2347 4007 ι

779 4047 836 4093 et
864 4039 1093 4110 reliqua.
1130 4040 1257 4094 Haec
1302 4049 1485 4095 autem
1513 4043 1698 4096 omnia
1741 4042 1859 4098 ﬁeri
1889 4059 1918 4098 a
1980 4046 2212 4100 muliere
2258 4062 2354 4101 su-

782 4142 965 4204 specta
1011 4133 1274 4203 praacipit,
1312 4143 1369 4188 ut
1396 4135 1646 4203 perculsa
1671 4137 1886 4203 timore,
1920 4139 1966 4192 si
1992 4139 2354 4208 peccavisset,

785 4225 1134 4282 conﬁteretur
1149 4237 1202 4280 et
1220 4241 1316 4295 per
1335 4227 1713 4294 paenitentiam
1735 4229 1943 4298 peccati
1970 4230 2356 4288 remissionem

786 4314 1082 4382 acciperet.
1130 4313 1500 4379 Quamobrem
1556 4318 1717 4383 hanc,
1778 4318 1992 4375 deteclo
2032 4321 2232 4391 capite,
2288 4322 2357 4378 ad

787 4405 1079 4460 Dominum
1132 4405 1258 4461 duci
1290 4407 1475 4475 jubet,
1519 4407 1606 4462 his
1631 4408 1796 4464 dictis
1832 4428 1847 4464 :
1886 4429 1904 4463 ι
1945 4409 2144 4467 Omnia
2174 4423 2355 4468 autem

787 4496 933 4549 nuda
967 4505 1020 4549 et
1048 4507 1234 4565 aperta
1259 4509 1385 4552 sunt
1405 4499 1580 4554 oculis
1609 4499 1727 4568 ejus
1753 4501 1823 4556 ⁸⁸.
1861 4519 1881 4554 ι
1921 4502 1962 4556 Ε
1994 4504 2358 4574 sequentibus

786 4589 930 4644 haud
952 4589 1180 4644 dubium
1206 4599 1288 4646 est
1310 4593 1442 4661 quin
1465 4593 1537 4646 ita
1559 4593 1845 4648 mulierem
1873 4602 2077 4652 terrere
2103 4597 2356 4651 voluerit.

793 4701 811 4731 ι
848 4681 1249 4751 Adjurabitque
1295 4699 1439 4747 eam,
1499 4693 1554 4738 et
1596 4684 1741 4741 dicet
1778 4687 1994 4742 mulieri
2048 4689 2355 4744 sacerdos:

2457 3678 2709 3732 κτείνωσι
2746 3677 2846 3741 τὰς
2875 3676 3197 3748 ὁμοζύγους,
3236 3672 3494 3728 ὲκέλευσε
3521 3674 3622 3745 τὴν
3653 3673 4035 3740 δποπ-τευομὲο

2457 3787 2554 3839 νην
2581 3769 2734 3841 αὐτῷ
2775 3769 3224 3840 προσενεχθῆναι,
3263 3766 3359 3821 ἅτε
3393 3767 3460 3838 δὴ
3498 3767 3680 3820 πάντα
3710 3767 3816 3820 καὶ
3857 3767 3928 3819 τὰ
3952 3767 4038 3818 λα-

2456 3863 2620 3934 θραῖα
2660 3862 2848 3932 σαφῶς
2893 3861 3275 3932 ὶπιιιταμένῳ⁸
3311 3879 3333 3912 ι
3375 3861 3807 3932 Προσάξειγάρ,
3858 3863 4040 3930 φησιν,

2456 3957 2484 4008 ό
2509 3956 2689 4026 ἱερεὺς
2711 3956 2804 4010 καὶ
2833 3957 3018 4024 στήσει
3046 3955 3145 4024 τὴν
3185 3957 3421 4023 γυναῖκα
3449 3954 3634 4008 ἔναντι
3664 3951 3767 4006 τοῦ
3815 3953 4040 4023 Κυρίου,

2458 4052 2552 4102 καὶ
2582 4050 2811 4120 λήψεται
2841 4050 2870 4102 ό
2905 4050 3082 4119 ἱερεὺς
3115 4047 3258 4117 ὕδωρ
3293 4045 3534 4117 καθαρὸν
3558 4033 3675 4112 ’ζῶν
3709 4047 3904 4100 ἔναντι
3945 4047 4044 4099 Κυ-

2461 4143 2610 4214 ρίου·
2648 4162 2668 4195 ι
2709 4142 2805 4196 καὶ
2851 4141 3007 4211 ἑξῆς·
3038 4140 3210 4194 ταῦτα
3247 4139 3304 4192 δὲ
3335 4140 3512 4193 πάντα
3551 4139 3821 4207 γενέσθαι
3887 4154 4045 4207 προσ·

2458 4233 2637 4303 έταξε,
2660 4235 2759 4304 τὴν
2783 4234 3016 4304 γυναῖκα
3047 4232 3147 4302 τὴν
3184 4231 3634 4302 ὑποπτευομὲνην
3677 4229 4048 4300 ὲκδειματῶν,

2462 4329 2548 4382 ἶνα
2575 4331 2624 4383 εἰ
2647 4329 2976 4399 ἐξήμαρτεν,
3003 4325 3315 4397 ὁμολογήσῃ
3347 4327 3443 4378 καὶ
3464 4324 3554 4378 διὰ
3584 4323 3894 4393 μετανοίας
3916 4322 4050 4390 λάϐῃ

2459 4421 2558 4492 τὴν
2580 4421 2775 4488 ἄφεσιν
2799 4435 2814 4450 ⁸
2860 4418 3052 4472 τούτου
3082 4418 3241 4488 χάριν
3289 4419 3381 4470 καὶ
3422 4415 3739 4470 ἀκάλυπτον
3767 4416 3954 4484 αὐτὴν
3982 4413 4046 4481 τῷ

2460 4513 2578 4582 Θεῷ
2631 4510 3062 4583 προσενεχθῆναι
3108 4509 3356 4572 κελεύει,
3408 4507 3679 4561 διδάσκων
3726 4508 3822 4560 ὅτι
3872 4507 4042 4575 γυμνὰ

2461 4607 2638 4676 πάντα
2687 4605 2781 4657 καὶ
2813 4601 3285 4674 τετραχηλισμένα
3328 4598 3558 4653 ἐνώπιον
3596 4597 3770 4652 αὑτοῦ
3799 4613 3817 4627 ⁸
3867 4600 3950 4652 ὅτι
3995 4597 4042 4648 δὲ

2463 4697 2658 4761 ταῦτα,
2695 4695 3060 4764 δεδιττόμενος
3105 4694 3297 4763 αὐτὴν,
3325 4690 3578 4762 γενέσθαι
3621 4691 3960 4754 κεκέλευκε,
3984 4691 4040 4740 τὰ

790 4774 847 4828 Si
874 4790 982 4828 non
1021 4775 1280 4830 dormivit
1304 4776 1383 4829 vir
1406 4776 1618 4831 alienus
1651 4786 1853 4844 tecum,
1883 4789 1936 4835 et
1962 4781 2007 4836 si
2033 4797 2139 4836 non
2155 4782 2359 4852 polluta
2393 4761 2403 4817 Ῑ

2467 4790 2592 4859 ἑξῆς
2643 4761 2939 4858 μαρτυρείο
2983 4806 3000 4838 ι
3041 4785 3150 4839 Καὶ
3205 4761 3385 4857 ὁρκιεί
3432 4783 3601 4852 αὐτὴν
3647 4785 3678 4836 ὁ
3717 4783 3914 4853 ίερεὺς
3961 4783 4041 4835 καὶ

789 4881 872 4930 es,
915 4865 1129 4921 deserto
1157 4870 1337 4923 mariti
1393 4879 1538 4934 toro,
1590 4885 1699 4926 non
1750 4873 1850 4925 tibi
1890 4875 2167 4929 nocebunt
2205 4891 2366 4946 aqua:

2464 4880 2582 4948 ἐρεῖ
2606 4880 2671 4948 τῇ
2708 4874 2960 4944 γυναικί·
2993 4873 3055 4928 Εἰ
3089 4874 3164 4944 μὴ
3192 4873 3519 4943 κεκοίμηταί
3552 4889 3635 4934 τις
3669 4873 3821 4940 μετὰ
3854 4871 3970 4932 σοῦ,
4002 4872 4041 4922 εἰ

790 4960 907 5014 istae
933 4961 1310 5016 amarissimw.
1338 4961 1429 5015 Sin
1464 4974 1647 5019 autem
1679 4964 1965 5021 declinasti
1994 4982 2026 5021 a
2053 4967 2171 5023 viro
2193 4979 2310 5034 tuo,
2342 4989 2361 5022 ι

794 5062 850 5108 et
879 5054 1089 5123 reliqua
1121 5072 1136 5109 :
1179 5073 1196 5105 ι
1223 5055 1291 5108 ad
1314 5065 1530 5124 tempus
1569 5056 1660 5112 det
1690 5067 1743 5110 te
1781 5059 2043 5114 Dominus
2094 5062 2148 5114 in
2193 5062 2364 5115 male-

2468 4970 2542 5040 μὴ
2565 4968 2960 5040 παραϐέϐηκας
2990 4965 3282 5038 μιανθῆναι
3313 4965 3418 5018 ὑπὸ
3449 4965 3542 5016 τὸν
3580 4963 3753 5035 ἄνδρα
3789 4965 4042 5031 σξαήςν

2465 5062 2640 5125 sono;
2684 5061 2792 5115 ἴσθι
2842 5061 2950 5114 άπὸ
2992 5058 3087 5113 τοῦ
3130 5056 3364 5127 ὲλεγμοῦ
3409 5056 3506 5110 τοῦ
3548 5055 4044 5126 ἐπικαταρωμὲνου

794 5148 1110 5214 dictionem,
1163 5149 1592 5219 exemplumque
1655 5163 1981 5208 cunctorum
2046 5153 2100 5207 in
2163 5158 2366 5225 populo

2463 5153 2655 5205 τούτου
2678 5169 2692 5182 ·
2726 5152 2774 5204 εἰ
2823 5150 2881 5203 δὲ
2932 5147 3346 5220 παραϐέϐηκας,
3388 5145 3658 5216 ὕπανδρος
3697 5142 3873 5209 οὖσα,
3913 5165 3933 5196 ι
3966 5143 4046 5194 καὶ

793 5249 925 5305 tuo;
961 5248 1276 5309 putrescere
1318 5238 1482 5294 iaciat
1512 5239 1689 5295 femur
1721 5251 1896 5306 tuum,
1930 5253 1985 5297 et
2028 5252 2218 5299 uterus
2253 5245 2367 5300 dis-

789 5340 1076 5399 rumpatur
1097 5332 1166 5384 εί.
1207 5352 1223 5383 ι
1259 5330 1419 5387 Jussa
1447 5342 1566 5387 erat
1597 5334 1796 5389 mulier
1828 5335 1915 5390 his
1961 5334 2219 5404 precibus
2269 5352 2358 5392 as-

789 5425 1003 5490 sentiri,
1036 5441 1100 5482 ac
1134 5425 1464 5495 respondere
1501 5443 1514 5480 :
1565 5428 1762 5482 Arnen.
1807 5442 1987 5483 amen.
2022 5429 2359 5501 Praeceptum

2467 5244 2618 5313 ἑξῆς,
2646 5244 2803 5307 ἓως,ι
2839 5242 2912 5294 Οὐ
2959 5239 3070 5311 δῴη
3107 5256 3190 5292 σοι
3213 5238 3415 5306 Κύριος
3445 5239 3502 5290 ὲν
3531 5237 3642 5306 ἀρᾷ
3675 5235 3778 5288 καὶ
3808 5235 4048 5305 ἐνόρκιον

2467 5339 2526 5391 ὲν
2562 5337 2713 5406 μέσῳ
2739 5334 2834 5388 τοῦ
2871 5333 3002 5387 λαοῦ
3037 5350 3153 5397 σου,
3180 5334 3238 5385 ὲν
3282 5329 3572 5401 τῷιδοῦναι
3612 5329 3705 5383 τὸν
3743 5331 3938 5400 μηρόν
3966 5342 4048 5379 σου

2473 5427 2951 5499 περιπεπτωκέναι
2966 5425 3063 5479 καὶ
3085 5424 3186 5494 τὴν
3217 5422 3428 5478 κοιλίαν
3452 5439 3546 5478 σου
3575 5422 3976 5493 πεπρωμένην
3996 5437 4008 5450 ·
4027 5435 4044 5468 ι

869 5591 912 5625 τ’
939 5590 1136 5650 Genes.
1168 5609 1279 5660 xvi,
1315 5595 1398 5647 10.
1478 5592 1524 5622 ⁷⁸
1562 5590 1690 5648 Isai.
1726 5609 1801 5662 LI,
1836 5593 1890 5649 2.
1967 5595 2015 5625 ⁷⁹
2045 5591 2208 5649 Num.
2273 5608 2332 5654 ν.
2369 5593 2403 5645 il

2473 5645 2481 5652 .
2531 5593 2575 5624 '°
2605 5591 2737 5648 ibid.
2775 5589 2861 5672 18..
2903 5589 2949 5621 ⁸¹
2979 5589 3110 5645 ibid.
3163 5586 3252 5654 19,
3280 5586 3372 5643 21.

2305 5683 2511 5738 ΝΟΤᾹΞ
2527 5727 2536 5735 .

865 5773 1000 5844 (75')
1032 5777 1357 5844 Deprmnptn
1397 5785 1478 5828 est
1513 5775 1625 5829 hate
1667 5789 1892 5838 runcatio
1929 5792 1991 5831 cx
2029 5774 2357 5832 Theodoreti

791 5864 848 5923 η.
876 5849 928 5902 in
951 5845 1174 5902 Numer.
1207 5857 1241 5900 ι.
1270 5845 1481 5910 LXXX,
1521 5861 1572 5914 p.

2542 5775 2649 5840 (τί)
2681 5772 2801 5826 Ilaec
2833 5786 3052 5840 quoque
3079 5785 3144 5840 ex
3177 5766 3631 5840 _'l:i_i_et_nloretg__q.
3677 5766 3738 5819 10
3785 5766 3848 5822 in
3891 5767 4045 5821 Num.

2475 5835 2762 5916 duSrripsit
2794 5835 3042 5898 l‘bultus.
3076 5838 3138 5893 Τ.
3175 5835 3385 5898 LXXX,
3414 5850 3468 5904 p.
3497 5835 3620 5889 358.
