4162 6442
164 398 313 466 1105

834 416 937 477 AD
966 418 1560 488 AMPHILOCHIUM
1594 425 1942 499 ριΜεεΤιο
1977 424 2678 489 CCLXXIV-CCLXXVI.

3288 428 3428 498 1106

162 512 426 607 εκίλευσε
472 512 532 569 δι
561 515 659 570 καὶ
689 517 790 589 τήν
836 526 1073 591 γυναῖκα
1122 528 1466 586 συντίθεσθαι
1504 534 1572 605 τῇ
1602 533 1711 605 ἀρᾷ
1732 574 1749 597 ,
1777 569 1789 595 λ

1871 546 2075 603 ιιιοιιυο
2128 541 2249 589 erat
2294 532 2400 589 ista
2470 533 2761 590 maledicta
2819 536 3107 592 scribenda
3157 553 3304 607 esse,
3368 550 3427 599 et

166 605 269 660 καὶ
290 606 471 677 λέγειν
488 621 503 637 ⁸
532 608 784 668 Γένοιτό
808 633 911 683 μοι
929 633 943 648 ·
972 618 1206 688 γένοιτό
1224 640 1327 691 μοι
1350 639 1365 655 ο
1399 624 1496 678 καὶ
1532 627 1751 697 γραφῆ-

166 716 262 753 ναι
285 698 343 753 δὲ
370 700 472 771 τήν
500 700 641 771 άρὰν
670 706 974 775 προσέταξε
1016 713 1113 765 καὶ
1142 712 1526 787 ἐξαλειφθῆναι
1561 715 1714 770 ὕδατι
1732 735 1750 752 ο

167 792 271 844 καὶ
306 793 451 846 πιεῖν
486 794 589 865 τήν
632 799 872 865 γυναῖκα
895 800 958 853 τδ
1004 799 1149 873 ὕδωρ
1172 819 1189 834 ο
1238 805 1503 875 πρότερον
1550 807 1609 861 δὲ
1653 806 1753 878 τὴν

170 882 369 937 θυσίαν
400 887 852 957 προσενεχθῆναι,
898 892 1178 949 τουτέστιν
1224 894 1287 949 τὸ
1325 897 1565 968 κρίθινον
1592 900 1755 955 άλευ-

174 987 307 1041 ρονο
340 968 461 1027 εἷτα
510 973 752 1031 διδάσκει
776 978 855 1043 ὡς
883 980 1063 1046 άθῶος
1114 985 1213 1053 μὲν
1239 980 1396 1051 οὖσα,
1448 985 1609 1058 ὑγιὴς
1654 1004 1756 1056 φυ⁶

171 1063 543 1135 λαχθήσεται·
596 1066 778 1138 ἔνοχος
828 1071 887 1126 δὲ
941 1072 1075 1128 οὖσα
1127 1076 1224 1130 καὶ
1278 1078 1628 1148 κρύπτουσα,
1684 1083 1754 1152 τῇ

175 1153 349 1225 πείρᾳ
381 1153 687 1225 μαθήσεται
724 1159 825 1229 τῆς
854 1162 999 1232 άρᾶς
1040 1164 1142 1235 τὴν
1171 1166 1345 1237 ἰσχὺν,
1386 1168 1603 1240 καὶτῆς
1638 1188 1755 1224 κοι-

175 1243 305 1329 λίας
342 1244 818 1319 διαρῤηγνυμένης
848 1254 945 1307 ιια)⁸
989 1255 1085 1309 τοῦ
1131 1259 1309 1329 μηροῦ
1339 1259 1717 1326 διαπίπτοντος
1737 1279 1756 1297 ·

176 1333 248 1385 δι’
281 1328 358 1388 ὦν
389 1336 500 1407 γάρ
532 1338 566 1409 ή
595 1339 865 1410 άμαρτία,
893 1342 982 1399 διά
1011 1328 1223 1402 τούτων
1245 1350 1572 1422 ήτιμωρίαο
1609 1352 1671 1406 τὸ
1701 1354 1759 1408 δὲ

182 1426 430 1496 ἐνόρκιον
460 1430 604 1482 οὕτω
640 1435 860 1501 νοπτεον
882 1452 898 1468 ·
922 1436 1050 1490 ὅταν
1073 1455 1159 1504 τις
1184 1439 1336 1495 δεινά
1365 1443 1461 1496 καὶ
1485 1444 1762 1513 ἀνήκεστα

181 1514 357 1585 πάθη,
382 1518 608 1572 είώθασί
631 1538 778 1586 τινες
805 1523 1068 1597 ὀμνύντες
1097 1528 1300 1599 λέγειν,
1329 1532 1423 1605 Μή
1464 1533 1696 1605 πάθοιμι
1723 1536 1761 1589 ἃ

182 1608 213 1659 ὀ
244 1607 391 1661 δεῖνα
422 1609 708 1667 πέπονθεν.

692 1727 1028 1785 era-mm:
1074 1733 1253 1802 Σοςο.

190 1806 365 1879 τινος
404 1810 615 1868 ἕνεκεν·
1172 1824 1356 1892 εὐθὺς·
1417 1827 1627 1899 ἐπάγει
1653 1829 1761 1897 τὰς
1791 1883 1834 1939 Β

815 1892 1126 1960 “punias;

1854 625 2011 694 aquis
2031 625 2320 691 deluenda,
2349 639 2521 695 aquas
2540 633 2722 681 autem
2748 627 2965 684 mulieri
2992 630 3423 700 exhauriendas,

1855 718 2123 786 priusque
2173 715 2508 773 oblationem
2552 716 2772 781 aﬂ'erri.
2826 720 2879 775 id
2932 729 3018 777 est
3060 721 3426 781 hordeaceam

1854 806 2108 862 farinam.
2148 806 2352 864 Deinde
2378 808 2640 866 admonet
2665 811 2971 880 mulierem,
2999 813 3046 869 si
3074 814 3151 869 sit
3180 815 3426 885 innoxia,

1854 897 2185 954 incolumem
2232 898 2523 967 futuram;
2571 899 2655 955 sin
2705 912 2887 958 autem
2932 905 3172 961 obnoxia
3211 906 3425 978 culpam

1854 990 2012 1056 celet,
2040 991 2371 1060 experiendo
2402 991 2728 1049 discituram
2774 1009 2897 1065 qua:
2927 996 3003 1052 sit
3025 997 3429 1053 exsecrationis

1856 1082 1960 1147 vis,
1989 1091 2045 1138 et
2080 1081 2293 1151 dilapso
2327 1093 2516 1140 ventre
2539 1082 2716 1141 femur
2742 1083 3238 1156 putrefaciendum.
3269 1085 3429 1144 Unde

1856 1172 2002 1227 enim
2041 1187 2346 1244 peccatum,
2397 1176 2594 1232 exinde
2636 1191 2820 1248 pmna.
2868 1177 3269 1250 Jusjurandum
3298 1195 3428 1235 vero

1859 1264 1932 1317 ita
1969 1264 2378 1336 intelligendum
2404 1277 2532 1324 est:
2573 1284 2699 1325 cum
2735 1270 2935 1343 aliquis
2994 1272 3143 1328 mala
3171 1280 3228 1328 et
3280 1272 3432 1329 insa-

1860 1355 2058 1409 nabilia
2081 1358 2224 1423 tulit,
2247 1360 2660 1430 solentquidam
2685 1376 2809 1417 cum
2822 1363 3187 1433 jurejurando
3206 1365 3429 1423 dicere:

1862 1446 2081 1505 Utinam
2113 1464 2224 1506 non
2252 1450 2423 1508 feram
2459 1469 2583 1523 qua:
2610 1454 2713 1511 iste
2742 1470 3037 1527 perpessus
3065 1466 3174 1513 est.

2015 1752 2342 1821 QUESTIO
2378 1757 2701 1817 CCLXX“.
2744 1760 2916 1834 [Maio
2942 1761 3294 1836 CCLXXVIJ

1898 1844 2008 1900 Cur
2030 1864 2063 1901 a
2088 1850 2451 1919 peccatoribus
2493 1868 2657 1922 paene
2696 1857 2878 1911 statim
2904 1867 3221 1928 expetantur
3253 1855 3394 1926 (75).

957 1982 1099 2034 Edita
1128 1997 1157 2034 a
1182 1984 1309 2035 Iaio
1340 1985 1398 2049 (ι.
1425 2001 1467 2038 c.
1493 2002 1541 2051 p.
1574 1989 1685 2051 137,
1716 1989 1931 2055 158).-
1950 1997 2024 2048 De
2046 2003 2191 2050 textu
2220 2000 2364 2051 Num.
2398 2017 2468 2065 xi,
2503 2004 2524 2053 ι
2562 2017 2669 2068 seq.

271 2060 469 2135 ’Δρχήν
503 2058 653 2137 εἶχεν
682 2066 713 2120 ό
749 2067 913 2139 νόμος
935 2084 951 2100 ⁸
991 2070 1100 2125 ἔδει
1142 2072 1319 2127 τοίνυν
1345 2077 1411 2144 τῇ
1442 2076 1550 2129 τῶν
1588 2094 1766 2149 παρα·

189 2151 485 2209 ϐαινόντων
538 2158 780 2231 τιμωρίᾳ
838 2160 1274 2233 σωφρονίζεσθαι
1321 2166 1451 2229 τοὺς
1504 2166 1764 2233 λοιπούς*

192 2247 449 2317 ἁρμόδιος
485 2249 595 2322 γάρ
629 2255 745 2315 τοίς
775 2252 1100 2324 ἀρχομένοις
1131 2256 1162 2309 ό
1192 2255 1359 2324 φόϐος
1386 2274 1401 2289 ’
1445 2259 1770 2325 συνέζευκτο

196 2338 379 2407 μέντοι
439 2342 507 2412 τῇ
554 2343 796 2415 τιμωρίᾳ
848 2345 1267 2419 φιλανθρωπίαθ
1339 2352 1769 2424 μεταμελόμενοι

192 2431 303 2502 γὰρ
358 2431 773 2505 φιλανθρωπίας
840 2438 1156 2510 ἁπήλαυον·
1222 2442 1426 2497 αὐτίκα
1491 2445 1625 2515 γοῦν
1674 2444 1769 2499 τοῦ

195 2522 455 2593 θεηλάτου
511 2526 682 2598 πυρὸς
717 2530 881 2600 μέρος
919 2547 974 2585 τι
1011 2535 1112 2603 τῆς
1158 2534 1516 2607 παρεμϐολῆς
1563 2535 1770 2591 άναλώ-

201 2631 411 2683 σαντος,
441 2610 563 2670 εἶτα
605 2620 826 2673 πάντων
869 2622 1392 2698 συνδεδραμηκότων
1432 2631 1512 2693 είς
1559 2629 1766 2703 δέησιν,

198 2704 401 2776 ᾔτησεν
434 2709 464 2761 ό
497 2709 796 2783 νομοθέτης
823 2714 925 2783 τὴν
962 2714 1188 2786 ἄφεσιν*
1223 2720 1465 2792 παρέσχε
1495 2721 1552 2775 δὲ
1599 2725 1769 2796 αὐτὴν

198 2798 228 2849 ό
264 2797 649 2869 φιλάνθρωπος
699 2801 834 2867 Θεός
856 2818 872 2835 ο
918 2805 1000 2858 ὅτι
1035 2806 1093 2859 δὲ
1132 2807 1318 2872 αὐτοῖς
1365 2812 1681 2879 ἀναγκαίως
1711 2817 1769 2869 αί

198 2890 460 2962 τιμωρίαι
505 2892 796 2961 ἐπήγοντο,
825 2895 896 2949 τά
938 2897 1069 2967 ἑξῆς
1113 2904 1415 2973 μαρτυρεῖ·
1469 2904 1631 2969 εὐθὺς
1661 2907 1772 2978 γάρ

204 2984 339 3052 μετά
367 2984 470 3055 τήν
500 2984 711 3039 παῦλαν
744 2986 848 3058 τῆς
877 2991 1168 3062 τιμωρίας,
1208 2996 1310 3064 τῆς
1350 2995 1628 3064 Αἰγύπτου
1676 3002 1772 3053 καὶ

199 3077 305 3130 τῶν
345 3078 404 3130 ἑν
445 3078 711 3148 Δίγύπτῳ
764 3081 865 3151 τήν
912 3084 1135 3153 μνήμην
1182 3084 1587 3142 ἀνενεώσαντοο
1624 3090 1772 3160 μάλα

196 3168 374 3223 τοίνυν
405 3170 631 3233 είκότως
653 3173 718 3241 τῇ
738 3171 963 3227 ἐκείνων
1002 3177 1300 3249 ἀχαριστίᾳ
1328 3180 1429 3250 τήν
1461 3180 1612 3235 θείαν
1641 3199 1773 3236 συν-

197 3260 302 3331 ἧψε
368 3263 681 3334 φιλοτιμίαν
718 3268 746 3319 ό
780 3269 1134 3339 συγγραφεὺς
1178 3272 1249 3325 τά
1288 3273 1419 3343 περὶ
1462 3275 1557 3328 τοῦ
1580 3276 1770 3346 μάννα

198 3354 624 3426 διηγησάμενος,
663 3359 757 3411 καὶ
800 3361 881 3414 ὅτι
912 3362 973 3414 ού
1020 3363 1179 3432 μόνον
1209 3364 1374 3435 άρτου
1397 3367 1607 3438 χρείαν,
1632 3368 1771 3424 ἀλλά
1799 3346 1843 3406 c

200 3447 295 3500 ml.
327 3449 505 3517 κρεῶν
546 3450 787 3522 ἐπλήρου
811 3468 825 3483 ο
860 3452 1062 3523 ήληθον
1102 3454 1211 3526 γάρ
1245 3459 1304 3510 ἐν
1346 3460 1425 3529 τῷ
1473 3460 1627 3532 μύλῳ
1676 3464 1771 3516 καὶ

200 3539 411 3613 ἔτριϐον
435 3545 494 3597 ὲν
523 3548 589 3617 τῇ
612 3544 715 3616 θύᾳ
736 3548 830 3600 καὶ
852 3547 1025 3618 ἥψουν
1055 3552 1114 3604 ιν
1134 3553 1201 3621 τῇ
1232 3552 1409 3624 χύτρᾳ
1430 3555 1524 3607 καὶ
1550 3556 1770 3611 ἐποίουν

200 3634 535 3704 ἐγκρυφίαςο
587 3637 812 3690 ἐκείνων
872 3638 930 3691 δὲ
986 3639 1404 3713 ὀλοφυρομένων
1456 3646 1771 3715 χαλεπαίνει

204 3722 302 3791 μὲν
334 3725 362 3777 ό
401 3726 681 3797 Δεσπότης
720 3727 873 3793 Θεὸς,
919 3729 1257 3801 δυσχεραίνει
1305 3734 1364 3787 δὲ
1407 3737 1437 3789 ό
1481 3739 1774 3809 προφήτης

202 3814 295 3869 καὶ
329 3815 427 3886 βοᾷ
457 3816 667 3884 λέγων’
708 3837 727 3869 ι
758 3820 874 3874 Ἵνα
912 3822 965 3874 τί
1015 3824 1303 3888 ἑκάκωσας
1337 3827 1431 3880 τὸν
1462 3826 1773 3900 θεράποντά

203 3922 322 3971 σου,
352 3908 447 3961 καὶ
489 3909 632 3963 διατί
662 3911 761 3981 οὐχ
806 3912 1018 3984 εὕρηκα
1059 3915 1221 3986 χάριν
1254 3917 1485 3973 ἐνώπιόν
1525 3937 1620 3974 σου
1650 3924 1775 3978 επι-

202 3996 373 4052 θεῖναι
406 4016 495 4069 μοι
545 4000 643 4071 τὴν
671 4002 850 4072 ὁρμὴν
893 4004 989 4057 τοῦ
1013 4004 1145 4058 λαοῦ
1183 4007 1377 4062 τούτου
1411 4011 1498 4063 ἐπ’
1529 4013 1665 4083 ὲμές
1699 4016 1775 4086 μή

200 4090 313 4156 ἐγὼ
344 4091 400 4141 εν
422 4094 624 4162 γαστρὶ
651 4092 844 4147 ἔλαϐον
889 4095 981 4149 τὸν
1017 4095 1146 4151 λάδν
1176 4097 1397 4168 τοῦτον;
1429 4120 1449 4153 ι
1484 4104 1581 4157 καὶ
1605 4105 1733 4176 ἑξῆς
1755 4117 1771 4139 ⁸

198 4180 473 4252 δεδήλωκε
497 4183 587 4238 διά
618 4184 824 4239 τούτων
848 4188 911 4242 τὸ
934 4188 1125 4253 άτελες
1146 4190 1323 4245 αὐτῶν
1349 4195 1446 4248 καὶ
1469 4197 1738 4266 νηπιῶδες
1757 4217 1773 4232 ο

201 4270 488 4341 θηλάζοντι
524 4273 633 4344 γάρ
680 4276 880 4341 αὐτοὺς
925 4278 1249 4349 ἀπείκασεν,
1291 4282 1420 4338 ἄλλο
1470 4287 1569 4356 μὲν
1618 4288 1773 4344 οὐδὲν

202 4363 543 4432 ἐργάσασθαι
570 4367 873 4441 δυναμένῳ,
900 4371 1137 4445 ὲκϐυζᾷν
1176 4376 1233 4430 δὲ
1269 4376 1429 4447 μόνον
1466 4378 1775 4454 βουλομένῳ

202 4456 269 4509 τὸ
294 4457 464 4523 γάλα*
494 4459 685 4531 ίπειδὴ
709 4461 767 4514 δὲ
806 4464 1013 4536 σφόδρα
1028 4461 1097 4538 ἦν
1123 4468 1191 4521 τά
1225 4471 1448 4541 ῥήματα
1486 4472 1556 4527 τά
1579 4474 1776 4545 δυσχε-

198 4550 499 4620 ραίνοντος,
528 4553 626 4606 καὶ
650 4556 718 4607 τὰ
741 4556 870 4627 ἑξῆς
902 4558 1011 4632 γάρ
1038 4558 1227 4613 τοῦτον
1250 4562 1365 4634 ἔχει
1396 4563 1491 4617 τὸν
1517 4563 1663 4632 νοῦν,
1691 4567 1774 4619 δι-

1935 2089 2065 2143 Erat
2119 2090 2225 2161 legi
2298 2109 2552 2163 suprema
2603 2104 2901 2165 potestas:
2965 2108 3194 2151 necesse
3249 2093 3439 2164 igitur,

1869 2183 2098 2238 multata
2152 2184 2290 2255 legis
2319 2186 2639 2253 violatione,
2689 2189 2887 2243 docere
2935 2196 3187 2263 caeteros
3217 2188 3439 2255 sapien-

1870 2276 2018 2329 tiam.
2050 2275 2210 2331 Decet
2228 2278 2373 2332 enim
2392 2279 2639 2335 subditos
2666 2283 2850 2336 timor.
2872 2280 2978 2336 Sed
3005 2283 3302 2352 conjuncta
3322 2290 3443 2336 erat

1868 2379 1994 2419 cum
2032 2380 2217 2422 amore
2272 2384 2451 2438 paena.
2496 2368 2648 2435 Quos
2695 2371 2843 2425 enim
2888 2371 3214 2441 pmnitebat,
3252 2386 3441 2426 amore

1870 2457 2208 2513 fruebantur.
2251 2460 2447 2516 Statim
2490 2462 2657 2531 igitur
2679 2463 2926 2518 immisso
2954 2464 3100 2533 igne,
3128 2478 3439 2534 magnaque

1868 2551 2145 2606 exercitus
2189 2560 2345 2621 parte
2394 2564 2747 2624 consumpta,
2799 2555 3000 2611 deinde
3054 2557 3317 2613 omnibus
3371 2555 3442 2613 ad

1869 2637 2279 2707 deprecationes
2307 2643 2785 2708 concurrentibus,
2818 2643 3028 2712 peccati
3055 2644 3440 2699 remissionem

1869 2726 2169 2797 postulavit
2204 2726 2512 2796 legislator;
2566 2736 2620 2784 et
2649 2728 2880 2799 benigne
2910 2746 2938 2784 a
2988 2729 3101 2786 Deo
3146 2732 3442 2787 exauditus

1869 2829 1973 2875 est.
2013 2818 2217 2876 Judzeis
2262 2836 2455 2891 poenas
2503 2837 2569 2876 ex
2622 2822 2949 2879 necessitate
2994 2823 3274 2880 immissas
3318 2839 3444 2895 quae

1871 2921 2183 2982 sequuntur
2228 2912 2632 2969 demonstrant.
2672 2912 2777 2969 Vix
2830 2915 2978 2970 enim
3033 2915 3209 2985 priori
3268 2930 3446 2985 poma:

1873 3004 1997 3061 linis
2030 3014 2173 3072 erat,
2207 3019 2370 3075 quam
2424 3003 2725 3077 Egyptum
2778 3008 3223 3062 recordarentur.
3286 3005 3443 3061 Haud

1872 3096 2148 3152 immerito
2177 3096 2345 3168 igitur
2366 3096 2667 3153 hiStoricus
2708 3112 2833 3153 cum
2877 3098 3094 3168 ingrato
3126 3096 3444 3152 Iudaeorum

1872 3185 2057 3241 animo
2088 3186 2329 3243 divinam
2358 3185 2573 3243 confert
2602 3186 3073 3255 munificentiam;
3104 3188 3159 3240 in
3194 3187 3279 3241 his
3322 3200 3447 3256 qua:

1874 3275 1941 3331 de
1968 3290 2168 3332 manna
2198 3277 2461 3343 narravit,
2514 3276 2704 3334 dicens
2750 3278 2899 3333 illam
2922 3293 3033 3333 non
3057 3278 3236 3333 solum
3265 3275 3445 3347 panis,

1876 3367 1971 3423 sed
2017 3369 2183 3423 etiam
2226 3370 2411 3424 carnis
2458 3369 2583 3424 loco
2650 3368 2841 3425 fuisse.
2906 3368 3059 3423 Hanc
3107 3367 3252 3422 enim
3299 3366 3448 3422 mola

1874 3459 2197 3529 frangebant
2228 3469 2284 3515 et
2308 3461 2557 3515 terebant
2605 3460 2659 3515 in
2692 3459 2980 3525 mortario,
3032 3466 3090 3515 et
3136 3458 3449 3528 coquebant

1874 3551 1927 3605 in
1959 3551 2091 3614 olla,
2135 3560 2190 3605 et
2220 3565 2289 3606 ex
2321 3566 2388 3607 eo
2416 3551 2650 3605 tortulas
2700 3550 3028 3606 efﬁciebant.
3062 3548 3318 3605 Graviter
3362 3548 3449 3603 la-

1876 3652 2178 3698 mentantes
2204 3642 2459 3713 objurgat
2492 3643 2759 3699 Dominus
2787 3642 2949 3706 Deus,
2982 3655 3051 3697 ac
3078 3641 3309 3697 moleste
3338 3638 3448 3695 fert

1876 3734 1991 3803 ipse
2017 3735 2281 3804 propheta
2309 3773 2327 3799 ,
2351 3734 2705 3790 exclamans:
2744 3752 2763 3786 ι
2798 3732 2911 3789 Cur
2945 3732 3187 3789 amixisti
3227 3746 3447 3787 servum

1876 3827 2069 3881 tuum?
2104 3826 2282 3894 Quare
2326 3841 2434 3882 non
2486 3827 2706 3881 invenio
2737 3827 2971 3897 gratiam
3023 3840 3207 3882 coram
3257 3824 3349 3879 te!
3382 3825 3450 3878 Et

1874 3934 1973 3974 cur
2002 3919 2315 3989 imposuisti
2341 3918 2555 3989 pondus
2582 3919 2826 3974 universi
2860 3917 3050 3989 populi
3083 3917 3250 3987 hujus
3278 3930 3449 3986 super

1878 4012 2001 4065 me?
2048 4010 2304 4081 Nunquid
2339 4026 2441 4081 ego
2492 4011 2717 4081 concepi
2743 4026 2965 4066 omnem
3016 4010 3158 4064 hanc
3200 4008 3449 4062 multitu-

1876 4105 2100 4159 dinem?
2145 4106 2228 4159 vel
2262 4105 2423 4173 genui
2454 4118 2574 4158 eam
2600 4103 2687 4158 “3
2719 4122 2738 4155 ι
2768 4113 2825 4157 et
2866 4102 3099 4171 reliqua.
3154 4099 3252 4156 His
3282 4100 3449 4155 dictis

1878 4194 2081 4249 indicat
2101 4208 2264 4263 quam
2288 4194 2564 4263 simplices
2584 4193 2933 4263 puerilesque
2951 4191 3205 4255 fuerunt;
3230 4188 3448 4256 sugenti

1878 4301 2046 4356 puero
2071 4288 2193 4343 illos
2220 4288 2559 4356 comparavit
2583 4286 2676 4355 qui
2706 4284 2839 4340 nihil
2868 4284 3015 4338 aliud
3054 4282 3235 4337 facere
3263 4286 3451 4352 potest

1880 4380 1985 4436 uisi
2016 4380 2100 4435 lac
2128 4394 2250 4435 cum
2298 4378 2636 4434 clamoribus
2713 4391 3030 4448 exposcere.
3078 4376 3217 4431 Cum
3264 4383 3450 4428 autem

1883 4473 2222 4529 vehementia
2245 4482 2433 4528 essent
2453 4471 2657 4541 lloysis
2685 4470 3025 4541 indignantis
3078 4468 3267 4535 verba,
3320 4481 3449 4520 nam

1880 4566 2163 4636 sequentia
2212 4564 2359 4620 hunc
2389 4579 2609 4620 sensum
2658 4564 2882 4627 habent,
2918 4561 3237 4616 admonitus
3280 4568 3367 4614 est
3417 4572 3452 4612 a

192 4640 461 4695 δάσκεται
510 4646 660 4716 παρά
691 4649 786 4702 τοῦ
829 4653 1103 4706 Δεσπότου
1143 4652 1300 4720 Θεοῦ,
1326 4656 1402 4721 ὡς
1444 4658 1546 4711 οὐκ
1567 4659 1777 4731 άνθρω·

1884 4655 2116 4711 Domino
2138 4659 2245 4711 Deo
2272 4656 2417 4710 hunc
2445 4655 2703 4725 populum
2727 4666 2835 4707 non
2865 4653 3106 4706 humana
3156 4656 3447 4718 potestate,

196 4731 341 4805 πίνῃ
363 4734 614 4805 δυνάμει,
650 4738 770 4811 θείᾳ
794 4742 852 4794 δὲ
893 4744 1075 4814 χάριτι
1103 4746 1194 4798 τὸν
1210 4746 1338 4801 λαὸν
1366 4750 1606 4822 κυϐερνᾷ
1626 4767 1641 4782 ·
1669 4751 1773 4822 ἐφη

193 4822 341 4894 γάρ·
359 4825 670 4897 «Συνάγαγὲ
688 4848 778 4900 μοι
798 4830 1181 4905 ἑϐδομήκοντα
1209 4836 1410 4907 ἄνδρας
1430 4855 1477 4891 ἰ
1510 4837 1630 4895 εἶτα.
1656 4844 1775 4913 μετ’

191 4912 361 4983 ὀλίγα
382 4931 397 4947 ·
433 4936 451 4968 ι
484 4919 594 4972 Καὶ
622 4922 807 4989 ἀφελῶ
844 4923 1058 4979 ἀπὸτοῦ
1080 4928 1396 4999 πνεύματος
1416 4932 1510 4985 τοῦ
1540 4934 1635 4987 ἐπὶ
1661 4912 1772 5003 σοὶ,

193 5003 300 5060 καὶ
321 5004 565 5078 ἐπιθήσω
594 5010 683 5062 ἐπ’
713 5011 911 5077 αύτούς
936 5032 951 5046 -
994 5015 1091 5068 καὶ
1130 5019 1601 5093 συναντιλήψομαι
1634 5028 1776 5094 μετά

194 5095 302 5152 σοῦ
330 5098 427 5171 τήν
450 5102 628 5173 ὁρμήν
653 5102 747 5156 τοῦ
780 5105 914 5161 λαοῦ
950 5108 1168 5175 τούτου,
1199 5111 1295 5165 καὶ
1333 5113 1433 5167 οὐκ
1477 5116 1644 5181 οτσεις
1674 5119 1773 5172 αὐ·-

189 5191 331 5253 τοὺς
379 5193 444 5245 σὺ
478 5194 671 5263 μόνοςο
712 5215 731 5249 ι
782 5197 1071 5270 μεμάθηκε
1098 5200 1156 5256 δὲ
1198 5202 1289 5257 διὰ
1324 5204 1529 5261 τούτων
1554 5208 1660 5261 τῶν
1689 5209 1779 5261 λό-

190 5299 318 5352 γων
346 5284 375 5336 ό
394 5286 691 5356 νομοθέτης
730 5289 806 5352 ὡς
838 5292 1166 5363 ἀποχρῶσαν
1204 5294 1367 5348 ἔλαϐε
1393 5300 1461 5368 τῇ
1494 5300 1778 5373 οἰκονομίᾳ

190 5379 303 5445 τὴν
338 5376 527 5445 χάριν·
556 5376 646 5431 διὰ
698 5379 856 5433 τοῦτο
882 5377 1035 5435 εἶπεν
1053 5398 1067 5412 ο
1110 5384 1321 5453 Ἀφελῶ
1349 5386 1458 5440 άπὸ
1484 5386 1599 5455 τοῦ,
1618 5391 1779 5444 πνεύ-

194 5465 375 5535 ματός
402 5482 494 5519 σου
518 5468 575 5521 ὲν
600 5468 685 5522 σοί
706 5486 718 5498 ο
741 5471 802 5523 οὑ
824 5470 932 5542 γάρ
956 5474 1229 5539 σπανίζων
1250 5475 1445 5545 ἐτέρας
1466 5477 1769 5551 δυνάμεως,

274 5576 323 5607 ⁸⁸
353 5575 515 5635 Num.
546 5597 624 5647 xt,
656 5583 744 5649 11,
787 5584 872 5638 19..
948 5585 995 5618 ⁸⁸
1022 5583 1183 5641 Νυιιι.
1218 5603 1292 5656 ιι,
1320 5588 1518 5646 24-25.

1880 4750 1973 4804 sed
2014 4750 2190 4821 gratia
2223 4748 2317 4804 Dei
2349 4747 2677 4816 gubernari;
2710 4746 2844 4801 dicit
2888 4745 3037 4800 enim
3068 4761 3083 4797 :
3122 4762 3141 4794 ί
3168 4743 3451 4811 Congrega

1881 4842 2015 4897 mihi
2046 4842 2392 4913 septuaginta
2412 4841 2580 4896 viros.
2616 4858 2635 4892 ι
2670 4837 2879 4893 Deinde
2914 4839 3079 4907 paulo
3108 4845 3272 4905 post:
3310 4834 3454 4888 «Au-

1879 4935 2050 4991 feram
2084 4936 2151 4990 de
2180 4936 2377 5005 spiritu
2430 4933 2525 5003 qui
2564 4942 2649 4986 est
2691 4932 2747 4986 in
2784 4939 2857 4995 te,
2899 4930 3221 4998 tradamque
3264 4927 3368 4992 eis,
3398 4934 3455 4981 et

1879 5026 2198 5079 sustentabo
2221 5033 2400 5079 tecum
2426 5038 2566 5079 onus
2591 5022 2773 5093 populi
2799 5021 2983 5091 hujus,
3003 5030 3057 5075 ct
3086 5035 3195 5074 non
3215 5026 3273 5073 tu
3298 5018 3451 5074 solus

1880 5118 2123 5187 graveris
2150 5118 2217 5170 ⁸³.
2276 5135 2297 5169 ι
2350 5115 2447 5171 His
2500 5116 2682 5171 verbis
2740 5114 2998 5185 cognovit
3046 5114 3331 5183 legislator
3389 5127 3451 5168 su

1881 5210 2237 5265 sullicientem
2294 5211 2400 5263 vim
2452 5208 2899 5265 administranda:
2944 5206 3094 5279 genti
3146 5205 3447 5275 accepisse.

1881 5302 2223 5372 Quapmpter
2250 5301 2453 5356 dictum
2488 5310 2651 5355 erat:
2700 5299 2962 5355 Auferam
3017 5297 3087 5352 de
3124 5296 3322 5367 spiritu
3352 5304 3451 5350 tuo

1880 5396 1935 5449 in
1975 5403 2048 5459 te,
2082 5408 2191 5448 non
2217 5392 2363 5463 quod
2412 5391 2550 5447 Deus
2597 5400 2823 5446 externa
2864 5388 3107 5460 potentia
3158 5387 3447 5457 indigeret,

1881 5498 2065 5539 verum
2096 5484 2176 5539 sic
2204 5482 2416 5538 locutus
2439 5490 2601 5539 estut
2622 5480 2841 5552 Moysen
2868 5482 3101 5535 doceret
3124 5480 3447 5533 concessam

1708 5682 1938 5739 NOTAE.

276 5765 389 5851 (75)
421 5766 544 5851 {hac
576 5770 1083 5851 qn_:estio_decs‘tui_n
1128 5773 1657 5851 codd;_iloisliiiiano
1693 5786 1744 5832 et
1785 5774 2115 5836 Taurincnsi
2138 5795 2154 5846 ;
2178 5786 2232 5836 ct
2257 5778 2373 5850 ipsa
2397 5792 2611 5851 quoque
2630 5793 2693 5835 ex
2748 5778 3086 5834 Tlieodoreto
3151 5778 3435 5846 desumpta

206 5846 304 5893 est
339 5852 392 5911 q.
429 5838 494 5891 18
528 5840 581 5896 in
612 5839 772 5897 Num.
811 5839 873 5896 T.
899 5841 1111 5911 LXXX,
1139 5859 1190 5915 p.
1235 5844 1356 5901 570.
