4162 6442
719 420 854 488 1107

1866 421 2131 486 ΡΗΟΤΙΙ
2157 420 2665 484 ΡΑΤΒΙΑΒΟΗΕ
2692 421 2802 483 CP;

3841 414 3978 480 1108

712 537 764 593 ei
811 534 981 592 fuisse
1005 533 1114 587 vim
1160 545 1284 602 quae
1312 531 1381 586 ad
1419 545 1583 588 usum
1630 528 2030 602 suppeditant.
2062 529 2281 586 Etenim

2410 527 2501 581 ιλλ⁹
2533 529 2741 582 ἐκεῖνον
2767 525 3046 580 διδάσκων
3076 525 3154 589 ὥς
3184 523 3400 595 εἰλήφει
3434 523 3666 594 δύναμιν
3695 523 3977 595 ἀρκοῦσαν

715 624 1058 700 septuaginta
1089 621 1226 678 viris
1251 622 1412 689 dans,
1456 636 1566 676 nou
1607 621 1808 676 minuit
1855 620 2005 675 illius
2033 622 2288 691 gratiam,

716 728 780 776 ut
808 735 876 774 es
904 725 1102 773 aventu
1143 723 1380 772 constat.
1413 712 1620 769 Eadem
1657 714 1804 771 enim
1853 719 1911 769 et
1958 714 2191 783 imperio
2234 721 2290 769 et

719 804 1004 863 miraculis
1028 804 1320 875 peragebat
1344 817 1510 874 quam
1546 812 1728 859 antea.
1757 802 1916 871 Quod
1938 815 1993 860 et
2016 817 2118 860 nos
2147 819 2288 874 quo-

720 898 855 954 tidie
883 897 1032 953 idem
1062 896 1180 950 ﬁeri
1201 895 1473 951 videmus.
1506 894 1662 951 lulti
1683 897 1830 951 enim
1858 896 1929 952 ab
1963 910 2074 950 uno
2106 910 2293 951 sacer-

716 990 845 1044 dote
889 987 1189 1059 baptizati,
1244 987 1340 1042 alii
1392 1002 1610 1044 summo
1629 987 1914 1044 sacerdote
1947 987 2290 1052 consecrati,

719 1095 1028 1151 munusque
1084 1079 1335 1135 divinum
1387 1080 1755 1150 accipientes,
1811 1080 2042 1136 minime
2095 1079 2282 1136 dantis

719 1172 971 1228 minuunt
991 1172 1249 1244 gratiam,
1275 1183 1330 1228 et
1353 1171 1458 1244 ipsi
1479 1173 1684 1228 donum
1707 1171 1969 1228 eximium
1991 1171 2287 1242 accipiunt.

617 1271 619 1274 ‘
718 1263 835 1321 Hoc
864 1273 1098 1320 testatur
1121 1265 1240 1336 ipse
1271 1265 1539 1321 Dominus
1570 1265 1719 1319 servi
1748 1265 1834 1320 sui
1861 1262 2149 1335 suﬂragio,
2199 1263 2290 1320 cui

715 1358 894 1415 dixit:
930 1377 951 1410 ε
984 1357 1270 1430 Congrega
1297 1371 1441 1429 quos
1467 1364 1528 1411 tu
1555 1355 1725 1412 nosti.
1754 1373 1774 1407 ι

788 1637 1116 1709 ρυεδτιο
1150 1637 1497 1697 CCLXXVII.
1529 1637 1720 1712 [ϐοἱεί.
1754 1637 2006 1707 CCXCll,
2031 1639 2202 1698 Taur.

1330 1730 1687 1805 CCLxxxu

719 1825 830 1881 Car
877 1824 1255 1895 prmeripserit
1291 1824 1430 1895 Deus
1463 1823 1838 1895 factiosorsmi
1861 1823 2133 1895 tliuribula
2183 1826 2291 1880 cir-

1083 1893 1204 1949 eum
1264 1893 1436 1950 altare
1491 1894 1745 1949 distribui
1783 1894 1949 1966 (76)?

2318 1879 2368 1940 B

2390 621 2460 690 τῇ
2489 618 2668 689 χρείᾳ,
2691 617 2854 672 τοῦτο
2879 617 2988 688 εφη
3014 631 3032 648 ·
3060 617 3144 671 ὅτι
3174 616 3284 687 γὰρ
3311 617 3414 670 καὶ·
3448 617 3566 679 τοῖς
3595 614 3978 686 ἑϐδομήκοντα

2391 712 2537 776 δοὺς,
2583 712 2685 764 οὐκ
2733 711 2970 782 έμείωσε
2992 708 3184 764 τούτου
3215 709 3317 780 τὴν
3346 708 3531 780 χάριν,
3557 708 3630 761 τὰ
3667 708 3976 778 πράγματα

2397 804 2670 874 μαρτυρεῖ
2689 818 2706 836 ο
2734 803 2804 857 τά
2832 801 2974 856 αὐτὰ
2998 801 3110 874 γὰρ
3151 801 3250 855 καὶ
3276 800 3579 870 οίκονομιῖιν
3619 801 3716 853 καὶ
3763 799 3978 868 θαυμαο

2389 892 2639 962 τουργῶν
2658 892 2884 947 διετέλει
2901 892 2940 947 ά
2964 894 3061 946 καὶ
3083 894 3351 965 πρότερον
3365 904 3385 923 ’
3408 891 3567 946 τοῦτο
3593 893 3690 944 καὶ
3720 891 3821 945 νῦν
3839 893 3978 962 δρῶ-

2394 1000 2498 1055 μεν
2516 984 2802 1055 γινόμενον
2821 1001 2836 1016 ο
2859 985 3046 1040 πολλοὶ
3065 987 3175 1057 γάρ
3197 985 3303 1040 ὑπὸ
3323 984 3443 1048 ινὺς
3463 983 3758 1054 ἀνθρώπω
3787 985 3976 1054 ἱερέως

2393 1073 2802 1148 βαπτιζόμενοι,
2833 1077 2985 1133 ἄλλοι
3017 1078 3076 1132 δὲ
3118 1077 3271 1150 παρὰ
3301 1077 3608 1149 ἀρχιερέως
3633 1074 3976 1146 χειροτονούο

2394 1185 2569 1237 μενοι,
2594 1169 2691 1223 καὶ
2719 1169 2820 1240 τὴν
2847 1169 3002 1224 θείαν
3020 1169 3304 1240 δεχόμενοι
3325 1168 3557 1238 δωρεάν,
3584 1169 3712 1222 οὒτε
3744 1166 3978 1238 σμικρύ-

2391 1277 2543 1314 νουσι
2562 1261 2659 1315 τοῦ
2691 1261 3015 1332 μεταδόντος
3036 1261 3138 1332 τὴν
3158 1261 3343 1333 χάριν,
3369 1262 3466 1314 καὶ
3493 1261 3650 1314 αὐτοὶ
3671 1260 3740 1314 τὺ
3771 1259 3977 1312 τέλειον

2389 1349 2669 1420 δέχονται*
2702 1352 3103 1425 μεμαρτύρηκε
3139 1352 3328 1423 μέντοι
3369 1354 3399 1405 ό
3431 1352 3713 1422 Δεσπότης
3781 1348 3880 1402 καὶ
3910 1352 3976 1417 τῇ

2387 1441 2486 1494 τοῦ
2507 1442 2839 1513 θεράποντος
2894 1445 3069 1517 ψήφῳ
3096 1460 3111 1475 ⁸
3137 1446 3243 1517 εφη
3273 1445 3382 1515 γάρ
3409 1443 3607 1514 αὐτῷ·
3647 1461 3669 1495 ε
3716 1439 3978 1503 Ἐκλεξαι

2391 1531 2486 1597 οὓς
2513 1531 2682 1600 οῐδας.
2720 1554 2741 1590 ι

2913 1649 3256 1706 ΕΡΩΤΗΣΙΣ
3291 1645 3458 1702 ΣΟΖ’.

2394 1828 2557 1882 Atat!
2608 1824 2988 1895 προσέταξεν
3010 1827 3047 1880 d
3090 1823 3239 1895 Θεὸς
3297 1823 3392 1895 τὰ,
3419 1819 3541 1876 τῶν
3583 1817 3982 1895 στασιαστῶν

2500 1890 2716 1966 πυρεῖα
2734 1896 2817 1964 τῷ
2827 1890 3239 1964 θυσιαστηρίῴ
3257 1892 3536 1964 γενέσθαι
3554 1890 3879 1960 septemc;

1272 2006 1410 2057 Edita
1436 2020 1466 2057 a
1497 2006 1623 2056 Malo
1654 2006 1711 2070 (1.
1743 2019 1788 2058 c.
1820 2020 1872 2071 p.
1906 2007 2017 2068 138,
2050 2007 2162 2070 139,
2193 2022 2242 2072 q.
2264 2008 2399 2073 287).
2430 2034 2495 2046 —-
2528 2010 2824 2074 Explanatio
2847 2010 2897 2058 in
2920 2008 3066 2060 Num.
3099 2021 3202 2070 xvi,
3229 2007 3289 2057 37
3312 2017 3420 2068 aeq.

797 2085 869 2145 Ut
891 2095 1214 2160 coargueret
1248 2096 1453 2144 temere
1483 2089 1752 2146 adversus
1793 2091 2160 2148 sacerdotium
2207 2092 2296 2148 in-

719 2189 910 2252 cepta,
972 2195 1178 2252 eosque
1240 2179 1595 2236 conﬁrmaret
1674 2182 1769 2252 qui
1839 2183 2015 2239 sacris
2073 2199 2297 2254 operam

720 2274 946 2329 dabant.
975 2270 1092 2329 Hoc
1115 2272 1260 2328 enim
1283 2272 1458 2328 edixit
1489 2292 1502 2328 :
1532 2291 1553 2326 ι
1578 2273 1882 2330 Commone
1907 2275 2048 2331 lilios
2069 2275 2292 2342 Israel,»

720 2375 778 2421 et
811 2364 1044 2435 reliqua.
1073 2363 1442 2430 Quamobrem
1472 2365 1841 2435 germinatam
1876 2366 2058 2419 Aaron
2089 2367 2299 2437 virgam

723 2455 985 2512 collocari
1037 2455 1094 2510 in
1150 2469 1277 2510 arca
1321 2455 1601 2525 praecepit,
1648 2466 1705 2512 et
1750 2471 1945 2512 rursus
1989 2459 2299 2514 sacerdOtes

724 2563 882 2604 sacra
909 2545 1112 2611 facere,
1144 2545 1441 2602 etLevitas
1470 2548 1551 2603 eis
1599 2546 2045 2612 subministrare,
2087 2561 2190 2603 nec
2230 2547 2301 2602 ad

727 2643 922 2708 altare,
961 2655 1066 2696 nec
1095 2639 1164 2696 ad
1194 2654 1353 2695 sacra
1399 2639 1664 2696 accedere
1698 2655 1852 2698 vasa.
1890 2639 2099 2698 Deinde
2142 2639 2304 2697 docet

727 2749 852 2804 qua:
909 2731 1289 2789 sacerdotibus
1328 2731 1478 2788 dono
1524 2733 1806 2789 darentur.
1865 2733 2095 2791 Oblatas
2150 2733 2302 2789 enim

729 2823 1004 2897 primitias
1031 2822 1213 2894 panis,
1246 2831 1303 2879 et
1334 2822 1473 2891 vini,
1501 2832 1558 2879 et
1585 2823 1715 2890 olei,
1745 2831 1801 2879 et
1830 2823 1940 2879 cibi
1984 2837 2082 2880 eos
2118 2838 2305 2881 come-

729 2917 863 2973 dere
925 2915 1257 2988 przseripsit
1286 2957 1302 2982 ,
1361 2923 1417 2971 et
1471 2915 1579 2971 alia
1651 2931 1991 2987 quacunque
2050 2915 2304 2973 donaria.

732 3010 1045 3080 Posteaque
1092 3007 1385 3065 decrevit:
1440 3027 1460 3060 ι
1489 3007 1602 3062 Pro
1659 3009 2025 3080 primogenita
2077 3010 2311 3064 immun-

735 3101 934 3157 dorum
1006 3100 1330 3157 animalium
1401 3101 1643 3172 pretium
1701 3115 1824 3156 esse
1891 3100 2046 3157 siclis
2098 3102 2310 3171 argenti

735 3192 1006 3262 quinque,
1037 3192 1282 3263 pondere
1307 3191 1634 3260 sanctuarii,
1664 3191 1835 3246 siclus
1886 3190 2082 3260 viginti
2118 3191 2312 3247 obolos

741 3285 940 3351 liabet;
1017 3284 1347 3340 mundorum
1414 3298 1545 3339 vero
1604 3281 1927 3339 animalium
1989 3283 2312 3354 sanguinem

2470 2095 2565 2159 Είς
2591 2094 2812 2163 ἔλεγχον
2837 2091 2947 2146 τῶν
2989 2092 3131 2146 κατὰ
3160 2094 3261 2165 τῆς
3301 2090 3605 2164 ἱερωσύνης
3638 2088 3985 2160 θρασυνομέ·

2397 2203 2525 2248 νων,
2577 2185 2674 2240 καὶ
2723 2184 3020 2256 βεϐαίωσιν
3070 2183 3183 2238 τῶν
3236 2184 3544 2255 ἱερουργεῖν
3586 2180 3982 2252 τεταγμένων

2396 2272 2559 2326 τοῦτο
2622 2272 2734 2345 γὰρ
2801 2274 3052 2345 ἐπήγαγε
3081 2286 3098 2302 ⁸
3163 2288 3186 2325 ε
3248 2271 3612 2344 Μνημόσυνον
3677 2271 3800 2333 τοῖς
3852 2270 3987 2331 uici;

2411 2367 2628 2438 Ἰσραὴλ
2652 2408 2669 2432 ,
2707 2385 2727 2419 ι
2755 2369 2852 2421 καὶ
2879 2363 3041 2436 ἑξῆς·
3069 2364 3264 2420 τούτου
3303 2365 3467 2437 χάριν
3496 2363 3590 2418 καὶ
3607 2360 3712 2434 τὴν
3749 2361 3989 2432 βλαστή-

2402 2476 2576 2514 σασαν
2602 2458 2699 2513 τοῦ
2751 2456 2964 2530 ’Δαρὼν
2997 2457 3198 2529 ῥάϐδον
3248 2455 3531 2528 ιντεθῆναι
3578 2453 3893 2526 προσέταξε
3925 2456 3990 2524 τῇ

2402 2549 2654 2622 κιϐωτῷ·
2703 2549 2801 2605 ιιι.ιᾶ⁵
2843 2551 3007 2605 πάλιν
3061 2547 3426 2620 ἐνομοθέτησε
3475 2546 3601 2610 τοὺς
3646 2546 3752 2617 μὲν
3806 2545 3989 2617 ἱερέας

2407 2644 2735 2715 ἱερουργεῖν,
2776 2643 2906 2706 τοὺς
2944 2641 3005 2696 δι
3049 2641 3283 2705 Δευττας
3335 2639 3668 2709 ὑπουργεῖν,
3719 2639 3868 2709 μήτε
3918 2635 3991 2706 τῷ

2404 2735 2778 2807 θυσιαστηρίῳ
2818 2737 2956 2807 μήτε
2975 2735 3090 2799 τοῖς
3125 2734 3291 2806 ίεροίς
3318 2732 3656 2797 πελάζοντας
3692 2730 3989 2784 σκεύεσιν·

2405 2823 2524 2882 εἶτα
2536 2827 2778 2882 διδάσκει
2798 2829 2894 2881 καὶ
2910 2826 3031 2882 τίνα
3051 2828 3158 2899 χρὴ
3175 2827 3303 2891 τοὺς
3331 2826 3514 2898 ῐερέας
3533 2824 3844 2897 λαμϐάνειν
3860 2841 3874 2853 ·
3897 2824 3994 2888 τὰς

2407 2919 2516 2988 γὰρ
2547 2919 2699 2990 αὺτῷ
2744 2919 3198 2990 προσφερομένας
3228 2920 3484 2990 ἀπαρχάς
3524 2918 3676 2971 σίτου
3705 2918 3810 2970 καὶ
3850 2917 3993 2970 οίνου

2409 3012 2506 3064 καὶ
2551 3009 2733 3065 ἐλαίου
2763 3012 2861 3064 καὶ
2914 3010 3117 3082 ἄρτων,
3158 3010 3356 3074 αὐτοὺς
3408 3008 3610 3064 ἐσθίειν
3662 3006 3996 3080 προσέταξε,

2410 3102 2507 3156 καὶ⁹
2553 3101 2740 3172 μέντοι
2799 3101 2896 3155 καὶ
2935 3101 3007 3154 τά
3037 3100 3368 3170 ἀναθήματα
3404 3100 3500 3154 καὶ
3547 3098 3621 3153 τὰ
3668 3101 3998 3168 πρωτότοκα

2412 3193 2524 3246 τῶν
2552 3193 2653 3263 μὲν
2682 3190 3010 3262 ἀκαθάρτων
3045 3190 3263 3263 κτηνῶν
3290 3191 3501 3262 όρίσας,
3540 3189 3611 3244 τά
3637 3189 3806 3260 λίτρα
3841 3189 4000 3242 πέντε

2415 3284 2613 3338 σίκλων
2642 3282 2874 3337 ἕκαστον
2897 3282 3042 3336 κατὰ
3076 3283 3170 3337 τὸν
3199 3282 3382 3336 σίκλον
3418 3282 3513 3336 τὸν
3539 3283 3720 3352 ἅγιον,
3759 3283 3824 3345 ὃς
3854 3283 3999 3334 ἔστιν

739 3384 956 3433 tantum
989 3391 1182 3433 eorum
1224 3374 1455 3432 fundere
1486 3390 1654 3446 super
1679 3374 1855 3430 altare
1888 3383 1945 3430 et
1967 3371 2204 3430 farinam
2229 3373 2308 3431 ol-

2415 3376 2589 3430 εῐκοσι
2617 3374 2793 3429 ὀϐολοί
2812 3391 2828 3406 ο
2857 3374 2967 3428 τῶν
2991 3373 3051 3428 δὲ
3075 3373 3330 3445 καθαρῶν
3367 3374 3735 3442 πρωτοτόκων
3762 3374 3922 3438 ζώων
3943 3372 4003 3424 et

744 3465 908 3531 terre,
943 3473 1000 3519 et
1027 3465 1096 3519 ab
1135 3463 1242 3519 illis
1272 3476 1467 3518 carnes
1497 3461 1693 3531 accipi.
1745 3459 1901 3516 Sicut
1941 3462 2317 3531 pectusculum

744 3565 1153 3622 consecratum,
1183 3563 1239 3611 et
1265 3569 1454 3610 armus
1480 3553 1692 3620 dexter,
1741 3563 1835 3610 tua
1858 3561 2022 3609 erunt
2044 3551 2114 3609 “.
2152 3571 2173 3606 ι
2201 3551 2320 3610 Hoc

745 3643 926 3701 fmdus
955 3652 1174 3715 pactum
1201 3643 1332 3700 salis
1361 3643 1672 3714 appellavit,
1694 3643 1978 3716 quoniam,
2011 3643 2318 3701 secundum

747 3738 934 3793 divum
983 3737 1335 3808 Apostolum,
1387 3754 1408 3788 ι
1440 3737 1546 3803 Qui
1597 3737 1758 3793 altari
1809 3737 2143 3803 deserviunt,
2190 3752 2318 3793 cum

750 3830 914 3886 altari
936 3829 1347 3902 participant".
1375 3847 1396 3882 ι
1419 3829 1465 3884 Α
1488 3829 1816 3901 quibusdam
1835 3844 2055 3902 quoque
2077 3829 2314 3886 dicitur:

751 3921 1054 3992 Postquam
1084 3921 1141 3977 in
1183 3920 1439 3976 victimas
1471 3921 1649 3994 spargi
1684 3920 1766 3977 sal
1795 3921 2150 3993 praescripsit,
2201 3931 2318 3977 tum

751 4014 992 4069 edixitet
1015 4013 1328 4070 sacerdotes
1354 4022 1409 4068 et
1426 4011 1644 4068 Levitas
1670 4027 1860 4069 omnes
1882 4013 2123 4068 decimas
2143 4012 2321 4068 lsrae-

751 4107 823 4164 lis
858 4107 913 4162 in
952 4107 1353 4178 possessionem
1385 4105 1687 4171 habituros,
1716 4114 1773 4162 et
1802 4105 2044 4162 decimas
2072 4105 2212 4161 lucri
2252 4121 2321 4160 ex

752 4198 970 4263 ovibus,
1011 4207 1068 4254 et
1092 4213 1161 4254 ex
1187 4198 1382 4261 bobus.
1417 4209 1468 4254 et
1518 4214 1591 4255 ex
1622 4207 1952 4262 mercatura,
1992 4207 2048 4254 et
2102 4213 2168 4253 ex
2213 4198 2323 4256 alio

754 4302 1081 4362 quocunque
1125 4288 1300 4344 lucro.
1336 4286 1598 4358 Pmcepit
1643 4303 1865 4360 quoque
1913 4286 2128 4343 Levitas
2168 4303 2200 4343 e
2226 4287 2296 4344 de

756 4381 917 4438 cimis
961 4380 1202 4436 decimas
1244 4379 1442 4434 offerre
1493 4379 1884 4435 sacerdotibus.
1932 4376 2093 4433 lubet
2138 4393 2324 4433 sacer-

759 4470 916 4526 dotes
943 4469 1201 4524 omnibus
1229 4469 1365 4525 locis
1407 4467 1603 4524 barum
1637 4483 1824 4526 rerum
1853 4467 1971 4523 ﬁeri
2003 4467 2321 4538 participes,

760 4559 1004 4630 ipsisque
1023 4559 1295 4631 sepositas
1320 4558 1628 4616 hostiarum
1659 4566 1845 4630 partes
1874 4559 2024 4616 intus
2046 4559 2102 4615 iu
2126 4559 2326 4632 templo

757 4651 1063 4707 comedere.
1122 4649 1399 4721 Vocatque
1442 4649 1686 4706 decimas
1723 4669 1744 4702 ι
1785 4647 2026 4706 Pretium
2077 4665 2180 4721 pro
2224 4652 2327 4706 mi-

761 4740 990 4797 nisterio
1041 4755 1152 4809 quo
1208 4741 1410 4812 populo
1451 4740 1697 4796 serviunt
1719 4741 1802 4809 “;
1843 4761 1864 4796 ι
1892 4741 2086 4807 vobis,
2113 4742 2324 4813 inquit,

758 4830 1178 4895 aediﬁcantibus,
1223 4831 1310 4886 vel
1364 4831 1760 4897 mercantibus,
1811 4831 1899 4886 vel
1945 4832 2094 4888 domi
2139 4833 2328 4890 viven-

761 4922 935 4986 tibus,
967 4921 1044 4977 illi
1073 4937 1174 4992 pro
1196 4919 1354 4976 vobis
1374 4921 1634 4976 omnibus
1653 4919 1845 4976 sedqu
1873 4934 1998 4976 meo
2021 4920 2329 4978 ministerio

761 5013 1028 5068 serviunt.
1057 5010 1170 5067 Hoc
1190 5025 1411 5082 quoque
1433 5009 1606 5066 dicit:
1643 5027 1664 5062 ι
1690 5009 1830 5076 Quia
1858 5009 2094 5082 pretium
2123 5020 2207 5067 est
2226 5026 2328 5084 pro

760 5103 1070 5160 ministerio
1093 5103 1138 5137 ’τ
1173 5119 1220 5176 »ι
1243 5101 1390 5175 quod
1421 5100 1697 5174 prastatis
1747 5102 1805 5158 in
1849 5101 2201 5159 tabernaculo
2248 5111 2330 5160 te-

759 5193 1023 5253 stimouii.

2421 3467 2520 3538 μὲν
2543 3460 2685 3536 αἷμα
2731 3466 3024 3538 ἑκχεθῆναι
3069 3467 3220 3536 παρὰ
3241 3466 3340 3536 τὴν
3380 3465 3475 3518 τοῦ
3504 3466 3741 3535 θυσιατη
3753 3466 3877 3536 ρίου
3904 3465 3998 3533 3&-

2419 3575 2527 3622 σιν,
2560 3557 2622 3611 τὸ
2649 3558 2708 3612 δὲ
2755 3557 2923 3630 στέαρ
2950 3557 3402 3628 προσενεχθῆναι,
3432 3557 3500 3610 τά
3529 3557 3588 3611 δὲ
3631 3558 3776 3626 κρέα
3811 3558 4003 3619 αὖτοὺς

2417 3651 2719 3722 λαμϐάνειν
2741 3667 2757 3684 °
2786 3648 2975 3722 ὥσπερ
3007 3650 3072 3722 δὴ
3092 3651 3154 3703 τὸ
3189 3649 3474 3719 στηθύνιω
3495 3649 3592 3703 καὶ
3617 3649 3712 3701 τὸν
3740 3648 4004 3719 βραχίονα

2418 3743 2530 3798 άπὸ
2553 3741 2664 3796 τῶν
2707 3741 2887 3798 ἄλλων
2933 3740 3192 3813 θυμάτων
3236 3739 3591 3811 κομίζονται⁹
3627 3737 3910 3809 διαθήκην
3952 3737 4006 3790 ἃ

2417 3835 2547 3899 ἁλὸς
2573 3834 2673 3904 τὴν
2698 3833 2987 3888 κοινωνίαν
3006 3833 3265 3887 ικάλεσεν
3283 3849 3298 3862 ’
3329 3831 3536 3902 ἐπειδὴ,
3568 3830 3710 3884 κατὰ
3737 3830 3841 3883 τὸν
3869 3829 4008 3882 θεῖον

2432 3923 2778 3988 ’Δπόστολον,
2807 3942 2828 3977 ε
2858 3925 2924 3978 Ol
2968 3923 3048 3995 τῷ
3091 3923 3466 3994 θυσιαστηρίῳ
3507 3921 4006 3993 προσεδρεύοντες,

2419 4015 2498 4086 τῷ
2543 4014 2915 4085 θυσιαστηρίῳ
2953 4013 3416 4084 συμμερίζονταιο
3457 4030 3478 4064 ι
3513 4012 3658 4073 τινὲς
3706 4010 3767 4064 δέ
3821 4025 4005 4075 quas,

2422 4105 2611 4177 ἐπειδὴ
2644 4108 2766 4171 ταῖς
2793 4105 3008 4168 θυσίαις
3053 4103 3445 4158 ἐπιϐάλλεσθαι
3471 4103 3600 4166 τοὺς
3637 4102 3781 4165 ἃλας
3812 4102 4010 4171 apost-

2421 4197 2605 4263 ταξεν,
2632 4193 2752 4251 εἶτα
2771 4195 3013 4251 διδάσκει
3031 4195 3276 4259 καὶτοὺς
3299 4195 3482 4266 ίερέας
3504 4193 3752 4255 καὶτοὺς
3773 4193 4013 4253 Acuta;

2422 4291 2517 4344 καὶ
2543 4288 2654 4342 τῶν
2683 4287 2791 4342 ἀπὸ
2826 4288 2930 4359 γῆς
2958 4286 3242 4358 φυομένων
3274 4287 3373 4351 τὰς
3403 4283 3654 4348 δεκάτας,
3687 4285 3788 4337 καὶ
3814 4285 3930 4335 τῶν
3952 4285 4014 4335 ὲκ

2423 4380 2693 4451 ποιμνίων
2711 4379 2808 4433 καὶ
2835 4378 3134 4450 βουκολίων
3173 4375 3624 4449 προσγενομένων
3650 4374 3900 4444 κερδῶν,
3922 4375 4013 4427 καὶ

2423 4472 2533 4526 τῶν
2563 4469 2626 4536 ἑξ
2672 4470 2944 4543 ἐμπορίας
2973 4469 3070 4524 καὶ
3117 4470 3310 4541 ἑτέρας
3335 4467 3481 4531 τινὸς
3522 4466 3714 4538 χρείας
3737 4482 3754 4497 ·
3793 4467 3929 4527 τοὺς
3958 4464 4012 4517 Et

2426 4562 2660 4626 Λευττας
2697 4559 2806 4615 τῶν
2833 4560 3076 4617 δεκατῶν
3108 4561 3209 4624 τὰς
3247 4560 3478 4624 δεκάτας
3521 4556 3874 4628 προσφέρειν
3907 4558 4011 4618 τοίς

2429 4652 2668 4725 ίερεῦσιο
2695 4653 2792 4708 καὶ
2817 4651 3024 4708 τούτων
3063 4651 3163 4724 μὲν
3188 4655 3248 4708 ὲν
3276 4652 3441 4707 παντὶ
3471 4650 3620 4721 τόπῳ
3657 4649 3891 4703 κελεύει
3922 4665 4015 4719 με·

2426 4743 2786 4816 ταλαγχάνειν
2807 4759 2826 4778 ·
2857 4743 2930 4799 τὰ
2968 4743 3029 4798 δέ
3061 4761 3126 4814 γε
3166 4746 3234 4799 ὲκ
3262 4743 3372 4798 τῶν
3397 4743 3598 4799 θυσιιῖιν
3638 4743 4018 4812 άφωρισμὲνα

2423 4834 2626 4902 αὐτοῖς,
2660 4833 2809 4890 ἔνδον
2853 4832 3056 4889 ισθίειν
3095 4834 3156 4887 ὲν
3192 4833 3272 4904 τῷ
3299 4832 3447 4905 ναιῖν
3478 4831 3632 4887 καλεῖ
3679 4831 3741 4885 δὲ
3795 4833 3907 4888 καὶ
3930 4833 4021 4891 τὰς

2421 4930 2655 4995 δεκάτας
2685 4948 2707 4983 ι
2734 4928 2942 4984 Μισθδν
2960 4929 3039 4993 εις
3060 4927 3160 5000 τὴν
3183 4927 3280 4982 τοῦ
3303 4926 3434 4983 λαοῦ
3461 4925 3728 4998 ὠφέλειαν
3754 4942 3775 4957 ο
3817 4945 3843 4977 ι
3869 4922 4021 4994 ὑμῶν

2423 5021 2555 5094 γὰρ,
2601 5019 2791 5092 φησιν,
2818 5019 3244 5092 οίκοδομούντων
3271 5017 3792 5092 ἢεμπορευομένων
3815 5017 3856 5088 ἧ
3887 5018 4022 5070 οἶκοι

2424 5111 2744 5182 διαγόντων,
2788 5103 2936 5165 οὗτοι
2976 5111 3099 5166 ἀντὶ
3143 5109 3365 5165 πάντων
3407 5107 3559 5181 ὑμῶν
3583 5109 3652 5178 τῇ
3683 5108 3806 5177 tua
3855 5121 4023 5177 προσ-

2436 5201 2719 5274 εδρεύουσι
2767 5201 3108 5276 λειτουργίᾳ·
3136 5201 3298 5257 τοῦτο
3320 5200 3582 5274 γάρῐφη·
3619 5217 3641 5252 ε
3679 5199 3773 5253 ὅτι
3833 5197 4026 5269 μισθὸς

2439 5290 2595 5363 ὑμῶν
2621 5283 2778 5357 οὗτός
2819 5292 2988 5358 εστιν,
3020 5293 3176 5348 »ἀντὶ
3193 5292 3302 5348 τῶν
3327 5289 3683 5363 λειτουργιῶν
3710 5289 3894 5360 ὑμῶν
3923 5288 4031 5344 sin-

2439 5384 2500 5438 ιν
2521 5385 2589 5456 τῇ
2621 5384 2796 5457 σκηνῇ
2825 5381 2921 5439 τοῦ
2949 5384 3268 5458 μαρτυρίου.

857 5580 908 5616 ⁸⁸
937 5579 1095 5637 Nom.
1129 5597 1210 5646 ιιι,
1243 5581 1334 5639 47.
1363 5581 1411 5616 ⁸⁸
1442 5579 1460 5636 l
1489 5579 1619 5638 Cor.
1659 5595 1737 5648 rx,
1769 5581 1860 5638 l3.
1931 5582 1979 5616 “
2011 5579 2175 5640 Num.
2209 5597 2308 5640 xvn

2410 5583 2451 5639 ι.
2525 5585 2571 5618 ⁸²
2606 5584 2738 5644 ibid.
2770 5585 2825 5644 3.

2271 5759 2500 5818 ΝΟΤιΕ.

845 5879 960 5948 (76)
984 5876 1078 5936 Est
1102 5873 1606 5936 Tbcodorcti’ictus
1622 5890 1680 5946 q.
1710 5873 1779 5932 δι
1802 5873 1856 5932 in
1881 5874 2043 5931 Num.
