4156 6438
733 415 872 486 1111

1914 417 2177 480 ΡΗΟΤΙῘ
2216 415 2720 480 PATRIARCH/E
2760 418 2873 480 (ΣΡ.

3848 407 3983 475 1112

738 533 942 588 chorus
966 523 1264 585 celebravit
1287 524 1535 582 divinum
1576 539 1708 597 erga
1739 524 1988 583 homines
2027 537 2296 580 amorem.

2410 522 2494 576 τοῦ
2543 523 2800 593 Σωτῆρος
2854 521 3012 593 ήμῶν
3065 520 3444 593 γεννηθέντος,
3497 521 3659 590 χορὸς
3719 518 3977 586 ἀγγέλων

735 642 754 675 ι
787 621 972 678 Gloria
1001 620 1057 675 in
1080 620 1314 676 excelsis
1349 619 1484 684 Deo,
1513 627 1569 674 et
1597 618 1654 673 in
1684 627 1829 675 terra
1846 631 1952 688 pax
1981 615 2298 672 hominibus

730 715 887 771 bona:
915 712 1206 769 voluntatis
1231 711 1299 766 ".
1338 728 1358 764 ι
1393 709 1664 766 Praeterea
1695 709 2058 765 inseminatos
2104 715 2160 763 et
2185 705 2299 761 vir-

730 805 938 877 ginales
968 803 1188 860 dolores
1210 801 1430 858 Gabriel
1453 802 1784 873 pmdixerat
1829 799 2216 872 archangelus,
2243 808 2298 855 et

732 894 787 947 in
823 907 1003 963 pugna
1059 891 1328 948 adversus
1353 891 1637 948 diabolum
1667 899 1826 947 erant
1867 889 2300 960 angelorum‘le-

730 984 941 1054 giones,
973 981 1296 1052 dictumque
1348 989 1436 1038 est
1467 1000 1483 1037 :
1516 1001 1535 1035 ι
1572 980 1713 1038 Ecce
1740 980 1918 1051 angeli
1948 989 2301 1035 accesserunt

733 1087 788 1134 et
841 1077 1236 1132 ministrabant
1283 1075 1334 1132 ei
1367 1076 1438 1131 ".
1471 1090 1495 1129 ι
1545 1073 1614 1130 Et
1661 1083 1789 1146 post
1838 1075 2298 1130 resurrectionem

731 1168 938 1240 angeli,
960 1183 1073 1239 pm
1095 1169 1349 1238 sepulcro
1401 1167 1672 1234 sedentes,
1707 1167 1963 1222 nuntiant
1978 1165 2300 1221 mulieribus

732 1260 945 1315 Domini
976 1259 1455 1316 resurrectionem.
1475 1257 1607 1314 item
1635 1259 1834 1330 angeli,
1851 1257 2073 1313 Christo
2099 1257 2169 1312 ad
2189 1271 2302 1313 cm-

733 1354 850 1408 lum
888 1369 1134 1420 reverso,
1174 1369 1300 1409 cum
1331 1352 1595 1422 apostolis
1625 1353 2032 1424 colloquuntur.
2063 1351 2302 1423 Angelus

732 1445 986 1500 Cornelio
1008 1461 1266 1515 magnum
1294 1444 1510 1499 Petrum
1537 1445 1817 1510 indicavit,
1837 1444 2063 1514 angelus
2080 1442 2301 1499 Petrum

732 1535 923 1592 eduxit
954 1552 1196 1592 carcere.
1228 1537 1346 1606 Ipse
1384 1537 1545 1592 divus
1568 1536 1770 1591 Paulus
1815 1551 2003 1592 secum
2036 1537 2302 1607 navigan-

732 1625 881 1682 tibus
912 1625 1171 1682 diccbat:
1225 1643 1245 1677 ι
1298 1625 1656 1682 Astititenim
1711 1625 1846 1680 mihi
1895 1625 1992 1682 Dei
2037 1627 2299 1697 angelus,

732 1716 893 1786 cujus
925 1731 1047 1772 sum
1075 1729 1178 1788 ego
1204 1715 1273 1784 “,
1306 1735 1326 1768 ι
1357 1725 1411 1771 et
1441 1716 1612 1771 multa
1641 1716 1766 1771 alia.
1801 1717 1929 1773 Haec
1973 1718 2041 1774 de
2071 1716 2302 1774 creden-

733 1809 883 1865 tibus
936 1809 1204 1879 propheta
1250 1809 1529 1878 loquitur;
1579 1809 1667 1864 his
1701 1810 1945 1878 praedicit
1994 1810 2202 1872 verbis.
2247 1818 2332 1874 et.

733 1877 1138 1955 incredulorum
1168 1877 1382 1970 poenas,
1415 1909 1468 1955 et
1498 1916 1638 1970 quas
1668 1877 1739 1956 ob
1765 1915 1961 1957 causas
1984 1903 2301 1972 punientur.
2334 1877 2374 1932 Β

733 1987 963 2058 Propter
1010 1991 1335 2060 sanguinem
1380 1989 1617 2046 ﬁliorum
1679 1991 1818 2046 ultio
1862 2003 2078 2063 sumpta
2109 2003 2212 2059 est,
2247 2002 2303 2049 et

735 2083 913 2131 sumet
936 2076 1202 2133 Dominus
1220 2076 1288 2133 de
1307 2076 1552 2133 inimicis
1574 2078 1714 2145 suis,
1728 2079 1998 2148 justitiam
2016 2080 2302 2150 retribuet,

732 2166 926 2235 eisque
975 2165 1070 2235 qui
1121 2180 1246 2219 eum
1300 2165 1555 2227 oderunt,
1579 2153 1653 2220 'et
1686 2167 2009 2237 cxpurgabit
2039 2166 2305 2224 Dominus

733 2260 937 2306 terram
969 2253 1152 2321 populi
1183 2252 1292 2308 sui.
1318 2251 1492 2308 Filios
1525 2254 1618 2309 Dei
1641 2255 1874 2325 appellat
1901 2265 2142 2324 sanctos,
2165 2273 2305 2327 quos

736 2339 1081 2394 trucidarunt
1125 2339 1435 2396 homicidae.
1483 2339 1754 2413 Namque,
1803 2352 1862 2398 ut
1914 2345 2303 2413 prophetarum

733 2430 1096 2485 mactationes
1142 2429 1381 2486 omissas
1421 2430 1620 2487 faciam
1657 2442 1714 2489 et
1745 2433 1960 2489 Domini
2007 2437 2303 2493 salutarem

736 2521 1084 2590 passionem,
1147 2530 1530 2579 mactaverunt
1594 2533 1650 2579 et
1704 2525 1970 2582 victorem
2028 2529 2304 2598 egregium

736 2611 1098 2682 Stephanum,
1128 2625 1183 2670 et
1212 2615 1359 2686 ligno
1382 2615 1704 2671 occiderunt
1733 2633 1989 2689 magnum
2018 2617 2306 2689 Iacobum,

734 2711 792 2757 et
838 2716 1124 2761 sexcentos
1150 2707 1310 2763 alios.
1348 2706 1599 2780 Denique
1649 2711 1842 2769 domos
1888 2729 2082 2770 eorum
2127 2716 2221 2786 qui
2249 2717 2306 2772 in

736 2793 1029 2852 Dominum
1060 2798 1375 2867 credebant,
1407 2800 1720 2872 depopulati
1747 2789 1917 2871 sunt,
1968 2815 2029 2861 ut
2064 2823 2309 2879 persaepe

737 2887 900 2942 divus
927 2887 1129 2946 Paulus
1151 2888 1555 2949 Thessalonicis
1581 2896 1830 2951 scribens
1856 2905 2086 2953 testatur
2112 2916 2127 2952 :
2153 2917 2172 2951 ι
2196 2898 2310 2957 Vos

734 2977 882 3032 cnim
935 2977 1239 3036 imitatores
1289 2979 1418 3037 facti
1462 2982 1596 3038 estis
1653 2994 1973 3042 sanctorum
2002 2987 2097 3057 qui
2148 2986 2309 3044 Jeru-

736 3068 907 3124 salem
933 3079 1084 3136 sunt,
1116 3072 1244 3142 quia
1271 3073 1462 3130 eadem
1497 3077 1646 3147 passi
1677 3078 1812 3134 estis
1860 3092 1916 3134 et
1945 3094 2045 3133 vos
2103 3095 2133 3135 a
2173 3096 2308 3137 con-

736 3159 1034 3218 tribulibus
1081 3165 1306 3231 vestris,
1349 3166 1496 3222 sicut
1538 3175 1595 3223 et
1639 3169 1745 3239 ipsi
1792 3185 1824 3224 a
1867 3167 2074 3228 iudicis
2114 3175 2209 3242 qui
2255 3183 2310 3229 et

738 3251 1031 3310 Dominum
1080 3258 1400 3315 occiderunt
1429 3257 1642 3328 Jesum,
1698 3271 1754 3317 et
1799 3264 1948 3332 ipsos
1989 3267 2306 3337 prophetas,

735 3354 792 3399 et
819 3360 920 3400 nos
952 3350 1226 3417 persecuti
1249 3358 1400 3416 sunt,
1433 3361 1490 3407 et
1527 3351 1638 3407 Deo
1673 3369 1783 3410 non
1814 3355 2052 3426 placent,
2087 3367 2145 3413 et
2191 3373 2313 3413 om-

739 3437 902 3492 nibus
928 3440 1284 3496 adversantur
1309 3443 1379 3498 ".
1403 3461 1423 3495 ι
1477 3442 1602 3499 Haec
1629 3461 1854 3516 quoque
1887 3446 2151 3505 Dominus
2201 3450 2312 3507 illis

739 3531 1091 3598 exprobravit
1115 3533 1169 3586 in
1196 3534 1454 3602 parubola
1494 3535 1710 3592 vineae:
1753 3553 1994 3610 namque
2031 3555 2314 3597 servorum

741 3623 910 3677 alium
926 3625 1302 3689 vcrberarunt,
1339 3627 1508 3682 alium
1536 3630 1879 3697 occiderunt,
1914 3632 2081 3688 alium
2112 3635 2319 3705 lapida-

743 3719 958 3779 verunt,
988 3725 1319 3786 quapropter
1362 3714 1536 3773 iudici
1565 3732 1664 3790 per
1695 3720 1884 3777 orbem
1933 3729 2202 3778 terrarum
2232 3723 2318 3780 di-

743 3815 1088 3873 spcrgentur.

823 4090 1154 4159 QUIESTIO
1190 4093 1726 4168 CCLX_X_)_{l__[Qoisl.
1765 4098 2027 4168 CCXCV,
2089 4102 2252 4161 Taur.

1347 4165 1752 4242 CCLxxxw].

747 4254 1320 4334 Curndemmnuparvi
1385 4261 1599 4334 peccati
1644 4261 2063 4334 causa_Moyses
2129 4266 2317 4331 procul

815 4326 988 4380 videre
1014 4326 1306 4395 pollicitam
1335 4326 1531 4382 terram
1569 4328 1756 4399 jussus
1786 4332 1876 4398 sit,
1903 4326 2314 4390 ct'imroilucere

823 4399 1074 4465 populum
1105 4400 1403 4469 prohibitus
1435 4401 1574 4470 (80).

2402 613 2564 683 ὑμνεῖ
2614 612 2717 683 τὴν
2768 612 2922 667 θείαν
2970 611 3388 682 φιλανθρωπίαν·
3434 609 3615 680 βοῶν·
3665 628 3685 663 ι
3727 610 3872 676 Δόξα
3924 611 3981 662 ἀν

2399 702 2647 773 ὑψίστοις
2674 701 2816 775 Θεῷ,
2844 702 2940 758 καὶ
2966 703 3058 757 ἐπὶ
3089 705 3193 773 γῆς
3214 702 3428 772 εἰρήνη,
3454 702 3514 754 ιν
3541 700 3860 772 ἀνθρώποις
3892 700 3978 753 εύ-

2398 793 2590 850 δοκία·
2647 813 2668 848 ι
2709 794 2806 849 καὶ
2857 793 2957 858 τὰς
3008 794 3322 863 ἀσπάρτους
3367 792 3427 846 δὶ
3487 791 3582 845 καὶ
3645 791 3978 862 ἀλοχεύτοιυς

2399 887 2615 952 ὲκείνας
2685 886 2885 952 ὠδῖνας
2951 885 3196 956 Γαϐριὴλ
3264 883 3598 956 προείρηκεν
3675 885 3707 938 6
3763 885 3977 954 ἀρχάγο

2399 981 2588 1049 γελος·
2613 980 2719 1035 κάν
2760 979 2842 1050 τῷ
2878 968 3017 1050 πρὸς
3066 979 3159 1031 τὸν
3203 976 3450 1033 διάϐολον
3497 975 3674 1045 ἀγῶνι
3717 976 3980 1046 παρῆσαν

2399 1073 2510 1126 τῶν
2559 1071 2810 1140 ἀγγέλων
2858 1072 2912 1124 οἰ
2959 1070 3152 1140 δῆμοι·
3207 1086 3229 1121 ι
3271 1067 3672 1140 Προσελθόντες
3709 1069 3846 1138 γάρ,
3876 1085 3984 1138 φη-

2403 1164 2520 1227 σὶν,
2571 1165 2622 1216 οἰ
2667 1162 2928 1231 ἄγγελοι,
3000 1161 3286 1231 διηκόνουν
3344 1158 3529 1229 αὐτῷ·
3605 1159 3788 1233 »ικαὶ
3839 1159 3982 1228 μετά

2406 1253 2506 1321 τήν
2547 1252 2853 1308 ἀνάστασιν
2909 1252 3134 1320 ἄγγελοι
3180 1249 3260 1320 τῷ
3299 1250 3458 1320 τάφῳ
3498 1248 3981 1320 προσεδρεύουσιν,

2401 1344 2883 1415 εὐαγγελιζόμενοι
2936 1347 3056 1408 ταῖς
3113 1343 3332 1412 γυναιξὶ
3377 1342 3480 1412 τὴν
3537 1342 3844 1397 ἀνάστασιν
3890 1342 3984 1392 καὶ

2412 1439 2527 1500 τοῖς
2580 1436 2902 1500 ἀποστόλοις
2947 1434 3089 1506 μεαά
3119 1435 3220 1504 τὴν
3249 1435 3330 1498 εἰς
3353 1433 3616 1503 οὐρανοὺς
3663 1431 3861 1487 ἀνοδαν
3891 1431 3984 1483 τοῦ

2401 1527 2675 1582 Δεσπότου
2697 1543 2714 1562 ·
2743 1529 2842 1582 καὶ
2868 1527 2948 1598 τῷ
2991 1526 3280 1598 Κορνηλίῳ
3343 1525 3577 1593 ἄγγελος
3604 1524 3674 1578 τὰ
3721 1523 3873 1577 κατὰ
3897 1524 3985 1576 τὸν

2405 1622 2576 1692 μέγαν
2607 1621 2814 1690 Πέτρον
2849 1620 3124 1691 ἐμήνυσε·
3159 1619 3254 1672 καὶ
3297 1617 3459 1671 αὐτὸν
3489 1617 3697 1687 Πέτρον
3734 1616 3842 1684 τῆς
3885 1633 3985 1684 φν-

2400 1714 2576 1785 λακῆς
2635 1713 2870 1782 ἄγγελος
2918 1711 3192 1783 ἐξήγαγε·
3222 1711 3317 1764 καὶ
3359 1712 3390 1764 6
3419 1709 3563 1772 θεῖος
3608 1707 3827 1769 Παῦλος
3877 1710 3986 1770 τοῖς

2404 1804 2772 1876 συμπλέουσιν
2824 1803 2964 1874 ἔφη·
3000 1821 3021 1855 ι
3058 1800 3237 1871 won
3297 1816 3389 1871 μοι
3417 1799 3512 1852 τοῦ
3563 1800 3701 1852 Θεοῦ
3752 1798 3988 1865 ἄγγελος

2402 1890 2464 1951 οῦ
2490 1898 2636 1968 εἰμι·
2673 1915 2692 1948 ι
2725 1895 2823 1950 καὶ
2865 1893 3036 1948 πολλά
3063 1891 3328 1947 τοιαῦτα·
3373 1891 3545 1944 εἰπὼν
3592 1889 3654 1942 δὲ
3700 1889 3841 1961 περὶ
3877 1889 3988 1942 τῶν

2404 1988 2844 2043 πεπιστευκότων
2865 1987 2895 2040 6
2927 1988 3224 2058 προφήτης
3252 1984 3446 2046 ταῦτα,
3469 1982 3730 2053 προλέγει
3755 1982 3854 2035 καὶ
3879 1981 3988 2035 τῶν

2403 2081 2654 2136 ἀπίστων
2683 2079 2784 2143 τάς
2808 2078 3084 2149 τιμωρίας
3114 2077 3210 2129 καὶ
3238 2076 3335 2141 τάς
3367 2076 3543 2138 αἰτίας
3567 2074 3641 2128 δι’
3665 2073 3736 2137 ἀς
3768 2073 3989 2125 πείσονο

2401 2188 2528 2225 ται·
2563 2172 2666 2241 ἔφη
2695 2171 2836 2241 γάρ·
2875 2187 2896 2222 ι
2934 2171 3058 2224 Ὀτι
3081 2168 3143 2224 τὸ
3171 2163 3312 2239 αἷμα
3345 2168 3453 2222 τῶν
3477 2167 3611 2220 υἰῶν
3639 2165 3815 2219 αὑτοῦ
3842 2165 3990 2217 £16:-

2404 2265 2598 2325 κεῖται.
2649 2264 2746 2316 καὶ
2781 2262 3084 2334 ἐκδικήσει,
3126 2262 3224 2314 καὶ
3263 2260 3635 2315 ἀνταποδῶσει
3679 2259 3848 2328 δίκην
3877 2261 3989 2321 τοίς

2403 2349 2640 2420 ἐχθροῖς,
2672 2350 2768 2404 καὶ
2812 2353 2925 2415 τοῖς
2957 2349 3210 2421 μισοῦσιν
3256 2351 3419 2403 αὑτὸν
3457 2348 3865 2414 mmmam,
3898 2350 3991 2401 καὶ

2405 2443 2726 2514 ἐκκαθαιρεί
2757 2442 2960 2514 Κύριος
2986 2443 3087 2516 τὴν
3109 2443 3227 2512 γῆν.
3242 2443 3338 2497 τοῦ
3371 2442 3501 2496 λαοῦ
3534 2441 3728 2495 αὑτοῦ.
3769 2462 3791 2494 ι
3826 2442 3990 2504 “ob;

2404 2535 2462 2588 δὲ
2489 2533 2624 2588 Θεοῦ
2660 2534 2895 2606 κέκληκε
2924 2534 3052 2598 τοὺς
3078 2535 3270 2602 ἁγίους
3295 2533 3390 2598 οὓς
3430 2533 3640 2588 ἀνεῖλον
3677 2534 3729 2587 οἰ
3761 2533 3989 2603 μιαιφό-

2408 2647 2488 2683 νοι
2508 2647 2522 2661 ·
2558 2631 2644 2683 ἶνα
2669 2629 2780 2699 γὰρ
2808 2628 2907 2693 τάς
2933 2626 3043 2681 τῶν
3081 2627 3379 2698 προφητῶν
3413 2625 3629 2695 σφαγὰς
3662 2625 3990 2696 παραλίπω,

2408 2723 2502 2776 καὶ
2532 2721 2628 2774 τοῦ
2655 2721 2928 2774 Δεσπότου
2964 2720 3026 2774 τὸ
3058 2720 3325 2790 σωτήριον
3359 2718 3552 2784 πάθος,
3587 2718 3686 2772 τδν
3720 2718 3828 2790 μιν
3860 2719 3992 2771 καλε

2407 2814 2609 2868 λίνικον
2656 2812 2986 2868 κατέλευσαν
3037 2811 3329 2881 Στέφανον,
3377 2809 3518 2881 ξύλῳ
3563 2810 3622 2864 δὲ
3669 2810 3773 2863 τὸν
3820 2811 3994 2879 μέγαν

2409 2906 2617 2959 ἀνεῖλον
2644 2903 2916 2970 Ἰάκωϐον,
2945 2903 3042 2956 καὶ
3061 2903 3232 2974 μυρία
3251 2901 3410 2965 ἄλλα,
3439 2901 3536 2955 καὶ
3561 2899 3676 2954 τῶν
3693 2900 3783 2971 τῷ
3805 2901 3994 2972 Κυρίῳ

2408 2999 2467 3051 δὲ
2493 2997 2940 3050 πεπιστευκότων
2971 2995 3073 3058 τάς
3102 2995 3278 3058 οἰκίας
3309 2993 3711 3065 ίξεπόρθησαν,
3754 2994 3838 3058 ὡς
3869 2995 3995 3048 πολ-

2412 3089 2575 3160 λαχοῦ
2600 3087 2812 3152 Παῦλος
2843 3090 2873 3142 6
2903 3087 3046 3149 θεῖος
3078 3087 3176 3140 καὶ
3194 3085 3650 3139 Θεσσαλονικεῦσι
3671 3086 3734 3139 δὲ
3769 3087 3996 3156 γράφων

2413 3179 2847 3252 έπιμαρτύρεται
2865 3193 2882 3212 ·
2921 3177 3217 3248 ιΙΜιμηταὶ
3241 3176 3350 3249 γάρ
3381 3175 3638 3245 ἐγένεσθε
3666 3177 3787 3230 τῶν
3814 3179 3876 3232 έν
3907 3179 3994 3231 Ἱε-

2412 3269 2691 3340 ρουσαλὴμ
2716 3267 2888 3336 ἁγίων
2911 3283 2926 3298 ·
2954 3267 3025 3321 τὰ
3049 3266 3188 3320 αύτά
3214 3267 3345 3338 γάρ,
3363 3267 3516 3339 φησὶ,
3549 3270 3646 3321 καὶ
3674 3267 3847 3337 ὑμεῖς
3869 3269 3998 3324 έκάο

2411 3359 2534 3413 θετε
2578 3357 2684 3412 ὑπὸ
2713 3357 2823 3414 τῶν
2873 3357 3019 3412 ἰδίων
3070 3355 3449 3426 συμφυλετῶν,
3491 3355 3761 3428 καθάπερ
3809 3360 3998 3413 ἐκεῖνοι

2413 3452 2519 3505 ὑπὸ
2559 3450 2830 3504 Ἰουδαίων
2857 3449 2965 3504 τῶν
3005 3451 3104 3504 καὶ
3149 3449 3241 3503 τὸν
3279 3449 3484 3520 Κύριον
3530 3449 3998 3513 ἀποκτεινάντων,

2414 3541 2654 3605 καὶτοὺς
2684 3540 2848 3604 ἰδίους
2875 3541 3160 3613 προφήτας
3181 3540 3276 3594 καὶ⁵
3295 3541 3445 3611 ήμᾶς
3474 3539 3898 3608 ἐκδιωξάντων,
3917 3541 4002 3594 καὶ

2415 3634 2535 3704 Θεῷ
2561 3633 2635 3705 μή
2659 3632 3001 3704 ἀρεσκόντων
3021 3633 3117 3686 καὶ
3143 3634 3308 3686 πᾶσιν
3329 3631 3641 3704 ἀνθρώποις
3666 3634 3958 3688 ἐναντίων.
3977 3652 3998 3685 ι

2415 3725 2603 3780 Ταῦτα
2640 3727 2732 3780 καὶ
2765 3727 2796 3779 6
2840 3725 3045 3796 Κύριος
3076 3724 3256 3779 αὐτῶν
3284 3724 3670 3795 κατηγόρησεν
3698 3726 3767 3779 έν
3813 3729 3887 3797 τῇ
3917 3725 4001 3778 τοῦ

2414 3818 2732 3889 ἀμπελῶνος
2752 3817 3060 3889 παραϐολῇ·
3087 3815 3298 3870 ὅτιτῶν
3320 3815 3523 3870 δούλων
3549 3815 3610 3869 ὃν
3635 3816 3740 3885 μὶν
3766 3816 4001 3887 ιδειραν,

2413 3909 2473 3964 δν
2500 3909 2559 3962 δὲ
2585 3910 2934 3973 ἀπέκτειναν,
2958 3908 3018 3962 ὃν
3046 3909 3106 3962 δὲ
3157 3906 3540 3978 ἐλιθοϐόλησαν
3561 3923 3578 3939 ·
3607 3907 3817 3962 τούτου
3852 3909 4003 3980 χάριν

2420 4003 2618 4068 αὐτοὺς
2677 4004 2757 4066 εἰς
2787 4003 2967 4056 πᾶσαν
2996 4003 3098 4071 τὴν
3123 4001 3449 4072 οἰκουμένην
3475 4000 3824 4072 διέσπειρεν.

2928 4110 3267 4167 ΕΡΩΤΗΣΙΣ
3303 4111 3473 4164 ΣΠΑ’.

2418 4271 2480 4326 Tl
2529 4267 2754 4337 δήποτε
2799 4267 2899 4321 διὰ
2949 4266 3208 4337 σμικρὰν
3261 4263 3677 4337 πλημμελείᾳ·
3731 4262 4008 4331 Ιιωῦσῆς

2482 4332 2798 4420 πόρῤωᾷενι
2837 4332 3396 4420 ἰδεῒιξπροσςτρχοη
3424 4332 3542 4404 τὴν
3580 4332 3720 4403 γῆν,
3753 4337 4007 4402 alvoru-

2479 4406 2608 4479 τεῖν·
2639 4407 2708 4461 δὲ
2740 4409 2845 4461 τὸν
2872 4407 3026 4461 λαὸν
3060 4406 3331 4473 ἐκωλύθη
3355 4421 3375 4468 ;

1454 4509 1598 4563 Edita
1619 4527 1648 4563 a
1678 4513 1805 4564 Italo
1827 4516 1883 4579 (l.
1917 4528 1964 4566 c.
1995 4529 2046 4580 p.
2069 4515 2178 4579 141,
2202 4532 2251 4584 q.
2282 4519 2415 4583 291).
2439 4548 2500 4560 -
2525 4524 2580 4572 ιιι
2609 4523 2881 4573 Deuteron.
2921 4533 3075 4579 xxxn,
3109 4521 3186 4580 48,
3209 4519 3289 4569 52.

823 4588 916 4646 Sic
961 4605 1064 4648 nos
1115 4605 1428 4650 commonet
1459 4595 1606 4652 Deus
1636 4613 1696 4654 se
1740 4600 1941 4656 abillis
1974 4602 2070 4672 qui
2117 4603 2311 4659 eximia

2492 4607 2742 4661 Διδάσκει
2765 4605 2854 4659 διὰ
2879 4604 3084 4658 τούτων
3104 4604 3253 4674 ήμᾶς
3280 4603 3310 4657 6
3329 4603 3481 4668 Θεὸς,
3502 4601 3577 4666 ὡς
3593 4601 3718 4664 τοὺς
3738 4601 3810 4655 ὲν
3839 4602 4008 4674 ἀρετῇ

750 4682 949 4738 virtute
997 4691 1126 4738 sunt
1159 4685 1390 4754 prmditi,
1422 4701 1698 4742 summam
1735 4689 1992 4745 virtutem
2039 4700 2319 4763 expetere,

751 4781 978 4828 caeteros
999 4787 1127 4828 vero
1177 4773 1431 4830 homines
1459 4777 1551 4847 qui
1573 4777 1791 4834 abunde
1835 4779 1983 4849 leges
2019 4791 2324 4854 transgre-

753 4865 808 4918 di
825 4873 1003 4932 antur,
1029 4866 1296 4936 patienter
1317 4866 1602 4937 ferentem,
1629 4881 1848 4927 sanctos
1874 4871 2325 4946 homines,bujus

756 4953 1104 5025 indulgentia
1158 4973 1270 5012 non
1329 4957 1510 5014 facere
1558 4960 1885 5032 participes;
1935 4963 2082 5033 quod
2137 4973 2194 5019 et
2246 4964 2327 5020 ait

758 5045 989 5119 Sapiens
1012 5049 1233 5120 quidam
1258 5066 1303 5106 ει
1329 5049 1546 5106 Parvuli
1576 5053 1797 5124 quidem
1817 5053 1970 5126 digni
1999 5055 2320 5113 misericor-

757 5140 1147 5212 diae,potentes
1167 5150 1416 5214 potenter
1437 5146 1832 5202 scrutabuntur
1855 5149 1951 5202 "'.
1976 5147 2041 5203 Et
2056 5147 2323 5209 Dominus

759 5233 814 5288 in
839 5235 1012 5292 sacris
1041 5234 1353 5309 Evangeliis
1382 5255 1397 5293 :
1434 5257 1452 5291 ι
1485 5239 1583 5294 Cui
1609 5238 1883 5295 modicum
1915 5241 2157 5308 dabitur,
2205 5259 2327 5298 mo-

761 5328 942 5383 dicum
972 5327 1042 5384 ab
1088 5329 1179 5385 illo
1230 5338 1506 5400 repetetur
1533 5330 1573 5386 ⁸.
1612 5349 1632 5385 ι
1682 5330 2208 5405 lntelligendumque
2241 5344 2330 5392 est

764 5419 869 5475 hoc
902 5435 917 5473 :
951 5421 1094 5492 quod
1123 5422 1291 5478 alium
1331 5421 1493 5479 linem
1541 5424 1646 5479 alia
1681 5425 1768 5481 via
1797 5426 1994 5499 quierit
2040 5427 2327 5486 Dominus.

2422 4702 2684 4765 τελείους,
2708 4700 2806 4774 τὴν
2834 4700 3007 4772 ἄκραν
3031 4699 3234 4771 ἀρετὴν
3268 4699 3518 4752 ἀπαιτεῖ·
3552 4698 3646 4751 καὶ
3671 4698 3799 4760 τοῖς
3830 4698 4013 4759 ἄλλοις

2424 4792 2731 4864 ἀνθρώποις
2776 4793 2990 4864 μεγάλα
3034 4789 3407 4863 παρανομοῦσι
3451 4787 3864 4862 μακροθυμῶν,
3901 4791 4014 4852 τοῖς

2425 4887 2600 4956 ἁγίοις
2631 4886 2835 4957 ταύτης
2864 4885 2926 4939 ού
2959 4883 3280 4955 μεταδίδωσι
3315 4883 3419 4953 τῆς
3451 4880 3826 4952 συγγνώμης·
3857 4881 4017 4935 τοῦτο

2426 4975 2521 5030 καὶ
2577 4975 2740 5046 σοφός
2779 4992 2857 5038 τις
2885 4991 2902 5006 ·
2935 4977 2963 5028 6
3012 4974 3112 5044 μὲν
3157 4973 3265 5046 γὰρ
3304 4972 3601 5044 ἐλάχιστος,
3650 4972 4016 5040 συγγνωστός

2426 5066 2572 5119 ἐστιν
2605 5065 2808 5130 ἐλέους,
2841 5063 3055 5118 δυνατοὶ
3084 5062 3140 5117 δὲ
3164 5061 3404 5126 δυνατῶς
3447 5061 3855 5133 έτασθήσονται
3876 5077 3895 5093 ·
3927 5064 4017 5116 καὶ

2424 5159 2454 5212 6
2482 5157 2687 5231 Κύριος
2730 5158 2787 5211 έν
2817 5157 3108 5229 τοῖςίεροῖς
3141 5155 3523 5225 Εὐαγγελίοις·
3559 5146 3660 5226 ιᾯ
3697 5152 3814 5224 μὲν
3836 5154 4018 5223 ὀλίγον

2425 5246 2733 5319 δοθήσεται,
2762 5247 2943 5317 ὀλίγον
2972 5248 3336 5318 ἀπαιτήσουσι
3372 5245 3501 5317 παρ’
3522 5244 3686 5300 αὑτοῦ
3710 5261 3724 5277 ·
3780 5264 3804 5297 s
3839 5247 4016 5300 ἰστέον

2430 5339 2614 5410 μέντοι
2669 5340 2762 5394 καὶ
2797 5340 2976 5406 τοῦτο,
3006 5339 3083 5403 ὡς
3125 5338 3289 5409 ιτερα
3316 5337 3385 5391 δι’
3427 5337 3631 5408 ἑτέρων
3654 5337 3683 5391 6
3713 5335 4015 5406 Δεσπότης

2428 5437 2732 5508 οἰκονομεῖ·
2765 5435 2954 5509 ῶσπερ
2977 5435 3169 5507 ἀμέλει
3185 5431 3282 5488 κάι
3302 5433 3517 5488 τουτονὶ⁵
3540 5431 3632 5486 τίον
3655 5429 3853 5503 μέγαν
3883 5449 4016 5501 προ-

830 5539 879 5572 ⁹⁸
907 5537 1040 5595 Luc.
1065 5555 1127 5607 ιι,
1157 5539 1244 5597 14.
1318 5541 1363 5574 ⁸⁷
1393 5540 1589 5599 Matth.
1616 5558 1688 5608 tv,
1717 5543 1804 5600 11.
1863 5543 1909 5576 ⁸⁸
1930 5543 2051 5600 Act.
2089 5559 2258 5610 xxvii,
2290 5547 2311 5601 9

2456 5552 2500 5583 ⁸⁸
2531 5550 2766 5609 lThess.
2799 5567 2858 5618 ιι,
2884 5551 2970 5608 14.
3009 5551 3078 5584 ’⁸⁸
3112 5547 3242 5620 Sap.
3266 5564 3343 5614 vi,
3375 5546 3429 5604 7.
3486 5547 3500 5578 '
3536 5545 3724 5601 Matth.
3759 5559 3896 5613 xm,
3933 5547 4015 5605 18.

2271 5663 2506 5725 ΝΟΤΑΕ.

841 5747 1108 5832 (80)“Ιι;ιξο
1144 5749 1335 5832 ultima
1368 5752 1880 5832 expugnationibus,
1917 5769 2054 5824 quas
2082 5770 2112 5813 e
2146 5664 2311 5816 Tllet:

2414 5667 2506 5725 ΑΕ.

2410 5770 2487 5818 sto
2521 5762 2760 5832 sumpsit
2787 5760 3030 5818 Photinus.
3090 5766 3265 5816 exstat
3316 5753 3462 5826 apud
3501 5752 3930 5810 Theodorctum
3961 5766 4014 5819 ἢ.

770 5817 836 5873 45
869 5819 923 5874 in
951 5818 1240 5878 Deutcron.
1272 5821 1334 5876 Τ.
1374 5817 1584 5887 LXXX,
1611 5839 1662 5891 p.
1683 5821 1807 5878 447,
