4156 6438
132 375 251 441 1113

794 380 895 439 AD
932 376 1523 440 AMPHILOCHIUM
1573 377 1918 452 QUESTIO
1956 376 2735 442 CCLXXXI-CCLXXXIII.

3225 387 3361 453 1114

124 492 286 562 φήτην
307 489 409 544 οὐκ
431 489 615 545 εἴασεν
640 491 720 555 εἰς
742 491 841 563 τὴν
862 492 967 562 γῆν
986 492 1087 562 τῆς
1106 491 1445 562 ἐπαγγελίας
1466 494 1690 561 είσαγα-

1795 488 1868 546 Ut
1896 490 2046 548 enim
2079 488 2224 546 Deus
2246 504 2359 546 non
2384 499 2562 558 curat,
2598 493 2683 548 vel
2716 493 2898 564 potius
2919 508 3027 551 non
3056 495 3189 552 sinit
3214 498 3362 553 hunc

124 581 231 647 γεϊν
250 579 338 635 τὸν
367 579 518 637 λαδν.
550 580 640 634 ῐνα
672 581 748 652 μὴ
777 577 860 645 ib;
887 582 1020 635 Θεὸν
1052 582 1215 637 αὐτὸν
1260 582 1597 636 σεϐασθῶσιν
1629 582 1679 636 οί

135 673 476 745 ἰσραηλῖταιο
505 672 697 727 τούτου
729 674 888 746 χάριν
918 674 1086 729 αὑτοῦ
1105 676 1202 731 καὶ⁵
1227 676 1321 731 τὸν
1347 676 1521 747 τάφον
1546 676 1681 747 ἄδη-

124 766 209 818 λον
250 765 503 835 ἐποίησεν
539 767 569 820 ό
615 766 795 834 σοφῶς
838 765 909 819 τὰ
959 768 1083 821 καθ’
1126 769 1275 839 ἡμᾶς
1322 767 1681 840 πρυτανεύων

124 858 264 923 Θεός.
300 858 515 915 Είδέναι
553 858 610 912 δὲ
657 859 753 913 καὶ
793 858 953 914 τοῦτο
1001 862 1290 937 προσήκει,
1323 860 1399 924 ὡς
1440 859 1685 930 Μωῦσῆς

122 950 280 1004 τύπον
303 951 417 1022 ἔχει
445 951 541 1005 τοῦ
583 951 788 1022 νόμουσ
820 952 905 1006 διὸ
940 953 1038 1006 καὶ
1080 953 1323 1023 Μωῦσῆς
1367 954 1468 1022 τὴν
1513 969 1684 1023 προσ·-

123 1046 340 1118 ηγορίαν
366 1047 569 1119 ὀνόμος
596 1047 710 1118 ἔχει
734 1065 750 1081 ο
777 1048 961 1117 ἔχουσι
988 1048 1120 1118 γάρ,
1148 1048 1565 1120 φησὶ,Μωῦσέα
1590 1048 1687 1101 καὶ

122 1137 244 1200 τοὺς
289 1140 576 1209 προφήτας
601 1154 615 1168 ·
646 1139 885 1193 Μωῦσέα
932 1140 1028 1193 τὸν
1063 1140 1230 1211 νόμον
1278 1139 1519 1203 καλέσας
1542 1155 1556 1169 ·
1588 1139 1689 1193 καὶ

124 1229 387 1299 πολλαχοῦ
438 1230 597 1284 τοῦτο
653 1230 870 1302 εὖροις’
924 1231 1119 1299 ὥσπερ
1159 1231 1271 1304 γὰρ
1312 1230 1547 1294 Ἡσαΐας
1595 1231 1691 1285 καὶ

134 1320 396 1391 Ἱερεμίας
427 1324 524 1377 καὶ
562 1322 823 1394 Ἰεζεκιὴλ
846 1325 909 1379 οὐ
929 1326 1056 1387 τοὺς
1081 1324 1285 1395 ἄνδρας
1310 1326 1530 1393 μόνους,
1555 1324 1691 1378 ἀλλὰ

1782 599 2039 656 magnum
2063 584 2387 655 prophetam
2414 584 2467 639 in
2491 593 2690 640 terram
2737 587 3064 657 promissam
3098 589 3357 659 populum

1783 676 2158 743 introducere,
2209 689 2279 731 ne
2323 684 2385 729 ut
2433 690 2533 747 pro
2589 677 2700 733 Deo
2756 678 2913 733 illum
2968 689 3364 735 venerarentur

1782 767 2065 833 Israelita,
2118 768 2313 823 eadem
2340 766 2409 823 de
2457 783 2625 823 causa
2661 769 2973 839 sepulcrum
2995 770 3117 840 ejus
3155 771 3365 827 abdidit

1784 860 1880 932 qui
1913 860 2193 930 sapienter
2240 860 2515 917 humanas
2566 876 2657 917 res
2692 860 3008 917 moderatur
3052 861 3217 918 Deus.
3248 863 3366 919 Hoc

1786 967 2009 1024 quoque
2035 953 2179 1009 scire
2203 951 2474 1009 debemus
2502 952 2729 1026 Moysen
2756 954 2929 1011 fuisse
2950 955 3087 1028 legis
3112 956 3363 1027 ﬁguram.

1786 1043 1971 1112 Quare
2017 1060 2323 1115 cognomen
2375 1045 2590 1119 Moyses
2625 1047 2792 1104 habet
2832 1047 2937 1104 lex.
2975 1046 3191 1105 Habent
3214 1048 3364 1104 enim

1787 1138 2011 1210 Moysen
2037 1148 2093 1194 et
2118 1140 2436 1211 prophetas,
2465 1143 2542 1196 ait
2566 1141 2874 1212 Scriptura.
2911 1142 3111 1212 Legem
3144 1140 3367 1212 Moysen

1789 1231 2098 1299 appellant,
2139 1233 2286 1301 quod
2345 1233 2536 1290 multis
2586 1234 2724 1291 locis
2770 1236 3041 1289 invenias.
3095 1232 3168 1289 Ut
3219 1234 3366 1288 enim

1789 1319 2009 1387 Isaiam,
2042 1319 2336 1378 Jeremiam
2358 1333 2415 1379 et
2436 1324 2689 1382 Ezechiel
2717 1342 2825 1381 non
2858 1328 3006 1381 viros
3054 1326 3239 1391 modo,
3272 1325 3368 1380 sed

120 1414 217 1468 καὶ
239 1415 304 1468 τά
327 1416 553 1469 ἐκείνων
581 1416 763 1485 βιϐλία
793 1416 1071 1488 καλοῦμεν
1089 1433 1104 1449 ⁸
1138 1418 1236 1471 καὶ⁵
1260 1417 1449 1487 σχεδὸν
1471 1416 1535 1470 τὺ
1560 1416 1690 1470 αὐτὸ

1792 1412 1958 1467 etiam
1984 1428 2172 1468 eorum
2204 1414 2376 1470 lihros
2408 1418 2769 1487 appellamus,
2803 1429 2971 1487 utque
2999 1419 3079 1474 sic
3106 1419 3371 1473 habemus

121 1508 215 1559 ἐπὶ
263 1509 483 1561 πάντων
530 1507 775 1581 καθορᾷν
837 1509 958 1562 ἐστι
1004 1510 1116 1562 τῶν
1168 1508 1490 1580 συγγραφὰς
1545 1507 1696 1569 θείας

118 1599 587 1654 άπολελοιπότων·
616 1600 759 1654 οῦτω
782 1601 879 1655 καὶ
904 1601 1146 1671 Μωῦσῆν
1172 1600 1235 1654 οὐ
1270 1600 1363 1654 τὸν
1396 1600 1568 1670 ἄνδρα
1601 1598 1697 1669 μό·

119 1707 231 1755 νον,
260 1690 397 1744 άλλά
426 1692 520 1745 καὶ
545 1691 640 1745 τὸν
668 1693 834 1762 νόμον
863 1692 1014 1745 ἐστιν
1045 1692 1173 1746 ίδεῖν
1205 1692 1545 1763 κεκλημένον
1569 1691 1697 1743 ’τύ-

1794 1519 1986 1560 omnes
2042 1509 2435 1576 propemodum
2459 1525 2695 1579 quorum
2748 1527 2906 1566 sacra
2939 1519 3369 1580 cxstautOpera,

1801 1594 1948 1649 haud
1995 1595 2158 1650 aliter
2199 1595 2449 1668 Moysen,
2496 1616 2605 1653 non
2633 1601 2812 1654 virum
2849 1601 3033 1665 modo,
3071 1600 3162 1655 sed
3202 1600 3373 1653 etiam

1797 1684 1969 1755 legem
2000 1686 2148 1743 illius
2175 1686 2280 1742 hoc
2309 1689 2531 1745 nomine
2559 1690 2821 1761 appellari
2854 1691 3126 1744 videmus.
3157 1688 3373 1761 Moyses

118 1799 224 1846 πος
250 1782 347 1852 μὲν
374 1777 469 1836 οὖν
513 1783 755 1852 Μωῦσῆς
782 1784 879 1838 τοῦ
934 1783 1099 1854 νόμου
1120 1800 1136 1817 ο
1178 1782 1386 1855 Ἰησοῦς
1441 1783 1500 1837 δὲ
1542 1785 1571 1836 ό
1601 1781 1690 1835 τοῦ

1799 1774 1965 1845 igitur
1992 1777 2129 1848 legis
2150 1787 2236 1833 est
2262 1778 2459 1849 tigura,
2492 1778 2680 1847 Josue,
2703 1780 2825 1835 Nun
2851 1781 3019 1845 ﬁlius,
3045 1779 3374 1836 Salvatoris.

120 1869 303 1939 Ναυῆ.
332 1870 502 1935 τύπος
538 1871 635 1925 τοῦ
685 1874 974 1945 Σωτῆρος·
1009 1872 1199 1944 ὥσπερ
1224 1873 1407 1927 τοίνυν
1454 1872 1690 1941 Μωῦσῆς

1799 1863 1869 1921 Ut
1925 1868 2094 1937 igitur
2146 1867 2365 1940 Moyses
2432 1870 2657 1940 quidem
2718 1871 2909 1927 eduxit
2972 1870 3235 1942 populum
3306 1870 3378 1926 de

119 1962 223 2031 μὲν
252 1963 493 2034 ἐξήγαγε
530 1965 622 2019 τὸν
662 1965 792 2019 λαὸν
818 1965 881 2031 ἐξ
920 1966 1226 2034 Δίγύπτου,
1268 1964 1477 2035 Ἰησοῦς
1513 1964 1571 2018 δὲ
1597 1964 1690 2017 αὐ·

1794 1956 2052 2030 Egypto,
2084 1958 2253 2015 Josue
2280 1970 2465 2016 autem
2495 1963 2548 2016 in
2583 1972 2786 2018 terram
2818 1964 3145 2034 promissam
3196 1964 3375 2027 intro-

116 2055 214 2106 τὸν
238 2056 317 2117 είς
360 2055 458 2126 τὴν
512 2056 931 2128 ἐπηγγελμένην
973 2059 1240 2130 εἰσήγαγε
1276 2057 1404 2128 γῆν,
1450 2057 1624 2122 οῦτως
1666 2059 1690 2110 ό

1792 2048 1969 2117 duxit,
2018 2052 2099 2106 sic
2130 2052 2217 2107 lex
2247 2053 2467 2123 quidem
2519 2055 2796 2125 impietate
2825 2058 3113 2113 credentes
3156 2056 3374 2119 liberat,

116 2146 284 2216 νόμος
321 2150 419 2218 τῆς
469 2150 569 2219 μὲν
595 2150 855 2214 ἀσεϐείας
900 2150 1237 2206 ἀπαλλάττει
1264 2153 1393 2214 τοὺς
1432 2152 1690 2223 πειθομέ-

1793 2144 1969 2211 gratia
2014 2157 2145 2199 vero
2194 2143 2479 2215 Evangelii
2526 2146 2583 2201 in
2633 2162 2861 2219 regnum
2895 2149 3163 2204 ctelorum
3197 2148 3375 2203 intro-

112 2254 263 2301 νους,
291 2239 325 2306 ἡ
356 2238 413 2291 δὲ
441 2239 556 2292 τῶν
584 2240 933 2310 Εύαγγελίων
967 2242 1131 2313 χάρις
1169 2244 1252 2305 είς
1282 2242 1383 2313 τὴν
1416 2241 1698 2312 βασιλείαν
1793 2236 1987 2294 mittit.

110 2328 333 2395 είσάγει
363 2330 472 2384 τῶν
501 2332 770 2403 οὐρανῶν.

642 2446 982 2503 ΕΡΩΪΗΣΙΣ
1018 2448 1185 2506 SHB’.

1846 2436 2175 2507 QUESTIO
2210 2438 2541 2495 CCLXXXII

2617 2439 2786 2496 σοῖσι.
2837 2438 3111 2507 CCXCVI,
3148 2439 3318 2495 Taur.

2401 2510 2779 2567 CCLXXXVI.

114 2598 187 2651 Τί
214 2596 404 2653 ἐστιν·
447 2618 467 2653 ι
511 2602 614 2656 Ἔν
647 2604 829 2729 ὀλίγιὲ
854 2623 930 2730 gs
968 2610 1192 2676 πείθεις
1213 2610 1573 2678 Χριστιανὸν
1602 2627 1690 2680 τσ-

750 2692 788 2728 ν
821 2692 864 2729 σ
900 2693 1001 2742 αι;
1039 2697 1059 2730 ι

2401 2511 2779 2584 CCLXXXV].

1802 2604 1944 2671 Quid
1987 2612 2066 2658 est
2099 2604 2196 2657 hac
2224 2620 2240 2658 :
2279 2622 2308 2704 ι
2334 2602 2399 2657 In
2444 2605 2653 2743 ιιὲιέῗέονο
2668 2603 2885 2725 ⁸ιιιιιιίιιε
2917 2620 2996 2657 me
3012 2602 3378 2659 Christianum

750 2691 958 2730 νεσσαι
981 2694 1001 2742 ;
1039 2697 1059 2730 ι

2305 2702 2308 2704 ~
2466 2691 2584 2742 per:
2607 2691 2631 2727 τ
2668 2691 2688 2725 ι

768 2788 915 2841 Edita
936 2805 963 2840 a
995 2791 1120 2842 Maio
1146 2794 1204 2857 (l.
1231 2808 1277 2845 c.
1302 2810 1350 2859 p.
1376 2796 1485 2856 Hi,
1521 2798 1630 2859 142,
1660 2811 1711 2862 q.
1741 2792 1877 2853 293).
1895 2790 2256 2854 —Explanatio
2285 2790 2337 2839 in
2360 2788 2472 2839 Act.
2493 2801 2631 2869 sm,
2649 2787 2731 2837 28.

190 2871 476 2937 τουτέστι,
508 2874 577 2927 δι’
600 2874 795 2945 ὀλίγων
836 2880 1120 2949 ῥημάτων,
1151 2882 1212 2934 ἐν
1245 2882 1478 2955 βραχέσι
1494 2885 1690 2954 λόγοις1

1879 2879 1939 2935 Id
1973 2887 2082 2941 est,
2139 2874 2331 2947 paucis
2381 2874 2584 2937 verbis,
2638 2873 2790 2927 brevi
2843 2886 3118 2938 sermone,
3163 2871 3381 2926 modico

104 2966 177 3016 ἐν
205 2963 367 3037 ὀλίγῃ
398 2965 742 3040 διδασκαλίᾳ,
771 2971 940 3042 χωρὶς
976 2972 1174 3026 πολλοῦ
1208 2977 1375 3029 πόνου
1407 2978 1503 3030 καὶ
1540 2994 1690 3032 συνε-

1804 2971 2159 3035 documento,
2193 2967 2401 3037 absque
2449 2964 2624 3020 multo
2675 2964 2867 3019 labore
2908 2971 2966 3018 et
3000 2963 3381 3039 assidua‘dis-

102 3056 256 3126 χοῦς
297 3058 588 3126 διαλέξεως
613 3078 627 3092 ·
670 3060 754 3114 διδ
782 3064 877 3115 καὶ
904 3065 1042 3134 πρὸς
1091 3066 1255 3120 αὐτὸν
1289 3069 1647 3141 καταλλήλως
1673 3075 1690 3128 ί

1804 3063 2109 3136 putatione.
2130 3061 2312 3128 Quare
2340 3059 2405 3113 ad
2429 3058 2582 3113 illum
2611 3057 2950 3128 respondens
2976 3056 3179 3112 Paulus
3208 3056 3377 3111 dicit:

106 3151 343 3251 [1:161:54
376 3172 541 3226 φησιν
563 3174 576 3187 ·
629 3176 648 3209 ι
691 3158 955 3231 Ηύξάμην
983 3160 1049 3215 ἂν
1078 3162 1156 3232 τῷ
1193 3163 1337 3235 Θεῷ,
1371 3184 1390 3216 ι
1418 3165 1515 3219 καὶ
1543 3164 1690 3235 ἐξῆς⁴

1814 3177 1833 3209 ι
1864 3155 2005 3226 Opto
2049 3169 2147 3226 per
2196 3152 2433 3215 Deum’,
2462 3168 2482 3202 ι
2545 3158 2602 3206 et
2671 3150 2908 3220 reliqua.
2959 3150 3189 3205 Perinde
3228 3165 3293 3205 ac
3334 3150 3385 3205 si

96 3239 242 3296 οἷον
268 3246 350 3298 ὅτι
372 3247 496 3317 ἐμοὶ
524 3248 731 3320 σπουδὴ
768 3249 930 3304 τοῦτο
958 3252 1020 3304 τὸ
1047 3254 1303 3321 γενέσθαι
1327 3258 1535 3320 πάντας
1564 3257 1690 3328 Χρι-

1809 3250 2020 3305 diceret
2047 3265 2061 3301 :
2091 3244 2239 3301 Nihil
2259 3244 2393 3300 mihi
2423 3242 2605 3314 potius
2622 3251 2707 3299 est
2722 3259 2888 3312 quam
2913 3258 3105 3299 omnes
3133 3242 3385 3298 homines

98 3337 409 3402 στιανούς·
438 3340 532 3392 καὶ
576 3341 735 3396 τοῦτό
779 3343 896 3397 ἐστί
946 3362 1037 3413 μοι
1067 3346 1202 3418 εὐχὴ
1229 3348 1364 3414 πρὸς
1390 3348 1553 3403 Θεόν·
1584 3352 1690 3404 ἔπε’

1811 3341 1926 3396 ﬁeri
1949 3339 2318 3397 Christianos.
2346 3335 2440 3392 Ha:
2468 3343 2600 3394 sunt
2633 3350 2771 3393 mea:
2798 3350 2989 3391 coram
3026 3336 3136 3391 Deo
3166 3350 3380 3405 preces,

95 3426 347 3497 ἕτοιμός
396 3430 512 3499 είμι
552 3432 647 3482 καὶ
696 3432 905 3487 πολλῶν
933 3433 1106 3502 λόγων
1140 3437 1235 3489 καὶ
1278 3436 1477 3505 ὀλίγων
1518 3440 1616 3508 τὴν
1648 3442 1690 3491 ἐπ

1808 3448 2047 3503 namque
2073 3440 2299 3503 paratus
2326 3444 2452 3485 sum
2515 3438 2572 3485 et
2615 3428 2672 3483 in
2723 3421 2939 3483 ιιιοαῖοο
2979 3438 3035 3483 et
3086 3428 3141 3482 in
3185 3441 3385 3496 magno

98 3519 358 3591 Χριστῷ
388 3521 686 3591 κηρύσσειν
716 3527 901 3578 πίστιν
930 3528 1026 3580 καὶ⁵
1053 3528 1193 3597 μετὰ
1219 3532 1384 3583 πόνου
1414 3532 1509 3584 καὶ
1538 3530 1690 3585 κόποι

1814 3523 2116 3595 pmdicare
2145 3520 2305 3577 (idem
2337 3522 2392 3575 in
2429 3519 2737 3584 Christum,
2765 3534 2859 3590 per
2907 3520 3149 3576 laborem
3180 3529 3234 3575 et
3264 3534 3388 3574 mo-

96 3608 224 3661 καὶ
261 3609 325 3661 ἐκ
355 3608 450 3662 τοῦ
490 3612 833 3683 παραχρῆμα
854 3630 867 3644 ·
912 3616 1080 3679 κόπος
1110 3616 1203 3670 καὶ
1251 3618 1414 3681 πόνος
1454 3621 1512 3673 ἐν
1539 3623 1604 3690 τῇ
1629 3621 1690 3673 δι·

1814 3616 2027 3672 lestiam
2058 3622 2114 3670 et
2141 3630 2209 3669 ex
2232 3621 2511 3684 tempore;
2540 3612 2852 3668 molestiam
2874 3612 3021 3667 enim
3074 3612 3389 3667 etlahurem

89 3700 404 3771 δασκαλία
454 3704 547 3754 καὶ
593 3702 908 3773 κηρύγματι
957 3705 1211 3777 οὐδαμῶς
1260 3707 1533 3776 λογίζεταί
1579 3728 1669 3781 μοι

1816 3708 1957 3761 inter
1984 3705 2294 3761 docendum
2322 3713 2378 3758 et
2404 3703 2809 3773 praedicandum
2843 3704 3055 3759 minimi
3096 3704 3255 3759 facio.
3282 3702 3390 3759 Sed

89 3792 251 3847 ἀλλ’
280 3788 400 3846 ῐσόν
432 3795 548 3847 ἐστι
577 3798 774 3867 κοπιᾷν
804 3798 901 3849 καὶ
934 3797 1029 3868 μὴ,
1060 3799 1155 3852 καὶ
1182 3800 1349 3853 πολὺν
1379 3802 1568 3871 χρόνον
1594 3802 1690 3873 τρί·

1819 3797 1953 3852 mihi
1982 3813 2081 3867 par
2112 3805 2196 3852 est
2222 3797 2474 3851 laborare
2503 3797 2587 3849 vel
2630 3811 2765 3860 non,
2794 3804 2847 3850 et
2878 3795 2973 3851 diu
2999 3803 3094 3851 aut
3120 3797 3189 3850 ad
3229 3798 3392 3852 breve

84 3885 170 3938 σε
182 3902 251 3938 ιν
271 3884 595 3954 κηρύττοντι
622 3888 716 3939 καὶ
744 3886 924 3957 ὀλίγον
947 3905 961 3919 ·
996 3890 1157 3959 μόνον
1184 3892 1404 3954 εἴτινας
1435 3892 1547 3963 ὀρῶ
1576 3894 1690 3966 πρὸ,

1815 3891 2132 3963 praedicare,
2183 3889 2348 3945 modo
2388 3890 2603 3961 aliquos
2650 3889 2719 3946 ad
2769 3888 3053 3946 Christum
3091 3905 3393 3946 conversos

88 3978 217 4030 τὸν
256 3977 493 4048 Χριστὸν
537 3978 971 4049 ἐπιστρέφοντας
996 3997 1010 4012 ο
1038 3981 1211 4037 ταῦτα
1258 3983 1316 4036 δέ
1358 3983 1565 4053 ἔλεγεν,
1597 3986 1690 4056 iiut

1819 3984 2059 4040 videam.
2094 3983 2189 4039 llis
2239 3984 2404 4039 dictis
2436 3986 2779 4040 alacritatem
2826 3985 2994 4039 animi
3046 3994 3102 4040 et
3140 3986 3391 4040 ardorem

91 4071 237 4139 μὲν
270 4069 333 4122 τὸ
351 4069 518 4123 αὑτοῦ
546 4070 829 4142 πρόθυμον
860 4073 957 4125 καὶ
983 4072 1247 4145 διάπυρον
1284 4076 1690 4148 ἐνδεικνύμενος

1818 4091 1923 4130 una
1980 4074 2279 4131 indicabat.
2333 4074 2475 4131 Cum
2528 4070 2693 4146 igi'tur
2744 4076 3038 4146 Agrippam
3084 4078 3152 4132 ad
3223 4077 3394 4132 Deum

86 4163 257 4234 ἅμα
282 4161 345 4215 δὲ
387 4163 640 4217 κάκεῖνον
685 4164 1106 4237 ἐκκαλούμενος,
1137 4167 1213 4229 ὡς
1252 4168 1301 4219 εί
1355 4167 1595 4237 βούλοιτο
1624 4187 1690 4223 κα

1818 4173 2056 4231 vocaret,
2082 4174 2143 4220 ut
2171 4166 2220 4221 si
2280 4165 2544 4221 voluisset
2572 4165 2729 4236 plura
2750 4166 2942 4220 audire
2963 4169 3397 4237 amplioremque

83 4253 309 4309 πλείω
343 4253 578 4307 ἀκοῦσαι
607 4256 699 4307 καὶ
719 4256 1057 4329 τελειοτέρας
1086 4257 1437 4321 διδασκαλίας
1479 4260 1687 4314 άπολαῦ

1821 4258 2129 4313 doctrinam
2155 4256 2411 4328 adipisci,
2429 4272 2537 4313 non
2567 4260 2746 4314 solum
2780 4258 2918 4313 nihil
2940 4259 3275 4324 reformidat,
3299 4260 3397 4313 sed

79 4362 250 4405 σαι.
287 4343 353 4395 οὐ
413 4344 573 4413 μόνον
618 4345 771 4398 οὐδὲν
828 4348 1147 4417 άποκνήσει,
1199 4348 1315 4401 ἀλλ’
1355 4348 1528 4414 οὕτως
1570 4353 1685 4405 ἐστὶ

1820 4349 1986 4404 etiam
2019 4350 2157 4405 adeo
2182 4358 2410 4419 paratus
2448 4358 2536 4405 est
2562 4359 2619 4405 et
2662 4349 2886 4416 ardens,
2922 4357 2982 4404 ut
3010 4349 3077 4403 ad
3112 4364 3305 4421 preces
3336 4365 3398 4405 se

72 4439 358 4505 ἕτοιμος
387 4437 481 4488 καὶ
522 4435 581 4489 τὸ
614 4437 892 4508 πρόθυμον
936 4440 1214 4510 παρέχων,
1248 4440 1391 4494 ὥστε
1423 4443 1518 4496 καὶ
1555 4444 1688 4513 εὑχῆ

1824 4440 2092 4505 conterat,
2124 4440 2423 4496 dummodo
2448 4442 2791 4511 propositum
2820 4451 3168 4511 assequatur.
3194 4440 3398 4497 Precor

71 4532 299 4605 ἔργον
328 4527 463 4580 αὐτὸ
493 4531 749 4594 ποιεῖται,
783 4531 851 4584 ἂν
892 4531 1052 4601 μόνον
1080 4533 1322 4606 τυγχάνῃ
1352 4535 1445 4588 τοῦ
1474 4536 1681 4589 σκοποῦ

1788 4534 1969 4595 »οιιίιη
2011 4540 2068 4586 et
2115 4532 2171 4587 in
2220 4534 2437 4588 modico
2478 4532 2622 4588 etin
2666 4549 2867 4606 magno
2888 4549 2998 4588 non
3031 4538 3208 4590 solum
3241 4546 3313 4600 te,
3342 4542 3399 4590 et

68 4619 399 4689 Εὖξάμην
430 4618 539 4690 γάρ
565 4621 659 4673 καί
696 4622 754 4672 ἐν
802 4622 968 4692 ὀλίγῳ
1014 4624 1108 4678 καὶ
1151 4626 1209 4676 ἐν
1238 4625 1420 4696 πολλῷ
1447 4627 1509 4679 οὐ
1556 4629 1715 4696 μόνον
1823 4634 2041 4680 cetera.

64 4716 191 4779 οι,
244 4727 308 4764 κ.
340 4726 393 4763 τ.
421 4709 471 4763 λ.

659 4825 993 4879 ΕΡΩΤΠΣΙΣ
1031 4827 1160 4880 ΣΠΓ
1180 4868 1194 4882 .

1821 4824 2147 4891 ρωεετιο
2219 4824 2592 4898 ccuxxxm
2627 4825 2819 4898 [σοεει.
2870 4826 3171 4891 ccxcvn,
3230 4826 3392 4882 Taur.

2422 4897 2798 4953 CCLXXXIII.

70 4983 167 5036 τί
205 4978 423 5031 ἐστι-ι
454 4978 563 5030 τοῦ
582 4978 929 5046 ὁρισθέντος
959 4980 1093 5033 Υίοῦ
1121 4983 1267 5035 Θεοῦ
1295 4983 1364 5035 ἐν
1390 4983 1656 5054 δυνάμει.

2422 4898 2798 4969 υυιχλχυμ

1823 4986 1968 5053 Quid
2007 4988 2147 5042 istud
2177 4988 2437 5069 signiﬁcet
2474 5006 2488 5043 :
2524 5008 2543 5042 ι
2579 4989 2957 5059 Manifestalus
2984 5003 3059 5044 est
3095 4986 3269 5045 Filius
3300 4992 3393 5045 De;

2401 5076 2456 5112 ιη
2498 5071 2773 5128 potestate.
2812 5081 2832 5111 ι

872 5160 1015 5212 Edita
1043 5176 1069 5211 a
1103 5162 1227 5212 Maio
1262 5165 1321 5227 (Ι.
1354 5176 1380 5213 c
1422 5178 1468 5226 p.
1503 5167 1608 5227 142,
1630 5182 1679 5229 q.
1715 5168 1846 5231 295).
1878 5192 1942 5202 —
1975 5168 2268 5232 Explanatto
2299 5170 2350 5221 in
2384 5171 2521 5221 Rom.
2548 5186 2583 5231 ι,
2615 5171 2660 5221 ι.

161 5243 322 5302 Τοῦ
354 5244 436 5307 είς
460 5244 656 5311 γνῶσιν
688 5244 953 5311 ἐλθόντος,
987 5246 1081 5300 τοῦ
1123 5249 1551 5317 ἐπιγνωσθέντος
1580 5255 1690 5323 ὴμίε

1885 5253 2291 5319 Manifestatus,
2329 5257 2381 5311 id
2405 5266 2508 5321 cst,
2537 5258 2696 5313 nobis
2724 5258 2778 5312 in
2822 5260 3072 5313 notitiam
3108 5260 3273 5323 venit,
3309 5274 3394 5314 se—

47 5344 201 5399 καὶ
264 5336 682 5406 φανερωθέντος
716 5335 847 5390 Υίοῦ
877 5337 1010 5391 Θεοῦ
1031 5356 1045 5369 ·
1072 5340 1238 5393 πόθεν
1256 5340 1312 5394 δέ
1338 5344 1671 5411 γνωσθέντος

1812 5360 1917 5413 (ιιιο
1953 5348 2301 5417 perspicuum
2329 5358 2384 5404 et
2413 5350 2719 5405 revelatum
2754 5351 2913 5405 nobis
2938 5351 3206 5406 exhibuit.
3243 5350 3395 5405 Unde

42 5440 185 5495 διὰ
226 5432 369 5485 τῶν
409 5432 723 5503 προφητῶν,
763 5432 851 5485 διὰ
879 5433 988 5486 τῶν
1025 5436 1441 5506 ἐπιδειχθέντων
1472 5440 1690 5509 σημείωε

1814 5449 1995 5494 autent
2048 5439 2116 5494 ad
2146 5441 2567 5498 notitiam?Per
2622 5445 2938 5513 prophetas,
2991 5458 3089 5514 per
3140 5445 3294 5513 signa
3340 5454 3395 5499 et

42 5530 194 5589 καὶ
235 5522 565 5591 δυνάμεων,
593 5522 681 5575 διὰ
712 5522 807 5576 τοῦ
847 5524 1167 5593 άγιαστικοῦ
1200 5527 1367 5581 αὐτοῦ
1396 5529 1690 5599 Πνεύματο.

1816 5530 2077 5585 miracula
2114 5546 2237 5601 qua:
2273 5533 2326 5587 in
2385 5532 2562 5589 lucem
2610 5536 2951 5605 prodierunt,
3001 5552 3098 5607 per
3140 5547 3395 5591 sanctum

42 5632 79 5680 ι
125 5614 447 5688 παρέσχε
472 5617 583 5678 τοῖς
616 5614 697 5680 είς
735 5616 898 5670 αὑτὸν
938 5618 1304 5686 πιστεύουσιν,
1326 5619 1393 5674 δι’
1420 5621 1588 5691 αὐτῆς
1620 5623 1685 5676 αὖ

1821 5623 1937 5691 ejus
1972 5620 2235 5691 Spiritum
2278 5639 2442 5693 quem
2475 5628 2703 5683 immisit
2734 5630 2815 5684 cis
2842 5630 2934 5698 qui
2966 5628 3021 5683 in
3044 5643 3167 5684 eum
3205 5629 3398 5685 crede—

88 5817 120 5845 s
159 5810 345 5865 Act.
379 5819 523 5864 xxvi,
545 5803 633 5859 ‘29.
