4156 6438
791 431 928 498 1115

1929 435 2192 499 ΡΠΟΤΙΙ
2242 436 2742 498 PATRIARCH/E
2778 440 2886 500 ΟΡ.

3902 438 4035 502 1116

787 548 942 613 bant,
968 551 1025 602 et
1052 559 1148 616 per
1172 544 1478 602 mirabilem
1514 547 1656 603 hanc
1678 561 1710 604 e
1739 549 1972 604 mortuis
2008 549 2358 605 resurrectio-

2468 549 2554 603 τοῦ
2581 554 2680 622 τῆς
2702 553 2766 605 ἐκ
2799 550 3008 622 νεκρῶν
3036 551 3473 629 παραδοξοτᾴτης
3502 552 3776 624 ἐγέρσεως
3799 569 3815 584 ·
3839 556 4034 606 τούτου

788 655 935 696 nem.
997 637 1174 710 Hujus
1231 637 1395 711 igitur
1451 654 1616 710 quem
1677 641 2184 711 pmnuntiaverunt
2229 657 2356 711 pro-

789 734 986 802 pheta,
1031 733 1150 802 qui,
1182 730 1456 787 declarata
1506 739 1794 801 potestate,
1844 733 2049 787 mundo
2094 732 2356 800 innotuit,

789 825 1170 895 revelatusque
1213 833 1301 880 est
1342 839 1374 879 a
1421 834 1615 878 sancto
1649 823 1855 895 Spiritu
1889 840 2055 895 quem
2099 827 2361 882 credenti-

787 917 890 971 bus
932 917 985 970 in
1016 931 1075 971 se
1105 916 1356 986 praebuit,
1390 916 1484 986 qui
1517 916 1756 987 denique
1784 933 1843 972 se
1871 933 1969 988 per
1997 919 2356 973 resurrectio-

785 1023 908 1062 nem
969 1023 1125 1062 suam
1188 1006 1538 1062 manifestum
1590 1009 1761 1076 dedit,
1813 1025 1915 1080 ego
1975 1026 2097 1066 sum
2143 1027 2354 1068 servus.

786 1096 1016 1153 Etiamsi
1063 1113 1278 1165 servus,
1313 1099 1407 1156 sed
1431 1100 1597 1170 hujus
1619 1102 1814 1158 saltem
1845 1103 1938 1172 qui
1981 1118 2077 1172 per
2107 1110 2260 1158 tanta
2305 1113 2359 1158 et

786 1188 916 1242 talia
951 1188 1265 1244 testimonia
1306 1191 1544 1246 ostendit
1571 1206 1631 1247 se
1662 1207 1784 1248 esse
1811 1191 2009 1249 Filium
2053 1192 2170 1249 Dei.
2204 1213 2222 1246 ι
2259 1196 2360 1249 Per

780 1294 968 1351 quem,
1003 1279 1203 1350 inquit,
1260 1284 1576 1352 accepimus
1615 1285 1849 1356 gratiam
1893 1296 1947 1340 et
1990 1287 2356 1355 apostolatum

782 1374 850 1426 ad
883 1373 1243 1428 obediendum
1273 1373 1396 1429 fidei
1422 1374 1465 1428 δ.
1499 1393 1517 1426 ι
1540 1376 1774 1432 Perinde
1799 1392 1862 1432 ac
1885 1371 2201 1444 sidixisset,
2237 1377 2355 1432 Alia

783 1463 950 1518 etiam
981 1465 1298 1520 testimonia
1330 1476 1458 1522 sunt
1489 1468 1667 1533 nobis,
1711 1472 1778 1524 ac
1807 1469 1898 1524 illa
1931 1485 2056 1538 quae
2090 1485 2358 1525 memora-

781 1553 982 1609 vimus.
1049 1553 1226 1609 Testis
1283 1565 1368 1610 est
1419 1556 1536 1626 ipsa
1593 1567 1781 1611 nostra
1841 1557 1974 1624 vita,
2035 1559 2182 1613 hunc
2231 1573 2358 1613 vere

784 1640 980 1697 Filium
1005 1657 1129 1699 esse
1158 1642 1289 1710 Dei;
1319 1659 1428 1713 quo
1447 1645 1653 1716 pacto?
1681 1645 1796 1702 lloc
1823 1647 2032 1702 scilicet
2055 1647 2202 1718 quod
2232 1662 2358 1702 cur—

782 1734 957 1790 rintus
980 1742 1036 1789 et
1067 1749 1432 1804 properamus
1470 1735 1537 1790 ad
1569 1746 1759 1806 gentes
1805 1739 2041 1810 ignotas,
2091 1756 2216 1810 qua:
2257 1757 2357 1795 au-

783 1825 942 1880 diunt
1013 1825 1402 1895 accipiuntque
1452 1827 1827 1883 testimonium
1885 1830 2033 1885 fidei.
2084 1829 2224 1885 Vere
2276 1840 2355 1884 tc-

2459 632 2554 690 οὖν
2602 636 2698 690 τοῦ
2752 636 3211 706 προαγγελθέντος
3261 638 3350 693 διὰ
3399 639 3510 692 τῶν
3559 641 3857 711 προφητῶν
3880 680 3896 704 ,
3945 641 4036 694 τοῦ

2457 728 2854 800 γνωρισθέντος
2881 731 2940 781 ἐν
2983 732 3048 800 τῇ
3093 730 3353 796 ἐπιδείξει
3393 732 3496 800 τῆς
3525 733 3812 802 δυνάμεως
3841 733 4033 796 αὐτοῦ,

2457 820 2552 874 τοῦ
2574 821 2976 893 φανερωθέντος
2995 824 3133 875 κατά
3157 823 3216 875 τὸ
3249 823 3564 891 ἀγιαστικὸν
3586 825 3814 894 Πνεῦμα
3841 825 3873 877 δ
3894 843 4030 894 παρ-

2460 913 2589 984 έσχε
2638 917 2750 978 τοῖς
2788 914 3136 968 πιστεύουσιν
3201 916 3282 977 είς
3333 915 3521 979 αὐτὸν,
3553 914 3648 968 τοῦ
3694 917 4034 987 summa;

2458 1006 2524 1060 ἐκ
2570 1007 2668 1076 τῆς
2717 1007 3066 1069 ἀναστάσεως
3110 1005 3296 1071 αὐτοῦ,
3332 1006 3527 1060 τούτου
3563 1008 3679 1078 είμὶ
3729 1007 3962 1071 δοῦλος·
3991 1011 4034 1059 ti

2458 1100 2567 1171 γάρ
2593 1101 2687 1155 καὶ
2714 1101 2918 1164 δοῦλος,
2959 1100 3095 1154 ἀλλά
3126 1099 3317 1154 τούτου
3347 1099 3550 1165 δοῦλος,
3584 1099 3679 1153 τοῦ
3720 1101 3815 1154 διὰ
3845 1101 4033 1153 τοσού-

2457 1211 2566 1248 των
2611 1195 2706 1247 καὶ
2747 1193 3080 1264 τηλικούτων
3122 1192 3438 1263 μαρτυριῶν
3487 1191 3855 1254 πιστωθέντος
3908 1193 4034 1261 ἡμῖν

2457 1288 2537 1341 ὅτι
2567 1287 2694 1349 Υἱός
2718 1289 2835 1340 ἐστι
2874 1286 2970 1342 τοῦ
3002 1285 3167 1339 Θεοῦ·
3197 1303 3218 1339 ι
3254 1287 3331 1339 Δι⁹
3367 1281 3448 1349 οὐ,
3501 1287 3685 1354 φησὶν,
3729 1285 3833 1337 καὶ
3880 1287 4031 1354 ἡμεῖς

2457 1378 2722 1449 ἐλάϐομεν
2741 1380 2902 1450 χάριν
2922 1379 3015 1431 καὶ
3034 1377 3340 1448 ἀποστολὴν
3361 1378 3440 1440 εἰς
3462 1378 3707 1444 ὑπακοὴν
3727 1377 3993 1438 πίστεως.
4014 1395 4029 1424 ι

2457 1464 2832 1539 οἷον.Ἐχομεν
2859 1469 2959 1533 τὰς
2995 1467 3317 1539 μαρτυρίας,
3341 1466 3527 1536 φησὶν,
3546 1468 3639 1518 καὶ
3671 1465 3732 1530 ἐξ
3765 1465 3947 1518 ἄλλων
3977 1465 4034 1526 ἀς

2457 1561 2684 1629 εἴπομεν
2706 1576 2720 1589 ο
2763 1563 3032 1632 μαρτυρεί
3068 1561 3125 1614 δέ
3153 1560 3246 1614 καὶ
3287 1560 3347 1613 τὸ
3375 1560 3665 1630 ἡμέτερον,
3700 1559 3836 1612 Υἱδν
3877 1560 4033 1612 αὐτὸν

2457 1652 2630 1723 ἀληθῆ
2656 1651 2796 1706 εἶναι
2818 1653 2953 1706 Θεοῦ
2975 1669 2990 1685 ·
3033 1656 3186 1707 ποῖον
3213 1651 3399 1720 τοῦτο;
3428 1654 3489 1707 τὸ
3518 1654 3738 1724 τρέχειν
3767 1653 3873 1723 μὲν
3897 1655 4034 1724 ἡμᾶς

2456 1745 2552 1799 καὶ
2571 1745 2992 1814 κατεπείγεσθαι
3018 1747 3094 1808 είς
3121 1745 3191 1799 τά
3206 1745 3332 1816 ἔθνη
3361 1746 3398 1800 ἃ
3418 1746 3516 1799 οὐκ
3546 1746 3804 1816 ἐγνωμεν
3821 1761 3836 1775 ο
3860 1745 4035 1798 ἐκεῖνα

2456 1836 2512 1890 δὲ
2547 1838 2840 1892 ὑπακούειν
2869 1838 2964 1893 καὶ
3007 1838 3259 1909 δέχεσθαι
3289 1839 3380 1892 τὸν
3427 1838 3583 1907 λόγον
3613 1839 3714 1908 τῆς
3762 1839 3998 1902 πίστεως
4019 1853 4033 1867 °

783 1914 1104 1971 stimonium
1153 1924 1236 1969 est
1289 1913 1491 1968 divina:
1537 1915 2005 1973 tnanifestationis
2057 1917 2355 1980 hominem,

2468 1929 2763 1999 μαρτύριον
2786 1931 2894 2000 γὰρ
2913 1930 2988 1993 ὡς
3013 1930 3230 2000 ἀληθῶς
3261 1930 3582 2000 θεοφανείας
3600 1931 3767 1984 τοῦτο
3786 1947 3802 1961 ·
3834 1931 4036 2000 ἀνθρω-

784 2006 973 2062 rclicta
1040 2005 1216 2076 patria
1271 2003 1618 2076 familiaque,
1685 2006 1758 2062 ad
1810 2007 2046 2063 alienam
2103 2021 2353 2069 currere,

785 2100 951 2168 idque
995 2097 1219 2153 minime
1267 2096 1520 2152 utilitatis
1587 2105 1642 2151 et
1687 2097 1826 2153 lucri
1874 2098 2126 2169 corporei
2168 2113 2358 2163 causa,

785 2191 914 2261 quid
949 2190 1073 2246 dico
1106 2189 1174 2243 de
1227 2186 1382 2242 lucro
1430 2195 1487 2240 et
1524 2187 1794 2242 utilitate?
1832 2187 1943 2243 imo
2000 2188 2358 2251 laborantem,

781 2280 1135 2344 esurientem,
1166 2276 1534 2340 verberatum,
1571 2274 1926 2347 flagellatum,
1967 2286 2361 2348 contemptum,

784 2374 880 2430 sed
912 2371 1272 2426 nihilominus
1311 2366 1488 2423 officio
1517 2382 1620 2423 suo
1653 2367 1926 2435 functum,
1954 2379 2007 2426 et
2033 2368 2196 2424 fidem
2227 2384 2363 2440 prte-

785 2463 1079 2517 dicantem.
1114 2459 1448 2515 Esuriebat?
1479 2457 1576 2514 sed
1604 2459 1743 2516 alios
1786 2461 2003 2528 alebat;
2041 2469 2360 2516 contemne-

787 2556 919 2611 bant
950 2553 1114 2609 eum?
1161 2552 1257 2607 sed
1299 2550 1498 2605 deinde
1541 2551 1920 2620 mirabantur;
1970 2553 2368 2608 verberabant?

787 2649 884 2707 sed
909 2649 960 2705 ei
989 2648 1152 2702 fidem
1178 2643 1540 2710 adhibebant;
1571 2646 1963 2716 expellebant?
1991 2647 2090 2703 sed
2119 2647 2368 2716 require-

788 2738 949 2807 bant;
1011 2735 1404 2808 ﬂagellabant?
1448 2737 1541 2792 sed
1598 2737 1837 2793 sudariis
1904 2745 1960 2792 et
2012 2735 2370 2792 succentor‘iis

788 2832 1039 2902 corporis
1067 2831 1188 2902 ejus
1240 2831 1465 2886 vulnera
1513 2830 1802 2886 sanabant.
1840 2827 1984 2884 Num
2013 2827 2180 2901 igitur
2217 2829 2369 2899 parvi

793 2924 1058 2979 momenti
1084 2924 1190 2979 hoc
1219 2923 1597 2980 testimonium
1649 2932 1758 2989 est,
1787 2921 2043 2994 quodque
2084 2921 2173 2975 his
2208 2929 2370 2975 antea

791 3015 956 3073 dictis
983 3016 1223 3088 indigeat
1255 3027 1316 3072 ut
1339 3031 1443 3072 nos
1471 3030 1663 3072 omnes
1689 3012 2150 3071 commonefaciat
2171 3011 2371 3069 Filium

794 3107 891 3164 Dei
923 3123 1046 3164 esse
1076 3108 1394 3164 Christum?

793 3217 1125 3290 quasue
1183 3217 1538 3290 ccaxxxiv

1369 3283 1810 3357 cccxxxvu}.

800 3409 942 3478 Quid
969 3409 1068 3465 Ιιοε
1098 3409 1168 3464 sit
1198 3423 1217 3462 :
1251 3425 1272 3459 ι
1306 3405 1610 3460 Prohibt’lus
1649 3420 1764 3458 sum
1791 3419 1955 3529 iugale
1979 3402 2151 3456 adhuc
2177 3413 2236 3455 ut
2270 3401 2374 3455 ali-

1147 3493 1300 3529 aucm
1329 3477 1562 3529 fructum
1591 3476 1812 3529 habeant
1837 3475 1853 3529 ί
1899 3474 1972 3529 ll.
1996 3491 2015 3525 ι

1147 3493 1300 3549 quem
1329 3477 1562 3546 fructum
1591 3476 1812 3529 habeant
1837 3474 1972 3544 (8i).
1996 3491 2015 3525 ι

1618 3215 1787 3330 ἐῖῧίιῖίὶ
1825 3211 2148 3280 CCXCVIII,
2202 3210 2368 3268 Taur.
2402 3267 2448 3330 ϐ

2461 2036 2562 2073 πον
2586 2023 2951 2077 καταλιπόντα
2983 2023 3218 2092 πατρίδα
3255 2023 3349 2076 καὶ
3377 2024 3534 2091 γένος
3569 2025 3794 2094 τρέχειν
3838 2024 3921 2086 είς
3949 2024 4035 2076 ἀλ·

2460 2116 2701 2188 λοτρίαν,
2732 2115 2984 2186 οὐδεμιᾶς
3004 2115 3323 2187 ὠφελείαςῆ
3356 2115 3580 2187 κέρδους
3607 2117 3776 2170 ἕνεκα
3807 2134 4038 2185 σωματι-

2464 2207 2593 2263 κοῦο
2624 2207 2676 2261 τί
2703 2207 2847 2277 λέγω
2876 2207 3099 2278 κέρδους
3123 2207 3217 2260 καὶ
3244 2205 3541 2276 ὠφελείαςς
3575 2207 3712 2261 ἀλλά
3741 2207 4034 2271 κοπιῶντα,

2462 2300 2823 2372 λιμώττοντα,
2850 2301 3205 2370 τυπτόμενον,
3232 2300 3648 2370 μαστιζόμενον,
3680 2300 4037 2371 ὑπερορώμεο

2466 2411 2577 2456 νον.
2605 2394 2742 2448 ἀλλά
2790 2396 2939 2464 ὅμως
2979 2394 3040 2446 τὸ
3071 2395 3270 2446 οἰκεῖον
3317 2393 3478 2464 ἔργον
3522 2392 3766 2448 ἀνύοντα
3798 2395 3898 2449 καὶ
3951 2395 4039 2465 τὴν

2468 2487 2651 2542 πίστιν
2682 2486 3120 2555 καταγγέλλοντα
3144 2500 3160 2516 ·
3194 2485 3522 2557 ἐλίμωττενς
3555 2485 3693 2540 ἀλλά
3727 2488 3832 2541 καὶ
3859 2489 4040 2550 ἄλλους

2470 2580 2729 2651 ἔτρεφενο
2753 2579 3086 2650 ὑπερεώρων
3125 2579 3311 2645 αὑτόν;
3339 2578 3456 2632 ἀλλ’
3489 2579 3720 2650 ὔστερον
3760 2582 3864 2634 καὶ
3897 2581 4041 2633 i035-

2473 2670 2672 2742 μαζον·
2709 2671 2974 2736 ἐτυπτονς
3012 2671 3130 2727 ἀλλ’
3157 2672 3441 2725 ἐπίστευον
3461 2688 3475 2702 ·
3504 2672 3731 2725 ἐδίωκον
3757 2691 3775 2737 ς
3809 2673 3929 2726 ἀλλ’
3965 2675 4043 2723 ἐπ-

2471 2764 2700 2835 εζήτουν
2720 2782 2734 2798 ο
2764 2764 3093 2832 ἐμάστιζονς
3143 2764 3277 2818 ἀλλά
3297 2765 3388 2819 διὰ
3408 2765 3515 2818 τῶν
3551 2765 3867 2835 σουδαρῖων
3894 2765 4043 2818 αὐτοῦ

2473 2861 2566 2912 καὶ
2585 2859 2950 2929 σιμικινθίων,
2981 2859 3089 2911 τῶν
3123 2857 3452 2929 σωματικῶν
3493 2857 3923 2928 ἀπηλλάσσοντο
3952 2875 4043 2928 μα-

2475 2951 2710 3019 στίγων·
2758 2947 2867 3022 ἄρα
2901 2949 2977 3021 μὴ
3021 2949 3217 3021 μικρὸν
3268 2949 3570 3020 μαρτύριον
3597 2948 3769 3003 τοῦτο
3810 2949 3849 3020 ἢ
3884 2949 4046 3003 ἐνδέον

2474 3043 2582 3096 τῶν
2610 3043 3023 3114 προειρημένων
3048 3083 3064 3108 ,
3113 3044 3194 3107 είς
3217 3042 3278 3096 τδ
3319 3041 3622 3112 ἐπιγνῶναι
3667 3042 3890 3106 πάντας
3937 3043 4046 3096 Υίὶν

2476 3133 2612 3189 Θεοῦ
2639 3131 2777 3189 εἶναι
2801 3135 2892 3189 τὸν
2913 3134 3184 3206 Χριστόν;

2995 3251 3326 3306 ΕΡΩΤΗΣΙΣ
3364 3250 3532 3306 ΡΠΔ’.

2486 3407 2546 3462 Τί
2577 3405 2706 3459 ἐστι
2722 3420 2769 3456 ἰ
2790 3404 2900 3461 Καὶ
2928 3402 3243 3472 ἐκωλύθην
3265 3405 3398 3475 ἄχρι
3424 3405 3532 3460 τοῦ
3555 3405 3766 3477 δεῦρο,
3799 3408 3906 3463 ινα
3928 3423 4044 3474 καρ-

3003 3477 3122 3530 πόν
3144 3493 3278 3532 τινα
3308 3477 3471 3546 σχῶ;
3505 3496 3524 3528 ι

1443 3591 1582 3641 Edita
1603 3603 1631 3640 a
1661 3587 1789 3639 Maio
1818 3589 1875 3650 (ι.
1907 3602 1951 3637 c.
1983 3601 2035 3650 p.
2069 3586 2175 3645 H2,
2206 3585 2314 3645 145,
2344 3598 2368 3648 q

2468 3585 2625 3647 διδ-
2656 3585 2947 3650 Explanatio
2980 3587 3033 3637 in
3063 3589 3203 3638 Rom.
3239 3601 3275 3650 ι,
3308 3587 3384 3638 15.

872 3672 998 3730 Haec
1029 3673 1220 3740 verba,
1251 3672 1470 3743 opinor,
1503 3673 1841 3743 transposila
1890 3680 2039 3737 sunt,
2065 3677 2121 3726 et
2155 3668 2262 3725 illis
2291 3669 2380 3724 hic

801 3781 1019 3834 sensus,
1054 3766 1171 3822 haec
1198 3775 1281 3823 est
1305 3764 1641 3820 conlinuitas
1673 3783 1688 3820 :
1727 3783 1746 3816 ι
1777 3761 1914 3830 Quia
1951 3778 2094 3833 saepe
2119 3760 2378 3833 proposui

803 3861 989 3916 venire
1028 3859 1097 3914 ad
1127 3872 1227 3914 vos
1276 3865 1337 3912 ut
1381 3857 1619 3927 aliquem
1662 3855 1899 3912 fructum
1932 3855 2184 3917 habeam.
2239 3863 2293 3909 et
2321 3853 2376 3908 in

802 3952 977 4006 vobis.
1010 3968 1030 4003 ι
1067 3947 1167 4004 Hic
1190 3959 1372 4004 autem
1405 3948 1472 4003 ad
1501 3962 1598 4004 eos
1630 3945 1950 4010 adveniens,
1982 3960 2150 4001 causa
2184 3944 2379 4000 fuisset

802 4057 903 4098 cur
930 4042 1184 4112 copiosos
1210 4039 1429 4110 pietatis
1459 4042 1667 4096 fructus
1705 4037 1930 4094 ferrent.
1973 4037 2128 4093 Haud
2166 4037 2374 4101 nescio,

805 4135 1002 4204 inquit,
1055 4135 1214 4189 fidem
1269 4147 1516 4202 sparsam
1566 4147 1689 4187 esse
1731 4132 1872 4186 inter
1895 4145 2014 4194 vos,
2072 4130 2166 4186 sed
2213 4131 2379 4185 etiam

806 4225 944 4280 hanc
966 4223 1282 4296 frugiferam
1316 4223 1431 4277 fieri
1460 4223 1708 4277 desidero
1725 4223 1848 4278 etin
1878 4223 2057 4289 vobis,
2079 4231 2140 4276 ut
2167 4221 2380 4277 fructus

804 4332 1027 4387 carpere
1059 4317 1285 4387 possim.
1327 4312 1518 4370 Vestra
1552 4315 1695 4368 enim
1723 4329 1844 4369 mea
1870 4314 2053 4381 duco;
2088 4314 2134 4369 si
2163 4313 2380 4368 videam

806 4411 1020 4465 fructus
1063 4409 1116 4463 in
1147 4408 1324 4473 vobis,
1390 4408 1464 4461 ita
1523 4407 1768 4471 laetabor,
1807 4406 2031 4476 perinde
2072 4421 2136 4460 ac
2192 4407 2237 4460 si
2280 4419 2381 4475 ego

805 4505 1018 4557 fructus
1055 4503 1276 4566 ferrem,
1326 4501 1504 4570 iisque
1557 4509 1787 4555 ornatus
1820 4515 2020 4555 essem.
2071 4499 2164 4554 Sic
2210 4500 2378 4553 inter-

805 4595 1104 4667 pretandus
1156 4595 1244 4649 hic
1301 4594 1476 4658 locus,
1539 4596 1780 4649 admissa
1833 4591 2163 4646 inversione.
2223 4589 2377 4644 Tunc

802 4687 951 4741 enim
992 4687 1139 4757 leges
1187 4699 1308 4755 quae
1362 4694 1668 4754 sequuntur
1699 4702 1713 4738 :
1745 4702 1763 4733 ι
1797 4684 1864 4738 Ει
1903 4683 2210 4753 prohibitus
2251 4697 2383 4736 sum-

2559 3674 2694 3726 Καθ’
2723 3671 3030 3743 ὑπερϐατὸν
3058 3670 3307 3741 εἰρῆσθαί
3340 3689 3430 3740 μοι
3471 3670 3640 3733 δοκεῖ,
3673 3671 3744 3722 ἵν’
3846 3672 3909 3725 τὺ
3933 3672 4046 3726 κατὰ

2485 3766 2766 3836 συνέχειαν
2793 3763 2998 3827 οὑτως·
3032 3782 3052 3814 ι
3089 3762 3354 3826 Πολλάκις
3381 3761 3702 3832 προεθέμην
3735 3763 3921 3817 ἐλθεῖν
3939 3766 4046 3831 πάις

2481 3859 2648 3929 ὑμᾶς.
2686 3857 2771 3910 ἵνα
2799 3857 2922 3910 τινὰ
2959 3853 3169 3925 καρπὸν
3198 3853 3312 3924 σχῶ
3336 3871 3352 3886 ·
3389 3855 3482 3908 καὶ
3512 3856 3624 3925 γὰρ
3667 3855 3704 3924 ἡ
3737 3855 3937 3909 τούτου
3966 3872 4046 3907 πε-

2485 3950 2674 4023 ρουσία
2701 3952 2920 4012 πάντως
2952 3948 3152 4008 αὐτοὺς
3176 3949 3548 4018 καρποφορεῖν
3574 3949 3855 4018 ἐποίησεν
3879 3948 3942 4003 ἂν
3972 3948 4047 4017 τὴν

2478 4043 2792 4096 εὐσέϐειαν·
2843 4040 2905 4094 τὸ
2940 4039 2998 4094 δέ
3029 4037 3261 4109 καρπὸν,
3291 4032 3430 4103 οἶδα,
3468 4038 3659 4109 φησὶν,
3703 4041 3793 4093 ὅτι
3829 4046 3864 4111 η
3890 4041 4045 4101 stis-.1,-

2477 4135 2606 4204 ὑμῖν
2637 4133 2992 4200 ἐνέσπαρται,
3037 4130 3176 4188 ἀλλά
3218 4129 3315 4184 καὶ
3343 4131 3556 4200 καρπὸν
3605 4133 3770 4201 σχεῖν
3822 4132 4045 4201 ἐπιθυμὼ

2477 4225 2606 4298 παρ’
2633 4225 2788 4296 ὑμῶν
2819 4226 2908 4278 ἶνα
2961 4224 3174 4295 καρπὸν
3205 4223 3318 4294 σχῶ
3341 4238 3356 4252 ’
3388 4222 3456 4277 τά
3497 4222 3608 4294 γὰρ
3641 4225 3923 4296 ὑμέτερα,
3960 4225 4046 4295 spx

2476 4319 2760 4390 λογίζομαι
2783 4335 2797 4349 ·
2831 4317 2898 4372 ἂν
2946 4317 3038 4371 οὖν
3077 4317 3172 4370 ῐδω
3206 4315 3419 4388 καρπὸν
3460 4317 3517 4368 ἐν
3541 4317 3703 4386 ὑμῖν,
3756 4317 3936 4382 οὕτως
3978 4319 4046 4371 ιύο

2481 4411 2865 4482 φρανθήσομαι
2895 4410 2971 4474 ὡς
2998 4409 3159 4473 αὐτὸς
3189 4407 3301 4477 ἐγὼ
3323 4407 3413 4461 τὸν
3440 4409 3658 4478 καρπὸν
3688 4411 3864 4479 ἔχων,
3896 4412 3978 4464 καὶ
4003 4414 4046 4461 ἐν

2480 4503 2660 4573 τούτῳ
2689 4503 2876 4572 κομῶν
2902 4519 2917 4534 ο
2951 4501 3095 4554 οὑτω
3126 4501 3226 4572 μὲν
3253 4501 3362 4573 γάρ
3399 4501 3448 4552 εί
3478 4501 3599 4554 καθ’
3643 4502 3961 4573 ὑπερὸατόν
3983 4521 4044 4563 τις

2481 4595 2702 4647 ἐκλαϐοι
2757 4593 2820 4647 τὸ
2860 4594 3092 4664 χωρίον·
3144 4593 3299 4645 ἐσται
3338 4592 3446 4663 γὰρ
3496 4591 3558 4646 τὸ
3599 4593 3824 4663 ἐφεξῆς
3849 4612 3864 4626 ·
3908 4613 3926 4645 ι
3961 4595 4045 4648 Καὶ

2478 4684 2759 4755 ἐκωλύθην
2783 4683 2911 4753 ἄχρι
2938 4682 3033 4736 τοῦ
3060 4681 3250 4751 δεῦρο’
3291 4700 3310 4735 t
3329 4683 3378 4735 εί
3397 4681 3454 4736 δέ
3477 4682 3553 4752 μὴ
3571 4683 3707 4735 καθ’
3739 4686 4042 4756 ὑπερϐατὼ.

807 4791 978 4846 usque
1008 4776 1189 4830 adhuc
1211 4776 1252 4828 ⁸.
1292 4794 1311 4826 ι
1365 4773 1669 4845 Repudiata
1711 4785 1891 4830 autem
1934 4775 2265 4840 inversione,
2298 4774 2368 4828 sic

2479 4775 2620 4830 οὕτω
2634 4775 2850 4846 νοηθείη
2868 4775 2933 4830 ἄν
2953 4789 2967 4804 ⁸
2987 4774 3328 4841 Ἐκωλύθην
3354 4773 3490 4843 ἄχρι
3510 4772 3618 4827 τοῦ
3642 4773 3860 4844 δεῦρο,
3877 4775 4044 4842 ἀναμέ-

807 4869 921 4924 fcre
962 4868 1375 4940 intelligendum
1428 4885 1442 4921 :
1480 4866 1788 4922 Prohibitus
1838 4883 1954 4921 sum
1979 4883 2141 4938 usque
2187 4865 2384 4930 adhuc,

806 4971 1132 5031 exspectans
1169 4961 1343 5016 donec
1389 4958 1516 5014 fidei
1568 4958 1780 5015 fructus
1829 4959 1884 5014 in
1934 4960 2088 5015 vobis
2123 4960 2383 5016 viderem.

808 5054 1095 5120 Quomodo
1145 5055 1312 5124 igitur
1363 5053 1603 5111 fructum
1665 5054 1938 5109 feremus?
1990 5054 2122 5120 Quae
2180 5054 2386 5110 utilitas

810 5147 1075 5200 adventus
1115 5147 1233 5200 tui?
1269 5147 1383 5201 lmo
1413 5161 1542 5200 vero
1586 5147 1791 5211 multa;
1827 5161 1934 5201 non
1967 5147 2137 5213 enim,
2186 5147 2384 5216 inquit,

809 5254 1003 5293 «mines
1043 5238 1279 5304 fruetus,
1324 5248 1379 5294 at
1427 5239 1649 5309 quidam
1700 5240 1890 5295 saltem
1939 5241 2168 5309 neglecti
2215 5249 2377 5305 sunt;

810 5346 956 5386 nunc
996 5331 1156 5386 venio
1192 5340 1271 5394 nt,
1298 5331 1413 5402 jam
1449 5330 1648 5396 seduli,
1698 5346 1794 5401 per
1828 5347 1915 5387 me
1943 5333 2118 5403 parati
2151 5333 2271 5389 sitis
2314 5333 2381 5388 ad

812 5423 1054 5492 reliquos
1106 5421 1318 5478 fructus
1362 5422 1643 5479 ferendos.
1680 5421 1893 5479 Etenim
1947 5434 2006 5479 ut
2055 5439 2383 5493 supervaca-

811 5528 975 5569 neum
1031 5522 1116 5570 cst
1166 5512 1382 5570 fructus
1424 5514 1657 5570 eximios
1707 5515 1956 5572 edentem
1989 5515 2250 5582 excitare,
2306 5514 2385 5570 sic

895 5697 1096 5754 ⁸ῐιοιιι.
1127 5715 1167 5763 ι,
1199 5698 1253 5752 5.
1329 5697 1350 5728 ⁸
1376 5693 1536 5750 Rom.
1575 5695 1725 5758 ι,15.

2486 4886 2592 4923 νων
2634 4866 2850 4939 καρπὸν
2898 4866 2998 4936 τῆς
3027 4865 3267 4927 πίστεως
3297 4866 3355 4918 ἐν
3398 4865 3528 4937 ὑμῖν
3562 4865 3702 4919 ἰδεῖν
3724 4882 3742 4897 ο
3770 4868 3829 4920 τί
3886 4867 3968 4920 οὖν
3997 4866 4043 4917 ἂν

2482 4961 2575 5015 καὶ
2597 4957 3074 5030 καρποφορῶμενς
3110 4957 3192 5020 τίς
3234 4957 3392 5029 χρεία
3423 4957 3524 5028 τῆς
3563 4955 3674 5027 σῆς
3720 4959 4042 5029 παρουσίας

2483 5051 2653 5123 πολλὴ
2686 5052 2786 5122 μέν
2811 5046 2904 5104 οὖν
2921 5066 2935 5080 ·
2961 5051 3021 5103 οὐ
3049 5050 3158 5121 γὰρ
3189 5050 3363 5104 πάντα
3390 5048 3483 5101 τὸν
3504 5051 3734 5118 καρπόν
3768 5069 3932 5124 φησιν
3956 5053 4045 5104 ἁνι-

2487 5160 2667 5214 μενον,
2708 5142 2844 5197 ἀλλά
2877 5143 2999 5196 τινά
3031 5142 3244 5212 καρπόν
3267 5157 3281 5172 ο
3311 5141 3398 5195 ἴνα
3431 5143 3728 5213 πρόθυμον
3778 5145 3936 5208 αὐτὸς
3963 5160 4041 5193 τε·

2495 5240 2817 5310 ρασκευάσω
2842 5239 2936 5293 καὶ
2962 5237 3070 5291 τῶν
3094 5236 3352 5291 λείποντα
3381 5237 3566 5309 φέρειν
3595 5240 3834 5311 καρπόν
3857 5257 3869 5268 ·
3891 5239 4040 5301 ὥσπερ

2491 5331 2599 5401 γάρ
2659 5330 2910 5404 περιττὸν
2955 5329 3016 5382 τὸ
3063 5329 3152 5381 τὸν
3205 5329 3424 5392 τελείως
3463 5331 3936 5401 καρποφοροῦντα
3983 5328 4040 5379 δι·

2489 5423 2732 5488 δάσκειν,
2766 5421 2909 5476 οὕτω
2937 5420 3216 5486 παντελῶς
3247 5421 3506 5476 ἐπίπονον
3545 5422 3640 5474 καὶ
3682 5423 3956 5494 palma»
3976 5420 4040 5471 τὸν

2497 5514 2741 5585 μηδό).ως
2772 5516 2849 5578 εἰς
2881 5513 3188 5587 εὐκαρπίαν
3221 5511 3522 5586 εὔχρηστον
3550 5513 3628 5582 τῷ
3669 5515 3784 5586 τῆς
3829 5515 4040 5570 assam-

2321 5777 2550 5844 ΝΟΤᾸὶ,

893 5906 1005 5977 (81)
1033 5907 1176 5963 Idem
1199 5905 1354 5962 Pauli
1387 5914 1568 5962 textus
1599 5920 1653 5976 q.
1685 5901 1800 5961 XCI
1827 5901 2134 5974 exponitur.
