4156 6438
105 418 241 485 ill?
763 419 861 478 AD
903 416 1496 480 AMPHILOCHIUM
1534 420 1880 493 QUIESTIO
1918 424 2703 493 CCLXXXIV-‘CCLXXXVI
3230 431 3368 501 1118

104 531 228 594 λίας
250 530 467 600 ἀρότρῳ
491 530 884 602 ἐξεργάζεσθαι
922 528 1020 583 καὶ
1050 528 1316 601 ἀροτριᾷν
1335 547 1350 562 ·
1375 532 1425 584 εί
1448 531 1554 603 γάρ
1590 535 1685 587 καὶ
1711 546 1745 602 Α

1728 546 1758 602 Α
1786 535 1946 590 multi
1972 546 2030 592 et
2054 536 2291 606 improbi
2326 536 2533 593 laboris
2564 548 2649 594 est
2678 553 2807 594 arva
2846 540 3093 614 frugibus
3139 547 3369 604 minime

102 623 313 693 κλητοὶ,
341 623 460 675 ἀλλ’
488 617 583 676 οὖν
614 621 772 693 χρεία
801 621 897 675 καὶ
927 621 1031 690 τῆς
1073 621 1282 686 οίκείας
1310 625 1686 694 προαιρέσεως

1811 638 1939 701 apta
1991 638 2178 687 aratro
2212 632 2479 689 doctrina:
2506 644 2718 691 vertere
2740 646 2796 692 et
2821 639 3094 705 subigere.
3124 641 3183 698 Si
3219 645 3368 703 enim

99 715 198 768 καὶ
235 715 508 784 σπουδῆς·
548 732 569 768 ι
616 714 769 769 Ἐπεὶ
806 714 902 768 καὶ
947 713 1137 768 πολλοὶ
1172 712 1384 787 κλητοὶ,
1430 717 1600 788 ὀλίγοι
1623 718 1684 772 δὲ

1786 722 1969 777 vocati
2013 721 2175 787 estis,
2210 732 2269 777 at
2294 723 2455 779 vobis
2494 738 2633 795 opus
2665 737 2750 782 est
2785 729 3006 799 propria
3043 743 3221 789 vestra
3253 736 3370 791 ele-

99 804 371 861 έκλεκτοί.
404 824 424 858 ι

1782 810 1990 878 ctione,
2022 812 2263 882 propriis
2293 811 2512 880 studiis,
2552 831 2573 867 ι
2602 812 2756 871 Multi
2804 818 2952 874 enim
3001 832 3133 877 sunt
3165 826 3367 892 vocati,

1784 901 1946 971 pauci
1970 916 2103 957 vero
2136 902 2292 958 electi
2311 903 2356 958 '.
2387 920 2411 957 ι

616 1023 949 1079 sparum
1002 1024 1172 1081 me.
1791 1033 2123 1103 QUESTIO
2177 1034 2787 1115 ‹;(;ι.)ψςνη[ζ;εξιεζ.Δ
2834 1041 3127 1115 ccxmx,
3200 1047 3365 1103 Taur.

2347 1108 2742 1164 CCLXXXVIII
2768 1110 2812 1167 1.

102 1180 167 1233 Τί
191 1181 323 1234 ἐστι
344 1195 359 1210 ο
392 1166 787 1248 {Amatam
801 1184 911 1252 γὰρ
935 1185 1085 1240 Θεοῦ
1108 1185 1180 1241 ἐν
1198 1185 1359 1253 αὐτῷ
1371 1187 1681 1245 ἀποκωῦ-

2347 1110 2742 1164 CCLXXXVIII
2768 1110 2812 1184 ].
3111 1110 3123 1115 ’

1666 1220 1681 1233 -
1840 1197 1985 1266 Quid
2011 1202 2082 1257 sit
2112 1217 2133 1257 :
2168 1200 2443 1255 «‘Justitia
2479 1202 2619 1256 enim
2650 1202 2746 1258 Dei
2777 1194 2834 1258 in
2867 1223 2929 1261 eo
2958 1209 3252 1264 repetatur?
3292 1232 3307 1261 ι

711 1269 959 1320 atterat;
988 1274 1009 1308 ι

742 1365 884 1416 Edita
912 1380 942 1416 a
970 1366 1096 1418 lato
1126 1368 1184 1431 (l.
1216 1383 1263 1422 c.
1294 1384 1345 1435 p.
1381 1372 1487 1435 ιιδ,
1518 1373 1628 1432 ιιι,
1658 1387 1710 1436 q.
1742 1374 1874 1437 295).
1894 1402 1957 1413 —
1986 1375 2282 1438 Explanatio
2310 1378 2364 1426 in
2394 1376 2537 1425 Rom.
2563 1388 2599 1437 ι,
2630 1375 2707 1427 17.

168 1451 494 1522 Δικαιοσύνη
525 1454 632 1523 γὰρ
655 1453 815 1520 Θεοῦ,
840 1456 1145 1525 τουτέστιν,
1185 1462 1220 1529 ὴ
1240 1460 1553 1533 δικαιοσύνη
1587 1462 1681 1517 τοῦ

1853 1463 2073 1520 Justitia
2112 1466 2260 1521 enim
2296 1465 2415 1533 Dei,
2447 1468 2500 1522 id
2524 1477 2630 1532 est,
2665 1468 2879 1539 jnstitia
2909 1469 3004 1525 Dei
3032 1472 3086 1525 in
3117 1470 3366 1541 Evange—

94 1542 236 1595 Θεοῦ
257 1543 315 1596 ἐν
334 1543 410 1614 τῷ
434 1544 751 1617 Εὐαγγελίῳ
768 1547 936 1602 αὑτοῦ
966 1548 1418 1609 ἀποκαλύπτεται
1447 1556 1543 1609 καὶ
1576 1573 1681 1623 φα-

1784 1555 1860 1609 lio
1894 1571 1998 1611 suo
2044 1556 2288 1613 revelata
2335 1566 2391 1613 et
2439 1567 2666 1615 retecta.
2712 1558 3041 1626 Quomodo?
3078 1563 3303 1619 Proﬁuit
3334 1567 3365 1618 ὸ

96 1632 353 1703 νεροῦται
372 1650 387 1664 ⁸
424 1635 542 1698 πῶς
569 1636 664 1689 καὶ
690 1636 810 1692 τίνα
830 1638 1064 1710 τρόπον;
1097 1642 1162 1694 ἐκ
1197 1644 1435 1709 πίστεως
1462 1644 1561 1712 μὲν
1587 1646 1680 1700 τοῦ

1785 1648 1891 1705 ﬁde
1929 1650 2333 1723 proselytorum
2369 1651 2599 1720 iustitiae
2647 1652 2844 1708 divinze
2888 1654 3263 1712 manifestatio
3305 1669 3360 1712 et

96 1724 436 1793 προσιόντος,
463 1726 565 1797 τὴν
592 1727 767 1799 ἀρχὴν
796 1729 1150 1801 λαμϐάνουσα
1192 1735 1294 1806 τῆς
1317 1736 1679 1808 φανερώσεως
1711 1770 1737 1826 ε

1726 1770 1756 1826 Β
1785 1741 2066 1808 revelatio,
2113 1756 2418 1812 rursusque
2442 1742 2657 1812 justitia
2701 1745 2989 1800 credentes
3016 1746 3270 1816 propellit
3310 1756 3367 1802 et

94 1817 193 1870 καὶ
224 1818 649 1890 ἀποκαλύψεως
688 1824 772 1886 είς
808 1824 991 1879 πίστιν
1021 1826 1079 1880 δὲ
1112 1828 1430 1898 προάγουσα
1463 1833 1560 1884 καὶ
1588 1850 1680 1886 τε·
1711 1817 1735 1826 ’

1721 1817 1753 1826 ’
1787 1831 2078 1887 conﬁrmat
2107 1832 2160 1888 in
2186 1832 2345 1888 ﬁdem
2368 1849 2562 1904 puram
2600 1843 2764 1906 atque
2796 1836 3169 1907 incomptam
3198 1854 3362 1909 quam

92 1908 319 1962 λειοῦσα
346 1910 439 1963 τὸν
472 1914 912 1981 πεπιστευκότα,
944 1915 1212 1989 εἰλικρινῆ
1258 1921 1353 1974 καὶ
1384 1922 1677 1994 ἀκέραιον·

1788 1938 1896 1977 non
1932 1934 2079 1980 artes
2108 1924 2371 1992 indicant,
2409 1927 2504 1982 sed
2528 1930 2701 1997 gratia
2732 1928 2920 1983 divina
2940 1928 3178 1999 desuper
3207 1908 3366 1988 nobis

92 1998 199 2069 οὐχ
224 2001 290 2069 ἠν
305 2000 492 2071 τέχναι
518 2005 934 2075 συγκρατοῦσιν,
952 2008 1069 2061 ἀλλ’
1093 2010 1165 2081 ἢν
1191 2012 1226 2081 ἠ
1250 2011 1456 2066 ἀνωθεν
1483 2013 1683 2085 ἐλλαμ-

1786 2024 1983 2081 sponte
2026 2028 2125 2069 sua
2162 2014 2375 2070 tribuit.
2423 2014 2550 2071 Haec
2588 2025 2673 2071 est
2697 2018 2844 2072 enim
2878 2018 3063 2074 divina
3084 1998 3183 2073 illa
3210 2036 3365 2075 reve-

89 2089 191 2159 ψις
215 2093 547 2167 χαριζομένη
571 2095 648 2166 τῷ
678 2098 864 2168 μέτρῳ
885 2102 1121 2172 παρέχει
1144 2101 1247 2172 τῆς
1269 2106 1644 2176 προαιρέσεως
1664 2123 1678 2137 ·

1785 2098 1894 2154 lata
1961 2116 2060 2171 per
2111 2100 2463 2173 Evangelium
2514 2105 2764 2175 justitia,
2810 2122 2934 2177 quae
2983 2108 3198 2166 inventa
3239 2110 3365 2165 ﬁdei

91 2181 237 2253 αῦτη
254 2184 363 2255 γάρ
387 2187 541 2240 ἐστιν
567 2189 600 2259 ή
624 2189 719 2243 τοῦ
747 2191 885 2244 Θεοῦ
924 2192 1427 2269 ἀποκαλυπτομένη
1468 2198 1557 2252 διά
1583 2197 1680 2253 τοῦ

1785 2188 1999 2245 semina
2040 2189 2171 2245 fecit
2220 2201 2281 2246 ut
2318 2195 2691 2263 germinarent
2740 2198 2864 2253 lidei
2912 2197 3146 2256 fructus.
3195 2196 3366 2257 Aliter

92 2275 432 2345 Εὑαγγελίου
455 2279 789 2353 δικαιοσύνη,
812 2285 894 2338 ὅτι
918 2287 1138 2358 σπέρμα
1163 2288 1399 2353 πίστεως
1423 2290 1678 2360 εὑροῦσα,

1790 2288 1968 2335 tamen
1998 2280 2166 2349 hujus
2194 2284 2344 2339 verbi
2374 2299 2572 2340 sensus
2606 2287 2834 2360 intelligi
2863 2300 3075 2361 potest,
3107 2294 3181 2347 ita
3215 2295 3364 2350 scili-

92 2369 311 2437 καρπὸν
341 2368 641 2457 βλαστῆσαι
672 2377 1056 2445 παρεσκεύασε
1074 2378 1312 2442 πίστεως
1332 2398 1346 2411 ο
1365 2381 1554 2436 ἔστιδὲ
1584 2385 1680 2437 καὶ

1785 2380 1873 2428 cet
1904 2390 1919 2426 :
1955 2373 2143 2427 Divina
2174 2376 2472 2447 percipitur
2516 2388 2570 2434 et
2596 2381 2936 2452 dignoscitur
2966 2385 3177 2454 justitia
3229 2387 3364 2457 ipsis

90 2462 275 2525 ἄλλως
299 2453 724 2538 ύπολαὸεῐν⁸τὴν
744 2468 982 2524 διάνοιαν
1002 2471 1097 2525 τοῦ
1131 2473 1509 2545 ῥητοῦοότιέν
1530 2477 1680 2547 αὐτῷ
1786 2461 1841 2516 in
1900 2466 2251 2523 credentibus
2289 2468 2408 2538 (Ιυίο
2475 2480 2764 2542 ροειίιυειω
2822 2476 2930 2531 De”
2970 2453 3365 2547 νβωίίίθίιιίδί

89 2552 175 2622 τῷ
199 2554 507 2609 πιστεύοντι
537 2558 570 2625 ἡ
595 2557 909 2632 δικαιοσύνη
955 2562 1051 2615 τοῦ
1085 2563 1221 2617 Θεοῦ
1252 2565 1556 2638 καθορᾶται
1588 2569 1679 2624 καὶ

1786 2552 2056 2608 modicam
2114 2570 2180 2611 ex
2234 2559 2517 2616 voluntate
2574 2563 2757 2629 ﬁdem,
2796 2564 3066 2635 integram
3113 2570 3362 2625 vicissim

88 2643 422 2711 γινώσκεται
445 2663 461 2681 ο
494 2648 576 2701 ὅτι
620 2653 824 2721 μικρὰν
871 2654 1056 2707 πίστιν
1082 2656 1457 2728 προαιρέσεως
1500 2659 1680 2714 λαὸὼν

1786 2644 2059 2713 accipiant
2099 2648 2450 2707 revelationis
2486 2661 2541 2708 et
2580 2653 2775 2709 divina:
2811 2657 3057 2713 scientiae
3091 2659 3275 2726 ﬁdem,
3309 2672 3364 2717 et

87 2754 170 2788 πα
180 2736 229 2805 ρ’
252 2735 439 2800 αὑτοῦ,
456 2737 584 2808 ὅλην
606 2740 755 2812 αὑτῷ
776 2744 876 2813 τὴν
906 2744 967 2809 ἐξ
991 2748 1384 2820 ἀποκαλύψεως
1407 2754 1500 2807 καὶ
1532 2756 1680 2821 Θείας

1784 2747 1853 2821 ex
1884 2733 2031 2789 inani
2063 2737 2303 2807 quadam
2337 2739 2443 2794 lide
2472 2741 2540 2795 ad
2586 2758 2856 2799 summam
2888 2746 3041 2801 illam
3083 2747 3207 2803 ﬁdei
3236 2765 3362 2818 per-

88 2826 350 2895 γνώσεως
388 2829 571 2882 πίστιν
594 2834 899 2905 παρέσχετο
920 2878 936 2903 ,
962 2839 1027 2894 ix
1066 2839 1167 2909 τῆς
1190 2843 1417 2908 ἀτελοῦς
1443 2820 1679 2912 πίστεωξ

1786 2820 2101 2888 fectionem,
2156 2828 2313 2897 quasi
2373 2844 2538 2884 manu
2598 2833 2865 2903 perducti,
2924 2837 3357 2892 constituuntur.

87 2921 175 2981 εἰς
232 2920 472 2991 μεγάλην
522 2923 685 2977 αὐτὸν
731 2932 1155 3005 χειραγωγήσας
1206 2935 1299 2987 καὶ
1346 2940 1680 3008 καταρτίσας

1786 2916 1942 2983 Quod
1969 2926 2153 2973 autem
2192 2920 2390 2975 deinde
2424 2923 2688 2993 scriptum
2723 2936 2808 2980 est
2841 2945 2854 2981 :
2887 2946 2907 2979 ι
2939 2925 3130 2984 Justus
3172 2930 3226 2984 in
3258 2930 3362 2985 ﬁde

87 3012 332 3077 πίστεως
362 3013 673 3085 τελειότητα
701 3035 717 3050 ο
747 3015 867 3074 εἶτα
886 3020 1070 3084 καθὼς
1096 3023 1406 3097 γέγραπται
1428 3047 1444 3063 ο
1474 3048 1494 3081 ι
1543 3032 1601 3086 '0
1619 3034 1675 3086 δὲ

1784 3023 1887 3064 sua
1948 3010 2094 3065 vivet
2123 3012 2166 3077 ⁸,
2207 3027 2275 3067 ne
2303 3013 2607 3081 existimes,
2660 3017 2859 3088 inquit,
2901 3020 3007 3075 hoc
3052 3037 3257 3076 novum
3306 3033 3361 3079 et

84 3103 299 3168 δίκαιος
319 3104 383 3158 έκ
402 3106 641 3170 πίστεως
664 3108 887 3178 ζήσεται
910 3126 925 3141 ο
951 3131 970 3164 ι
1011 3113 1087 3183 μὴ
1138 3117 1361 3189 νομίσῃς
1416 3120 1495 3185 δὲ,
1528 3125 1682 3192 φησὶ,
1712 3134 1725 3186 1

1719 3130 1755 3189 ε
1788 3116 1981 3192 recens
2009 3119 2152 3161 esse.
2184 3104 2301 3162 Hoc
2330 3107 2656 3178 jampridem
2705 3112 2849 3167 enim
2882 3115 3200 3184 prophetica
3228 3131 3360 3172 voce

89 3192 285 3245 καινὸν
316 3192 410 3246 καὶ
432 3194 746 3263 πρόσφατον
770 3213 785 3228 ’
849 3197 1006 3251 τοῦτο
1057 3209 1377 3277 προφητικῇ
1407 3212 1557 3279 φωνῇ
1583 3191 1675 3265 τοῦ

1790 3191 2047 3251 Habacuc
2100 3198 2498 3267 proclamatum
2554 3210 2659 3257 est.
2714 3202 3038 3269 Quomodo?
3088 3224 3109 3258 ι
3164 3206 3358 3265 Justus

100 3283 421 3355 Ἀεσακοὺμ
448 3285 656 3339 ἀνωθεν
681 3290 1223 3361 προανακηρύττεται
1244 3312 1258 3327 ο
1284 3299 1416 3369 ποία
1459 3302 1633 3376 ταύτῃ
1658 3323 1672 3369 ;

1786 3294 1968 3339 autem
1999 3286 2055 3341 in
2082 3287 2189 3343 ﬁde
2232 3305 2332 3345 sua
2365 3291 2574 3345 vivet".
2610 3311 2630 3345 ι
2671 3292 2787 3350 Hoc
2820 3295 2920 3351 viri
2947 3298 3103 3367 probi
3144 3307 3200 3354 et
3219 3299 3355 3370 justi

90 3393 112 3427 ε
138 3375 201 3428 ’0
226 3376 284 3430 δὲ
307 3375 511 3441 δίκαιος
525 3382 589 3432 ἐκ
613 3379 846 3446 πίστεως
872 3383 1119 3453 ζήσεται·
1152 3404 1172 3438 ι
1198 3391 1496 3459 τουτέστιν,
1526 3374 1672 3467 ἡτοῦ

1776 3374 1945 3430 vitam
1981 3378 2274 3447 signiﬁcat.
2326 3379 2515 3437 Justus
2547 3383 2693 3438 enim
2723 3394 2984 3441 censetur
3025 3387 3122 3458 qui
3164 3393 3350 3446 omnia

82 3468 303 3522 δικαίου
331 3470 427 3523 καὶ
443 3471 730 3525 σπουδαίου
758 3475 892 3544 ζωή·
907 3475 1114 3531 δίκαιον
1142 3480 1252 3553 γὰρ
1267 3484 1359 3536 τὸν
1380 3488 1557 3540 πᾶσαν
1575 3490 1674 3559 τὴν

1774 3479 1900 3519 cum
1925 3467 2125 3523 virtute
2152 3472 2313 3539 gerit.
2342 3470 2491 3527 Illius
2518 3487 2646 3542 ergo
2676 3475 2787 3530 vita
2822 3476 2880 3531 in
2905 3476 3011 3533 ﬁde
3046 3494 3148 3535 sua
3194 3482 3353 3551 quasi

82 3561 295 3630 ἀρετὴν
320 3562 743 3634 κατορθώσαντα
793 3566 887 3621 νῦν
938 3567 1124 3637 λέγει’
1159 3574 1351 3627 τούτου
1385 3576 1525 3649 οὒνὴ
1558 3557 1673 3651 {cui}

1774 3557 2169 3626 comprehensa
2199 3568 2254 3614 et
2290 3561 2477 3617 clausa
2503 3570 2608 3629 est,
2642 3574 2697 3619 et
2733 3581 2764 3619 a
2799 3566 2907 3622 ﬁde
2937 3568 3250 3626 voluntaria
3279 3573 3355 3627 in-

83 3650 278 3703 πίστει
308 3652 425 3704 ἐστὶ
448 3656 829 3728 περατουμένη
860 3660 954 3713 καὶ
988 3665 1349 3736 συμπεριλαμ
1364 3644 1633 3742 ϐανομένη
1660 3644 1673 3651 ’

1773 3644 1926 3713 cipit.
1968 3644 2311 3702 Postremum
2365 3664 2491 3703 vero
2534 3652 2602 3704 ad
2652 3652 2811 3706 ﬁdem
2854 3667 2887 3708 e
2932 3654 3116 3709 divina
3174 3668 3351 3712 ortam

84 3741 321 3809 ἄρχεται
360 3743 458 3812 μὲν
476 3746 583 3816 γὰρ
608 3746 717 3801 ἀπὸ
743 3748 845 3819 τῆς
874 3753 1017 3806 κατά
1051 3757 1369 3826 προαίρεσιν
1388 3736 1633 3827 ίπίστεωέ
1652 3781 1668 3796 ο

1774 3736 2109 3792 revelatione
2147 3740 2414 3808 pervenit.
2456 3740 2823 3806 Quamobrem
2864 3747 3127 3802 continuo
3170 3750 3352 3816 justus

82 3832 317 3902 τελευτᾷ
351 3833 407 3886 δὲ
444 3836 540 3888 καὶ
582 3838 1026 3908 ἁποπερατοῦται
1077 3848 1158 3909 είς
1184 3849 1285 3918 τὴν
1330 3853 1471 3904 κατά
1520 3854 1671 3911 θείαν

1773 3827 1828 3881 in
1862 3827 1969 3886 ﬁde
1999 3845 2097 3885 sua
2127 3831 2298 3898 vivit;
2340 3833 2603 3902 scriptum
2649 3844 2755 3900 est,
2787 3836 2951 3903 vivet,
3000 3837 3053 3893 id
3094 3847 3198 3903 est,
3240 3840 3350 3894 vita

81 3924 435 3994 ἀποκάλυψιν
462 3928 647 4014 πίστιν
668 3947 683 3961 ο
711 3931 791 3985 διὸ
811 3934 899 3987 ἀεὶ
929 3935 958 3988 ὁ
981 3936 1189 4000 δίκαιος
1214 3939 1280 3992 ὲκ
1308 3941 1542 4008 πίστεως
1568 3946 1635 4015 ζῆ
1652 3962 1667 3978 ο

1767 3919 1879 3987 jam
1925 3921 2125 3985 caruit,
2169 3921 2300 3977 vita:
2346 3922 2471 3978 ﬁnis
2520 3925 2651 3992 erit,
2681 3936 2736 3981 at
2763 3926 3021 3998 deinceps
3059 3930 3351 3987 reviviscet

80 4014 148 4068 τι
182 4015 241 4069 δὲ
277 4016 532 4087 ζήσεται,
566 4005 647 4073 ac}
680 4023 780 4077 οὐκ
812 4024 972 4095 εξησε
1001 4028 1121 4096 μὲν,
1140 4030 1405 4087 παύσεται
1433 4005 1671 4101 assint:

1772 4014 1832 4061 ut
1864 4009 2019 4078 prius
2076 4010 2302 4077 vixerit;
2350 4026 2582 4081 quorum
2621 4029 2817 4069 sensus
2856 4016 3002 4071 idem
3057 4028 3145 4073 est
3186 4028 3350 4089 atque

80 4106 190 4160 καὶ
243 4109 411 4162 εἰσέτι
444 4109 695 4182 ζήσεται,
744 4115 818 4178 ὠς
861 4118 955 4170 καὶ
998 4120 1262 4191 πρότερον
1294 4099 1506 4194 ζήσαςέ
1534 4128 1671 4200 ὅπερ

1772 4099 1865 4156 ille
1893 4118 1909 4155 :
1933 4100 1989 4155 in
2020 4101 2127 4157 ﬁde
2152 4116 2252 4158 sua
2288 4105 2548 4159 continuo
2582 4105 2738 4172 vivit,
2774 4107 2878 4161 hoc
2908 4116 3091 4163 autem
3122 4110 3344 4165 verbum

78 4195 209 4251 ἴσον
228 4199 332 4269 τῷ,
362 4201 449 4254 ἀεὶ
472 4201 537 4273 ζῇ
566 4204 628 4257 ὲκ
655 4205 889 4272 πεστεως
919 4224 936 4240 ο
965 4209 1026 4263 τὸ
1055 4210 1111 4264 δὲ
1137 4210 1398 4280 ὀῇσεται,
1416 4195 1669 4284 ἁντὶτοῦ,

1770 4196 1901 4249 vivet
1930 4197 2152 4266 ponitur
2173 4211 2272 4267 pro
2299 4215 2315 4253 :
2346 4198 2401 4253 in
2433 4199 2524 4255 illa
2556 4212 2816 4271 perpetuo
2841 4202 2947 4257 erit
2970 4214 3026 4258 et
3055 4204 3347 4260 conﬁrma-

75 4287 177 4340 διά
218 4288 422 4354 παντὸς
450 4292 508 4344 ἐν
535 4293 672 4365 αὐτῇ
700 4294 850 4349 ἔσται
890 4298 987 4351 καὶ
1015 4303 1435 4374 στηριχθήσεται
1463 4321 1479 4337 σ
1530 4307 1669 4363 ὥστε

1771 4286 1953 4354 bitur;
1990 4286 2067 4343 ita
2112 4295 2173 4341 ut
2222 4288 2343 4345 sine
2390 4290 2483 4347 illa
2528 4306 2630 4347 nec
2668 4292 2872 4361 vivere,
2922 4308 3025 4350 nec
3068 4295 3345 4366 respirare

80 4378 228 4450 μηδὲ
249 4381 349 4453 ζῇν
381 4382 654 4454 αἱρεῖσθαι
685 4389 854 4458 χωρὶς
872 4390 1064 4459 αὐτῆς,
1088 4394 1223 4463 μηδὲ
1243 4396 1521 4453 ἀναπνεῖν.
1770 4378 1967 4448 9°53“-

599 4494 932 4551 Epnmms
958 4500 1139 4569 ΣΠςι.
1697 4470 1741 4526 θ
1841 4510 2171 4578 QUAESTIO
2217 4512 2240 4567 (

1697 4470 1741 4526 ⁰
1841 4510 2171 4578 QUAESTIO
2217 4512 2571 4596 cccxxxvg
2635 4514 2841 4587 [CoisL
2896 4516 3051 4584 ccc,
3103 4517 3270 4574 Taur.

2345 4584 2742 4639 cccxxxm.

83 4648 155 4701 τί
181 4647 314 4702 ἐστι
349 4649 1458 4753 τδηὶξξξὲ.τέῖς.ζιέίτοεξδέξεεέεψένονο
1493 4684 1513 4717 ι
1548 4669 1669 4721 ηα-

2345 4586 2742 4657 CCLXXXIX].

1766 4673 1885 4740 Quo
1922 4684 2118 4745 spectet
2157 4676 2253 4729 hoc
2287 4677 2526 4753 Αροέιοιὶ
2573 4678 2779 4753 verbum
2805 4694 2826 4732 :
2861 4699 2879 4729 ι
2914 4679 3131 4735 Tradite
3189 4680 3338 4736 illam

397 4721 618 4787 ριὶόοτε
642 4723 829 4777 αὐτὸν
869 4725 948 4790 τῷ
976 4721 1255 4797 zamia:-
1293 4750 1315 4784 ι
1772 4721 1879 4740 ’ν’
1923 4721 2038 4745 vr"

1154 4721 1247 4737 ἰι-
1772 4721 1879 4740 η“““⁹
1923 4721 2116 4745 'l'""'
2157 4721 2251 4729 ""
2287 4721 2525 4743 "r"""
2575 4721 2712 4753 ⁷⁷⁷⁷έ

1071 4745 1255 4797 ταν(ῑί
1293 4750 1315 4784 ³
2380 4744 2599 4801 Satana:
2616 4747 2658 4800 ⁸.
2694 4768 2712 4800 ι

671 4840 815 4892 Edita
847 4859 873 4894 a
905 4843 1029 4895 Maio
1057 4846 1115 4908 (Ι.
1149 4862 1194 4899 c.
1227 4863 1275 4921 p.
1304 4850 1411 4915 tu,
1441 4867 1491 4917 q.
1518 4856 1652 4920 296).
1674 4886 1737 4899 --
1755 4861 1882 4921 Quid
1904 4862 1971 4910 sit
1998 4862 2194 4912 tradere
2223 4860 2432 4920 Satanas,
2460 4862 2477 4910 I
2511 4861 2620 4913 Cor.
2644 4876 2693 4921 v,
2719 4862 2764 4913 5.

157 4918 288 4971 Ὅτι
300 4918 359 4971 τὸ
379 4920 707 4991 παραδοῦναι
730 4926 893 4981 αὐτὸν
908 4929 987 5000 τῷ
1005 4931 1219 5003 Σατανᾷ
1232 4919 1361 5006 περὶ
1376 4935 1469 4990 τοῦ
1491 4939 1523 5007 ἡ
1533 4918 1671 5010 μαρ-
1773 4918 1792 4921 ﬁ

1773 4918 1792 4921 ﬁ
1838 4940 1952 4997 Hoc
1974 4944 2222 5010 verbum,
2258 4962 2277 4995 ι
2307 4918 2528 4997 Tradite
2556 4918 2705 4997 illum
2727 4944 2964 5010 Satanae,
2992 4965 3012 4998 ι
3033 4948 3179 5018 quod
3206 4965 3335 5019 pro.

70 5009 319 5079 τηκότος
360 5008 650 5080 Κορινθίου
698 5013 775 5085 τῷ
801 5016 1074 5090 θεσπεσίῳ
1104 5023 1300 5094 Παύλῳ
1353 5008 1664 5097 εἰρημένον,

1768 5027 1887 5103 pter
1914 5034 2183 5090 Corinthii
2209 5008 2503 5104 peccatum
2532 5033 2692 5091 divus
2731 5036 2900 5091 edidit
2925 5008 3150 5105 Paulus,
3192 5008 3334 5100 idem

71 5104 225 5167 ἔστι,
258 5102 413 5170 φησὶ,
441 5102 640 5168 ἐξῶσαι
670 5107 832 5160 αὑτὸν
852 5109 1293 5186 τῆςἙκκλησίας
1312 5132 1328 5149 ο
1354 5119 1404 5171 oi
1427 5117 1535 5188 γὰρ
1562 5118 1670 5171 τῶν

1764 5102 1851 5182 est
1891 5141 1957 5182 ac
2002 5128 2063 5183 si-
2093 5102 2320 5183 dixisset
2347 5147 2361 5184 :
2388 5127 2586 5198 Ejicite
2616 5128 2765 5183 illum
2823 5144 2891 5184 ex
2924 5102 3198 5199 Ecclesia;
3240 5138 3334 5205 qui

87 5193 441 5263 Ἑκκλησιῶν
491 5196 889 5269 ἐξωθούμενοι,
923 5202 1029 5269 ἔξω
1054 5209 1153 5278 τῆς
1195 5206 1344 5272 θείας
1394 5212 1667 5280 γινόμενοι

1766 5220 1912 5275 enim
1952 5220 2164 5290 expulsi
2219 5229 2349 5276 sunt
2394 5193 2462 5276 ex
2501 5217 2744 5277 Ecclesia
2789 5230 2845 5277 et
2886 5224 3043 5293 ejecti
3073 5241 3105 5281 e
3152 5229 3335 5285 divina

70 5284 452 5354 κηδεμονίας,
511 5288 616 5341 ὑπὸ
674 5292 770 5362 τὴν
828 5294 1023 5367 βουλὴν
1078 5299 1172 5352 καὶ
1207 5300 1303 5370 τὴν
1352 5301 1666 5355 δυναστείαν

1768 5284 2082 5365 sanctorum
2123 5309 2405 5376 alliuitate,
2452 5309 2680 5365 arbitrio
2727 5318 2781 5365 et
2825 5284 3083 5382 potestati
3117 5315 3334 5375 Satanae

68 5377 349 5430 πίπτουσι
392 5380 491 5449 τὴν
551 5382 797 5436 έκείνοψ
849 5388 1030 5453 καλῶς
1061 5390 1120 5443 δὲ
1172 5392 1419 5461 ἐπήγαγε
1442 5395 1536 5446 καὶ⁵
1569 5394 1662 5446 τό·

1762 5401 2189 5470 permittuntur;
2251 5412 2305 5456 et
2348 5401 2551 5471 optime
2612 5377 2854 5470 adjecit}
2892 5421 2911 5454 ι
2942 5402 2998 5458 In
3052 5406 3329 5464 interitum

73 5494 94 5524 ε
124 5473 225 5535 Εἰς
246 5470 464 5541 ὄλεθρον
478 5477 575 5545 τῆς
595 5481 817 5550 σαρκὸς,
831 5502 850 5534 ι
875 5484 1087 5550 δεικνὺς
1102 5487 1183 5541 ὄτι
1201 5489 1320 5541 οὐδὲ
1338 5489 1491 5542 τοῦτο
1510 5490 1666 5557 ἀτει-

1762 5490 1943 5545 carnis
1968 5491 2024 5555 ';
2060 5509 2077 5541 ι
2116 5470 2409 5546 ostendens
2458 5491 2528 5544 ita
2562 5506 2621 5545 se
2651 5491 2876 5546 minime
2912 5494 3248 5553 crudelitatis
3278 5511 3333 5555 ct

62 5567 168 5636 δίᾳ
199 5567 349 5617 ποιεῖ
371 5567 463 5618 καὶ
495 5568 663 5637 μίσει,
688 5573 802 5627 ἀλλ’
826 5577 910 5630 ἴνα
934 5582 1001 5650 τῇ
1030 5580 1195 5652 πείρᾳ
1220 5583 1438 5649 γνόντες
1467 5581 1526 5633 τὸ
1551 5582 1665 5634 διά-

1761 5580 1869 5635 odii
1899 5595 2064 5635 causa
2084 5581 2134 5635 id
2155 5580 2356 5645 facere,
2379 5581 2472 5636 sed
2492 5592 2545 5635 ut
2564 5580 2814 5651 exemplo
2843 5582 3014 5651 docti,
3057 5599 3323 5656 quantum

65 5674 275 5727 990.0“.
325 5656 461 5727 πρὸς
512 5666 875 5735 μεταμέλειαν
933 5672 1227 5725 νεύσωσιν’
1280 5671 1421 5725 οὓτω
1464 5688 1521 5723 τε
1562 5673 1662 5739 τῆς

1762 5676 2046 5731 interesset
2081 5676 2249 5732 Deum
2279 5677 2419 5732 inter
2442 5692 2505 5731 ac
2538 5675 2820 5741 Satanam,
2851 5676 2917 5732 ad
2950 5681 3321 5747 paenitentiam

166 5843 185 5873 ⁵
209 5840 401 5897 Matth.
430 5860 520 5912 xx,
553 5846 637 5899 16.
717 5847 917 5903 ‘Rom.
959 5866 997 5915 ι,
1031 5852 1117 5904 l7.
1191 5856 1209 5885 ⁷
1240 5856 1441 5911 liabac.
1481 5873 1541 5919 ιι,
1581 5855 1626 5909 ί.
1707 5857 1769 5911 ⁸1

721 5847 917 5903 'Rom.
959 5866 997 5915 ι,
1031 5852 1117 5904 i7.
1191 5856 1209 5885 ⁷
1240 5856 1441 5911 Hahae.
1481 5873 1541 5919 ll,
1581 5855 1626 5909 4.
1707 5857 1769 5911 ⁸1
1811 5857 1940 5914 Cor.
1975 5873 2024 5923 v,
2194 5861 2211 5890 ⁹
2237 5860 2362 5914 ibid.
