4156 6438
811 376 952 442 1119

1897 381 2163 446 PHOTII
2200 385 2705 450 ΡΛΤΒΙΛΒΟΠᾸΞ
2752 390 2861 452 CP.

3926 401 4056 471 1120

807 502 1140 566 spectarent,
1171 503 1333 566 atque
1365 495 1439 550 ita
1470 509 1533 550 cx
1574 504 1840 568 potestate
1867 498 2070 556 diaboli
2098 504 2306 572 egressi
2328 513 2383 560 et

2483 504 2803 571 δυναστείας
2830 508 2924 561 τοῦ
2939 507 3182 563 διαϐόλου
3215 509 3320 576 ἔξω
3348 512 3624 584 γινόμενοι
3651 519 3718 590 τῇ
3748 517 3846 572 τοῦ
3883 524 4060 590 κρείτ-

807 585 1019 642 meliori
1054 587 1319 642 electione
1350 585 1514 653 facta,
1545 585 1790 642 futuram
1831 590 2065 646 salutem
2101 607 2383 648 mererem

2481 612 2632 658 τονος
2673 599 3018 668 αἱρέσει,τῆς
3067 602 3342 670 σωτηρίας
3377 603 3576 669 αὐτοὺς
3615 607 3715 678 τῆς
3762 609 4060 680 μελλούσης

812 687 942 733 tur:
980 677 1127 731 unde
1157 684 1212 732 et
1242 677 1444 747 adjecit
1469 695 1484 733 :
1520 695 1539 730 ι
1573 677 1647 734 Ut
1675 679 1901 750 spiritus
1917 682 2102 738 salvus
2116 685 2188 739 sit
2212 683 2266 738 in
2296 685 2385 740 die

2483 690 2903 760 καταστήσωσιν
2932 691 3118 757 ἀξίους
3145 707 3163 725 ⁶
3191 695 3314 748 ὅθεν
3332 696 3428 749 καὶ
3456 677 3775 769 ἀπήγαγεν(
3802 719 3823 754 ι
3855 703 3980 756 Ἵνα

810 765 1026 823 Domini
1057 766 1233 823 nostri
1261 765 1394 824 Jesu
1422 767 1656 824 Christi.
1689 787 1711 820 ι

1134 957 1464 1028 duasne
1501 959 1883 1017 CCLXXXVI!
1908 965 2042 1037 (εξ).

813 1053 952 1120 Quid
979 1053 1076 1107 hoc
1106 1054 1277 1108 valeat
1309 1069 1328 1108 :
1359 1073 1377 1105 ι
1404 1053 1466 1107 In
1499 1054 1658 1123 ﬁnem
1707 1072 1802 1123 pro
1847 1074 1908 1109 ea
1939 1073 2057 1126 qua:
2098 1057 2382 1113 hmrsditav

1286 1136 1390 1178 tem
1421 1127 1758 1194 consequitur
1783 1128 1846 1181 ".
1879 1150 1898 1179 ο

2483 783 2700 855 πνεῦμα
2731 785 2880 857 σωθῇ
2906 788 2964 841 ἐν
2993 789 3057 858 τῇ
3088 789 3273 860 ἡμέρᾳ
3315 788 3406 842 τοῦ
3441 792 3648 861 Κυρίου
3680 793 3842 864 ἡμῶν
3886 795 4056 866 Ἰησοῦ

2478 876 2737 948 Χριστοῦ.
2779 898 2798 930 ι

3010 971 3341 1026 ΕΡΩΤΗΣῙΣ
3363 975 3528 1029 ΣΠΖ’.

2496 1067 2557 1119 Τί
2605 1067 2807 1120 ἐστιν’
2867 1085 2888 1120 ι
2919 1069 3026 1133 Εις
3065 1068 3134 1120 τὸ
3189 1066 3365 1152 τέλος
3413 1069 3567 1136 ὑπὲρ
3609 1071 3718 1136 τῆς
3766 1076 4057 1140 κληρονο-

3101 1154 3374 1205 μουσης;
3407 1157 3425 1188 ι

962 1238 1101 1290 Edita
1123 1254 1151 1289 a
1177 1240 1301 1289 Ilaio
1334 1241 1389 1300 (l.
1417 1253 1460 1289 c.
1483 1254 1534 1302 p.
1560 1241 1670 1299 ili,
1702 1243 1812 1302 illi,
1837 1255 1887 1303 q.
1909 1242 2044 1302 297).
2075 1271 2138 1282 —
2159 1246 2285 1305 Quid
2316 1245 2411 1296 sibi
2445 1249 2551 1297 vult
2581 1248 2633 1297 in
2665 1248 2989 1312 inscriptione
3013 1251 3314 1301 Psalmorum
3341 1253 3494 1304 illud:
3523 1269 3542 1302 ι
3573 1257 3629 1305 In
3661 1257 3816 1307 linem
3835 1257 3861 1306 τ
3891 1274 3912 1306 ι

878 1323 1006 1378 Tria
1049 1325 1206 1378 nobis
1231 1323 1334 1378 hac
1359 1324 1428 1379 de
1451 1326 1756 1394 quaestione
1796 1328 2170 1398 investiganda
2202 1340 2331 1383 sunt
2365 1348 2380 1384 :

806 1413 942 1482 Quae
967 1415 1181 1470 haeres?
1208 1414 1367 1482 Quod
1395 1415 1831 1484 patrimonium?
1869 1417 1936 1471 Et
1962 1418 2184 1488 quando
2213 1420 2383 1474 haere-

805 1507 986 1563 ditas?
1012 1505 1200 1562 Haeres
1237 1515 1323 1562 est
1348 1505 1618 1569 Ecclesia,
1662 1515 1718 1563 et
1760 1509 1905 1564 illius
1934 1511 2252 1580 plenitudo;
2283 1528 2382 1581 pa-

806 1600 1125 1656 trimonium
1160 1600 1307 1670 quod
1343 1615 1452 1654 non
1487 1600 1624 1654 vidit
1647 1601 1864 1668 oculus,
1901 1617 2004 1658 nec
2035 1605 2187 1659 auris
2221 1607 2380 1660 audi-

2551 1333 2691 1403 Τρία
2722 1336 2857 1402 ἡμῖν
2883 1335 2992 1388 ἀπὸ
3026 1333 3127 1404 τῆς
3154 1337 3467 1408 ιπιγραφῆς
3518 1340 3820 1410 ζητήματα
3861 1342 4048 1396 ἀνακύ

2480 1440 2604 1475 πτει
2632 1439 2649 1455 ο
2678 1424 2760 1486 τίς
2792 1424 2825 1492 η
2859 1423 3290 1495 κληρονομοῦσα,
3313 1429 3396 1490 τίς
3418 1431 3459 1484 ὁ⁴
3485 1429 3709 1501 κλῆρος,
3746 1432 3849 1485 καὶ
3878 1432 4055 1502 audisti,

2477 1514 2852 1584 κληρονομίαο
2901 1516 3314 1587 κληρονομοῦσα
3343 1519 3444 1586 μέν
3481 1521 3628 1572 ἐστιν
3682 1522 3717 1590 η
3761 1520 4055 1590 Ἐκκλησία

2477 1609 2572 1661 καὶ
2607 1611 2668 1662 τὸ
2698 1609 2972 1680 πλήρωμα
3021 1610 3217 1680 αὐτῆς·
3251 1609 3451 1681 κλῆρος
3474 1612 3532 1664 δὲ
3567 1612 3601 1664 ἂ
3639 1611 3931 1683 ὀφθαλμὸς
3969 1608 4057 1667 ούὶ

805 1693 905 1757 vit,
948 1702 1003 1748 et
1027 1706 1322 1762 quousque
1371 1706 1470 1746 cor
1515 1691 1758 1747 hominis
1807 1708 1919 1748 non
1973 1695 2222 1766 erigitur,
2271 1697 2376 1752 hoc

2483 1696 2624 1765 εἶδε,
2652 1703 2748 1754 καὶ
2766 1699 2859 1764 οὓς
2885 1702 2987 1756 οὐκ
3014 1702 3240 1772 ἥκουσα,
3261 1705 3358 1755 καὶ
3379 1703 3473 1754 ἐπὶ
3504 1703 3736 1773 καρδίαν
3769 1704 4056 1775 ἀνθρώπου

807 1786 926 1856 ipse
977 1784 1170 1840 forsan
1233 1783 1438 1839 revelat
1483 1784 1717 1840 dicens:
1750 1783 1818 1838 In
1871 1787 2051 1854 ﬁnem,
2093 1791 2242 1858 quod
2296 1801 2380 1845 est

2483 1791 2580 1843 οὐκ
2608 1791 2774 1861 ἀνέὸη
2803 1809 2818 1824 ·
2846 1791 2908 1844 τὸ
2931 1791 2988 1844 δὲ
3013 1791 3143 1846 πότε
3167 1831 3184 1857 ,
3206 1793 3370 1857 αὐτὸς
3388 1793 3654 1864 ἐδήλωσεν
3681 1794 3880 1861 εἰπὼν,
3908 1801 3987 1859 εἰς
4009 1800 4058 1849 τὸ

805 1875 1055 1930 futurum
1083 1889 1284 1939 aevum,
1314 1889 1422 1928 non
1448 1882 1630 1929 autem
1661 1890 1934 1944 praesens;
1959 1894 2058 1933 cur
2082 1895 2183 1934 nos
2211 1881 2380 1936 haere-

805 1973 903 2025 des
930 1969 1216 2024 inscribit?
1240 1967 1510 2033 Quoniam
1538 1969 1682 2022 ﬁlios
1716 1970 1856 2025 Deus
1881 1971 2178 2042 adoptavit.
2203 1973 2382 2040 Quos-

806 2063 974 2118 nam?
1003 2062 1226 2133 Dignos.
1258 2063 1361 2129 Qui
1395 2071 1578 2130 autem
1606 2062 1790 2133 digni?
1819 2063 1923 2129 Qui
1961 2066 2220 2121 mandata
2259 2082 2381 2123 ser—

807 2163 960 2209 vant.
985 2154 1062 2209 De
1085 2154 1174 2209 illa
1199 2153 1411 2210 herede
1433 2152 1637 2209 Paulus
1663 2157 1802 2209 dixit
1831 2175 1846 2211 :
1878 2175 1897 2208 ι
1930 2155 2204 2226 Despondi
2236 2159 2382 2213 enim

807 2261 907 2301 vos
939 2246 1032 2300 uni
1057 2247 1176 2301 viro
1199 2246 1462 2317 virginem
1493 2257 1702 2302 castam
1729 2247 1990 2305 exhibere
2015 2247 2238 2304 Christo
2265 2250 2328 2304 “.
2359 2269 2379 2302 ο

807 2335 876 2391 Et
915 2333 1156 2392 Joannes
1203 2337 1336 2392 dicit
1369 2354 1384 2390 :
1422 2355 1440 2389 s
1477 2337 1580 2403 Qui
1627 2338 1791 2393 habet
1832 2353 2109 2408 sponsam,
2148 2355 2382 2410 sponsus

805 2437 889 2483 cst
912 2430 991 2494 ης
1023 2445 1044 2480 s
1077 2430 1173 2484 sed
1210 2428 1300 2483 hic
1336 2444 1595 2499 sponsus,
1637 2442 1762 2500 post
1788 2446 1989 2500 paucos
2010 2431 2150 2495 dies,
2182 2433 2384 2488 amoris

804 2522 915 2575 vim
966 2521 1229 2591 dispellit,
1274 2529 1460 2575 noster
1504 2531 1688 2576 autem
1735 2537 1972 2592 sponsus
2027 2537 2245 2592 semper
2283 2539 2384 2580 nos

807 2623 977 2680 amat,
1018 2627 1236 2683 semper
1280 2613 1558 2683 protendit
1599 2627 1865 2669 amorem.
1903 2613 2057 2680 Quod
2095 2617 2385 2670 conﬁrmat

809 2704 1050 2760 Joannes
1105 2718 1367 2775 sponsum
1422 2703 1576 2759 illum
1636 2705 1950 2774 appellans;
2008 2721 2383 2777 sponsumque

806 2807 917 2850 non
945 2795 1042 2865 qui
1090 2803 1304 2851 tantum
1348 2796 1634 2852 desideriis
1666 2796 1894 2862 ferveat,
1942 2798 2037 2853 sed
2080 2799 2247 2853 etiam
2284 2801 2379 2868 qui

805 2888 939 2944 velit
975 2903 1166 2944 omnes
1212 2903 1333 2944 esse
1366 2904 1537 2944 unum
1567 2904 1770 2960 corpus
1819 2899 1874 2945 et
1909 2903 2073 2945 unam
2113 2892 2375 2956 animam,

816 2989 879 3035 ut
924 2989 1115 3036 nostra
1158 2982 1379 3036 virtutis
1421 2991 1476 3036 et
1527 2984 1733 3038 amoris
1766 2983 1882 3054 lege
1911 2993 2234 3054 praeceptum
2273 2996 2377 3040 est.

2480 1881 2632 1946 τέλος
2649 1900 2662 1913 ·
2685 1883 2825 1952 ὅπερ
2854 1884 3005 1936 ἐστὶν
3026 1885 3055 1936 6
3081 1883 3316 1952 μέλλων,
3348 1884 3465 1940 ἀλλ’
3489 1886 3636 1956 ούχδ
3668 1886 3872 1956 παρὼν
3896 1889 4054 1940 αἰὼν-

2479 1972 2620 2025 διατί
2665 1971 2720 2024 δὲ
2757 1971 3129 2044 κληρονόμους
3157 1975 3306 2045 ἡμᾶς
3347 1976 3652 2046 ἐγγράφεις
3688 1977 3778 2029 ὅτι
3826 1978 4058 2046 υἱοποιῂ-

2483 2081 2614 2118 σατο
2637 2082 2652 2096 ·
2682 2066 2835 2130 τίνας
2865 2066 2960 2134 δές
2993 2067 3119 2132 τοὺς
3147 2068 3330 2134 ἀξίους
3365 2083 3379 2097 ⁸
3406 2068 3544 2133 ἄξιοι
3572 2069 3630 2123 δὲ
3662 2071 3853 2137 τίνεςς
3885 2073 3936 2124 οἱ
3963 2072 4058 2124 τῶν

2482 2157 2708 2211 ἐντολῶν
2759 2159 3030 2227 φύλακες·
3064 2163 3194 2234 περὶ
3244 2160 3446 2231 ταύτης
3469 2163 3570 2231 τῆς
3610 2162 4059 2234 κληρονομούσης

2483 2250 2578 2303 καὶ
2609 2250 2638 2302 6
2665 2249 2874 2314 Παῦλος
2903 2251 3088 2320 ἔλεγεν
3111 2267 3125 2281 ⁸
3162 2269 3184 2305 ι
3232 2252 3590 2323 Ἦρμοσάμην
3617 2254 3752 2324 ύμῖν
3796 2255 4060 2327 παρθένον

2481 2339 2652 2407 ἀγνὴν
2686 2339 2769 2392 ἑνὶ
2793 2340 2950 2410 ἀνδρὶ
2995 2341 3341 2413 παραστῆσαι
3385 2343 3466 2414 τῷ
3517 2344 3783 2414 Χριστῷ-
3850 2364 3870 2398 s
3920 2349 4055 2400 καὶὸ

2496 2430 2747 2501 Ἰωάννης
2788 2432 2985 2502 φησίν⁸
3051 2451 3071 2486 ε
3123 2434 3183 2487 '0
3222 2433 3364 2504 ἔχων
3413 2434 3511 2506 τὴν
3556 2435 3787 2506 νύμφην
3840 2439 4061 2508 νυμφίος

2483 2521 2647 2574 ἐστίν’
2679 2541 2697 2573 ι
2725 2523 2839 2576 ἀλλ’
2864 2527 2892 2578 6
2916 2525 3013 2595 μὲν
3034 2525 3268 2580 ἐνταῦθα
3291 2518 3519 2598 νῦμφίος
3544 2529 3686 2597 μετά
3704 2531 3813 2593 τὰς
3846 2531 4059 2600 πρώτας

2483 2614 2695 2683 ἡμέρας
2751 2615 3008 2671 καταλύει
3035 2619 3098 2670 τὸ
3130 2618 3361 2689 σφοδρὸν
3389 2619 3482 2672 τοῦ
3509 2620 3716 2690 ἔρωτος
3739 2659 3758 2683 ,
3781 2623 3814 2674 6
3846 2621 3904 2675 δὲ
3937 2624 4058 2693 ἠμί-

2481 2721 2636 2776 τερος
2678 2708 2908 2777 νυμφίος
2959 2708 3111 2777 μένει
3161 2709 3424 2780 διηνεκῶς
3467 2710 3703 2778 ἀγαπῶν
3749 2712 3944 2782 ἡμᾶς,
3979 2716 4059 2767 καὶ

2481 2798 2767 2854 ἐπιτείνων
2825 2801 2917 2855 τὸν
2961 2801 3163 2855 πόθον’
3223 2804 3362 2873 ὅπερ
3437 2803 3613 2875 δηλῶν
3677 2806 3710 2858 6
3789 2807 4058 2876 Ἰωάννης.

2480 2892 2711 2961 νυμφίον
2746 2894 2908 2947 αὑτὸν
2937 2895 3225 2950 ἐπεκάλειο
3253 2897 3337 2949 ὅτι
3378 2896 3726 2966 ἀκμάζοντες
3751 2899 3811 2952 οι
3869 2899 4021 2953 πόθοι
4044 2915 4056 2926 ’

2480 2983 2538 3033 ού
2571 2983 2662 3037 ὁιά
2689 2983 2845 3037 τοῦτο
2876 2985 2931 3036 δὲ
2963 2985 3122 3054 μόνον
3147 2988 3398 3056 νυμφίος,
3429 2988 3567 3042 ἀλλά
3595 2990 3700 3042 καὶ
3741 2991 3838 3043 ὃτι
3867 2992 4058 3052 πάντας

811 3070 877 3125 Et
906 3071 1368 3142 quemadmodum
1397 3087 1600 3143 sponsa
1636 3074 1820 3129 omnia
1853 3073 1985 3128 facit
2015 3085 2074 3130 ut
2117 3076 2233 3130 viro
2265 3076 2380 3145 pla-

2486 3073 2543 3125 ἓν
2577 3076 2734 3144 σῶμα
2756 3071 2893 3129 εἶναι.
2926 3076 3176 3145 βούλεται
3205 3079 3301 3132 καὶ
3331 3079 3460 3148 μίαν
3485 3078 3667 3149 ψυχὴν
3687 3083 3841 3134 κατά
3863 3083 3953 3134 τὸν
3975 3083 4058 3151 τῆς

806 3171 951 3228 ceat,
992 3162 1074 3220 sic
1115 3177 1218 3219 nos
1259 3178 1474 3234 semper
1513 3163 1568 3220 in
1617 3165 1723 3221 hac
1748 3165 1859 3220 vita
1889 3165 2027 3222 tales
2073 3181 2195 3222 esse
2227 3167 2384 3223 debe~

810 3269 957 3322 mus,
996 3253 1178 3326 qualia
1215 3268 1417 3325 sponsa
1461 3255 1521 3308 in
1570 3254 1675 3310 hac
1702 3255 1814 3324 die,
1857 3270 1984 3311 cum
2044 3255 2099 3311 in
2142 3257 2382 3313 thalamo

810 3347 987 3412 sedet,
1030 3347 1134 3402 hoc
1161 3361 1332 3401 unum
1379 3347 1634 3414 sollicita,
1681 3349 1961 3418 quomodo
1986 3350 2106 3404 viro
2145 3350 2378 3419 placeat.

810 3439 984 3510 Cujus
1028 3453 1244 3509 sponsae
1303 3439 1512 3495 scilicet
1557 3439 1726 3515 David
1773 3443 2096 3498 recordatur
2141 3444 2379 3500 dicens:

815 3547 837 3582 ι
868 3529 1057 3585 Astitit
1089 3529 1278 3600 regina
1319 3543 1351 3584 a
1400 3530 1608 3586 dextris
1633 3531 1678 3564 ¹³
1709 3549 1728 3584 ι
1795 3543 1850 3587 et
1896 3543 2112 3590 cetera.
2164 3533 2377 3591 Vestem

811 3621 934 3691 ejus
958 3619 1164 3686 vidisti,
1187 3619 1342 3676 visne
1380 3635 1602 3692 quoque
1621 3621 1807 3679 videre
1830 3625 1950 3696 ejus
1979 3626 2384 3683 calceamenta?

812 3711 941 3770 Haec
972 3712 1179 3769 Paulus
1212 3713 1465 3769 ostendet
1493 3713 1690 3769 divinae
1722 3716 1832 3770 dux
1877 3732 2110 3786 sponsae,
2145 3717 2334 3775 dicens
2365 3737 2380 3774 :

819 3823 839 3858 ι
872 3805 936 3860 Et
973 3804 1199 3862 calceati
1241 3803 1407 3875 pedes
1446 3805 1498 3858 in
1532 3807 1926 3876 praeparatione
1971 3806 2247 3880 Evangelii
2288 3827 2382 3881 pa-

809 3895 976 3953 cis“.
1007 3914 1028 3950 ι
1092 3895 1257 3952 Visne
1303 3896 1502 3953 intueri
1545 3905 1600 3953 et
1647 3913 1839 3953 zonam
1879 3915 1987 3970 qua
2035 3901 2106 3956 sit
2155 3917 2384 3960 concors

810 4005 939 4045 cum
978 3990 1246 4045 veritate?
1299 4009 1317 4042 ι
1350 3988 1636 4047 Ρταιοίιισιί
1669 3991 1887 4047 lumbos
1915 3993 1978 4058 “,
2013 4011 2032 4045 ι
2081 3994 2278 4065 inquit,
2328 3996 2384 4052 in

810 4081 1066 4138 veritate.
1101 4100 1121 4135 ι
1146 4079 1313 4137 Visne
1355 4092 1409 4137 et
1439 4083 1605 4152 pedes
1632 4082 1855 4140 videre?
1881 4084 2022 4140 Audi
2056 4086 2382 4155 Prophetam

811 4173 1124 4244 loquentem
1171 4190 1187 4228 :
1238 4173 1456 4240 «Quam
1507 4176 1743 4243 speciosi
1793 4177 1957 4246 pedes
2000 4180 2383 4249 e'vangelizan-

812 4265 947 4322 tium
1002 4281 1232 4337 pacem,
1273 4266 1763 4336 evangelizantium
1822 4269 1966 4324 bona
1991 4270 2063 4325 “i
2098 4288 2117 4322 ι
2171 4271 2235 4325 Et
2284 4271 2384 4327 hoc

813 4358 947 4413 mihi
989 4359 1331 4414 mirationem
1362 4362 1604 4430 stupenti
1649 4362 1846 4417 incutit
1872 4363 2039 4432 quod,
2093 4374 2380 4434 postquam

2485 3165 2686 3234 ἀρετῆς
2733 3167 2828 3218 καὶ
2876 3165 2974 3235 τῆς
3012 3167 3232 3237 ἀγάπης
3258 3167 3444 3236 λόγον’
3473 3168 3567 3221 καὶ
3615 3169 3704 3222 ὅτι
3741 3169 3998 3241 καθάπερ
4032 3174 4060 3238 ἡ

2486 3255 2668 3327 νύμφη
2692 3257 2868 3311 πάντα
2898 3260 3042 3311 ποιεῖ
3061 3258 3196 3328 πρὸς
3232 3259 3526 3330 ἀρέσκειαν
3559 3258 3654 3314 τοῦ
3680 3260 3910 3331 ἀνδρὸς,
3938 3262 4062 3316 οὕτω

2485 3350 2579 3402 καὶ
2600 3351 2746 3420 ἡμᾶς
2769 3349 2858 3404 διὰ
2895 3352 3096 3415 παντὸς
3133 3351 3227 3404 τοῦ
3263 3351 3378 3420 βίου
3420 3352 3701 3416 τοιούτους
3750 3349 3908 3407 εἶναι
3949 3357 4061 3424 χρὴ,

2484 3441 2624 3511 οῖαή
2654 3440 2844 3512 νύμφη
2873 3442 3014 3495 κατὰ
3043 3442 3142 3512 τὴν
3169 3442 3381 3513 ἡμέραν
3413 3442 3632 3512 ἐκείνην
3659 3481 3676 3508 ,
3702 3444 3801 3496 οἶα
3845 3445 3944 3497 ἐπὶ
3970 3445 4063 3495 τῶν

2486 3533 2774 3586 παστάδων
2827 3534 3148 3600 καθέζεται,
3205 3535 3264 3589 ἒν
3326 3535 3652 3606 μεριμνῶσα
3711 3539 3888 3606 μόνον
3933 3538 4065 3598 ὅπως

2486 3624 2662 3694 ἀρέσῃ
2690 3624 2770 3695 τῷ
2807 3625 3060 3697 νυμφίῳο
3096 3626 3299 3696 ταύτης
3328 3627 3426 3696 τῆς
3455 3628 3678 3697 νύμφης
3712 3630 3820 3681 καὶ
3857 3631 3889 3682 6
3918 3628 4071 3680 Δαόλό

2488 3715 2760 3785 μέμνηται
2780 3714 2953 3783 λέγων
2975 3733 2991 3750 ο
3029 3736 3048 3769 ι
3072 3717 3324 3788 Παρέστη
3341 3718 3374 3786 ἡ
3400 3716 3694 3786 βασίλισσα
3722 3718 3796 3772 ἐκ
3818 3717 4029 3782 δεξιῶν,
4051 3736 4067 3766 ι

2486 3807 2579 3859 καὶ
2608 3805 2768 3874 ἑξῆςο
2791 3807 2898 3872 ῖδες
2918 3808 3008 3862 τὸν
3032 3810 3328 3878 ἱματισμόν
3355 3823 3369 3836 ’
3394 3808 3568 3872 θέλεις
3592 3808 3652 3863 δὲ
3681 3808 3898 3864 εἰδέναι
3917 3810 4067 3876 αὐτῆς

2485 3901 2579 3954 καὶ
2604 3900 2674 3954 τὰ
2704 3901 3062 3972 ύποδήματας
3106 3899 3317 3964 Παῦλος
3346 3901 3586 3955 διδάσκει
3629 3902 3660 3954 6
3700 3903 4062 3973 νυμφαγωγὸς

2485 3993 2691 4062 λέγων·
2748 4011 2768 4044 ι
2817 3991 3243 4064 ’Υποδυσάμενοι
3285 3993 3410 4057 τοὺς
3440 3993 3607 4056 πόδας
3657 3994 3718 4047 ιν
3782 3993 4059 4066 ἑτοιμασίᾳ

2485 4086 2578 4140 τοῦ
2612 4085 2945 4155 Εύαγγελίου
2969 4086 3068 4156 τῆς
3096 4087 3322 4157 εἰρήνης
3347 4101 3361 4116 ο
3400 4103 3418 4137 ι
3459 4084 3639 4149 Θέλεις
3678 4084 3820 4140 lost-1
3852 4087 3950 4141 καὶ
3977 4085 4059 4153 τὴν

2486 4177 2664 4249 ζώνην
2680 4179 2797 4243 πῶς
2812 4179 2921 4232 ἀπὸ
2931 4176 3188 4248 ἀληθείας
3206 4177 3490 4246 σύγκειται
3508 4194 3524 4242 ;
3549 4195 3567 4229 ι
3598 4176 4056 4248 Περιζωσάμεναν

2486 4273 2642 4342 φησὶ,
2673 4272 2773 4344 τὴν
2793 4272 2966 4340 ὀσφῦν
2999 4269 3158 4342 ἡμῶν
3185 4272 3242 4324 ιν
3269 4269 3498 4343 ἀληθείᾳ
3519 4286 3535 4302 ο
3557 4289 3577 4322 ι
3605 4270 3795 4333 θέλεις
3833 4272 3932 4325 καὶ
3954 4272 4058 4329 rei»;

2487 4364 2652 4427 πόδας
2686 4363 2856 4425 ίδεῐνς
2889 4365 3090 4417 ’Δκουε
3128 4362 3225 4416 τοῦ
3256 4363 3544 4433 Προφήτου
3585 4362 3884 4430 λέγοντος·
3924 4383 3942 4416 ι
3987 4363 4056 4420 'tl;

811 4449 918 4504 hoc
949 4450 1112 4505 modo
1152 4465 1272 4506 sese
1303 4464 1540 4519 sponsus
1579 4462 1852 4518 ornasset,
1888 4455 2039 4509 venit
2070 4471 2180 4510 non
2225 4472 2380 4512 suam

2490 4453 2682 4522 ὡραῖοι
2731 4453 2782 4506 oi
2812 4453 2974 4515 πόδες
2998 4454 3108 4507 τῶν
3136 4450 3643 4523 εὐαγγελιζομένων
3683 4455 3946 4524 εἰρήνην,
3968 4453 4057 4505 τῶν

808 4549 1094 4598 ostentans
1126 4543 1376 4613 gloriam,
1408 4558 1476 4597 ne
1507 4543 1707 4598 eximia
1738 4545 2144 4616 pulchritudine
2168 4550 2380 4619 percel-

809 4632 947 4686 leret
971 4646 1226 4702 sponsam
1255 4643 1638 4705 amentemque
1665 4634 1889 4701 laceret,
1915 4636 2010 4691 sed
2041 4637 2187 4692 venit
2216 4639 2383 4694 vesti-

808 4730 994 4778 mento
1055 4722 1333 4778 involutus
1396 4731 1455 4778 ut
1509 4724 1623 4793 ipsa
1676 4739 1892 4791 sponsa.
1937 4725 2070 4793 Quae
2126 4743 2250 4784 cum
2312 4728 2384 4785 sit

807 4815 1094 4887 sanguinis
1143 4823 1198 4870 et
1255 4815 1437 4870 carnis
1478 4816 1772 4886 particeps,
1820 4833 2056 4888 sponsus
2103 4835 2213 4875 non
2260 4836 2381 4877 eam

806 4923 1030 4964 sursum
1057 4916 1235 4972 vocat.
1261 4909 1355 4962 sed
1389 4908 1502 4978 ipse
1533 4909 1599 4964 ad
1622 4925 1742 4965 eam
1773 4912 2073 4979 descendit,
2102 4913 2176 4969 ita
2205 4915 2380 4986 legem

805 5005 1107 5061 observans
1154 5005 1460 5075 sponsalem
1489 5022 1612 5077 quze
1655 5008 1770 5062 vult
1810 5023 2074 5079 sponsum
2108 5009 2176 5064 ad
2219 5025 2385 5080 spon-

806 5111 924 5150 sam
962 5097 1060 5152 ire.
1092 5095 1246 5164 Quod
1293 5098 1531 5154 ostendit
1573 5099 1797 5165 Paulus,
1837 5101 2068 5156 dicens:
2105 5119 2123 5152 ι
2155 5099 2382 5173 Propter

813 5185 918 5239 hoc
960 5185 1233 5256 relinquet
1277 5185 1440 5262 homo
1483 5197 1691 5257 patrem
1739 5198 1794 5243 et
1827 5200 2054 5244 matrem
2106 5205 2284 5254 suam,
2328 5201 2383 5247 et

809 5279 1108 5335 adhaerebit
1137 5280 1320 5335 uxori.
1369 5280 1786 5336 Sacramentum
1822 5283 1923 5338 hoc
1968 5298 2224 5353 magnum
2272 5294 2377 5350 est,

807 5385 909 5443 ego
939 5382 1120 5428 autem
1149 5371 1276 5428 dico
1302 5373 1356 5427 in
1387 5372 1607 5429 Christo
1637 5383 1692 5429 et
1718 5375 1769 5429 in
1800 5373 2042 5431 Ecclesia
2068 5377 2134 5429 ".
2167 5395 2185 5429 ι
2216 5375 2375 5433 Post-

808 5478 970 5534 quam
1002 5463 1165 5535 igitur
1196 5466 1520 5522 accessisset
1552 5465 1619 5520 ad
1637 5480 1850 5537 sponsa:
1880 5469 2196 5534 stationem,
2223 5484 2375 5525 eam-

881 5583 924 5613 “
947 5585 1091 5640 Psal.
1121 5600 1174 5651 ν,
1203 5585 1254 5640 l.
1333 5585 1374 5616 “
1397 5584 1441 5640 ll
1465 5584 1592 5655 Cor:
1629 5601 1705 5649 XI,
1734 5585 1792 5640 2.
1871 5585 1914 5655 ¹Α¹
1935 5583 2093 5645 Joan.
2127 5602 2209 5655 Ill,
2238 5587 2329 5645 29.

2483 5586 2616 5647 Psal.
2674 5603 2814 5650 χειν,
2862 5587 2941 5642 ιο.

816 5652 903 5711 ΙΙ.
978 5657 1022 5688 ³⁸
1043 5655 1202 5711 llum.
1235 5672 1290 5723 ι,
1323 5655 1410 5711 15.
1489 5657 1530 5688 ⁸⁷
1557 5653 1758 5728 Ephes.
1789 5674 1841 5716 v.
1874 5653 1961 5714 5i.

2484 4542 2988 4613 εὐαγγελιζομένων
3010 4543 3077 4596 τὰ
3109 4541 3292 4611 ἀγαθά
3314 4557 3331 4573 ·
3362 4561 3380 4594 ι
3428 4543 3522 4595 καὶ
3546 4542 3606 4596 τὸ
3633 4543 3699 4611 δὴ
3747 4542 4056 4612 θαυμαστὲτ

2482 4636 2578 4688 καὶ
2611 4634 2927 4706 ἐκπλήξεως
2970 4635 3141 4704 γέμον
3167 4634 3249 4687 ὅτι
3277 4633 3374 4687 καὶ
3411 4635 3696 4703 κοσμήσας
3721 4634 3929 4686 τοῦτον
3983 4634 4056 4685 τὴν

2479 4729 2680 4798 τρόπον
2719 4723 2907 4799 ἦλθεν,
2955 4726 3075 4796 οὐχὶ
3127 4727 3227 4796 τὴν
3278 4726 3434 4792 δόξαν
3460 4723 3921 4794 ἐπιδεικνύμενος
3975 4725 4054 4790 τὴν

2481 4820 2697 4885 ἑαυτοῦ,
2722 4821 2808 4876 ῑνα
2835 4822 2910 4893 μὴ
2932 4817 3205 4891 ὑπερὸολη
3235 4817 3330 4871 τοῦ
3353 4817 3584 4880 κάλλους
3607 4815 3874 4887 ἐκπλήξῃ
3905 4816 4052 4883 αὐτὴν

2479 4915 2572 4968 καὶ
2600 4914 2930 4986 παράφρονα
2958 4912 3282 4983 ἐργάσηται,
3323 4910 3438 4964 ἀλλ’
3470 4910 3688 4980 ἔρχεται
3719 4908 3951 4978 ἱμάτιον
3972 4923 4053 4957 πε-

2481 5005 2872 5076 ριϐεϐλημένος
2899 4997 3010 5057 οἷον
3042 5006 3075 5074 η
3092 5004 3281 5074 νύμφη
3305 5017 3321 5034 ο
3359 5001 3666 5071 μετέσχηκε
3683 4999 3800 5068 γάρ
3836 4999 4052 5064 αἵματος

2478 5097 2573 5151 καὶ
2604 5095 2805 5168 σαρκὸς
2834 5093 3234 5165 παραπλησίως
3249 5092 3387 5163 αὐτῇ
3411 5106 3427 5123 ο
3459 5091 3554 5144 καὶ
3572 5091 3673 5144 οὐκ
3700 5087 3876 5152 αὐτὸς
3903 5087 4053 5152 αὐτὴν

2479 5190 2590 5243 ἀνω
2641 5189 2828 5253 καλεῖ,
2874 5187 2989 5242 ἀλλ’
3037 5187 3198 5250 αὐτὸς
3265 5185 3401 5256 πρὸς
3450 5183 3617 5252 αὐτὴν
3671 5181 4051 5250 παραγίνεται.

2484 5282 2666 5353 τηρῶν
2699 5279 2980 5335 κάνταῦθα
3015 5279 3108 5332 τὸν
3137 5277 3234 5331 τοῦ
3267 5277 3500 5346 νυμφίου
3546 5274 3739 5343 νόμον,
3789 5274 3856 5336 ὃς
3915 5273 4052 5325 αὐτὴν

2485 5372 2607 5440 ἄγει
2645 5371 2783 5441 πρὸς
2820 5370 2919 5443 τὴν
2940 5368 3157 5439 νύμφην
3178 5385 3192 5400 ο
3225 5369 3366 5438 ὅπερ
3406 5368 3502 5419 καὶ
3533 5366 3563 5418 6
3597 5363 3812 5427 Παῦλος
3847 5364 4050 5431 ἔλεγεν·

2489 5484 2509 5518 ι
2545 5466 2690 5519 Ἀντὶ
2714 5464 2902 5518 τούτου
2927 5463 3240 5532 καταλείψει
3257 5461 3544 5530 ἄνθρωπος
3559 5459 3649 5512 τὸν
3669 5457 3891 5526 πατέρα
3905 5451 4050 5510 αξιτεῦ

3028 5583 3292 5654 “Epiros.
3362 5597 3436 5646 vt,
3482 5581 3568 5636 l5.
3647 5579 3688 5610 "
3739 5577 3856 5633 lsa.
3898 5591 4050 5636 una.

2317 5744 2548 5801 NOTAE.

882 5842 994 5910 (82)
1027 5842 1150 5901 llaec
1177 5843 1409 5916 quastio
1442 5844 1594 5899 deest
1622 5842 1677 5898 in
1711 5841 1871 5899 codd.
1898 5841 2127 5899 Coislin.
2148 5849 2200 5897 et
2236 5841 2574 5897 Taurinensi.
