4156 6438
124 426 253 492 1121

796 428 897 488 AD
927 424 1517 487 AMPHILOCHIUM
1555 425 1900 498 QUESTIO
1935 423 2793 491 CCLXXXVII-CCLXXXIX.

3234 416 3371 482 1122

120 543 217 594 καὶ
240 538 340 609 τὴν
374 536 588 607 μητέρα
619 536 715 590 καὶ
746 535 1284 607 προσκολληθήσεται
1318 535 1454 606 πρὸς
1476 533 1575 606 τὴν
1597 552 1698 602 γυ-
1728 571 1738 595 λ

1821 549 1907 605 [uc
1948 535 2270 601 invenisset,
2317 534 2616 595 sordidam.
2659 531 3027 603 squalentem,
3063 529 3269 584 nudam
3310 542 3368 585 ct

118 634 281 681 ναίκα
312 627 477 680 αὐτοῦ
505 642 521 655 ·
549 628 609 679 τὺ
666 629 969 697 μυστήριον
1004 626 1165 680 τοῦτο
1200 625 1340 695 μέγα
1367 626 1517 680 ἐστίν
1539 644 1553 657 ·
1588 624 1699 691 ἐγὼ

118 724 182 775 δὲ
220 722 361 787 λέγω
384 722 465 784 είς
517 721 752 789 Χριστὸν
786 721 881 773 καὶ
912 720 1009 791 τὴν
1046 720 1373 791 Ἐκκλησίαν
1400 735 1415 749 ·
1461 737 1481 770 ι
1530 716 1700 770 ἀλθὼν

118 816 298 867 τοίνυν
347 815 428 878 είς
476 814 539 865 τὸ
574 813 917 883 καταγώγιον
961 811 1151 881 αὐτῆς,
1199 812 1296 865 καὶ
1327 809 1503 881 εὑρὼν
1528 808 1698 877 αὐτὴν

123 907 385 975 ρυπῶσαν
407 946 424 971 ,
478 906 800 976 αὐχμῶσαν,
826 906 1064 976 γυμνὴν,
1096 904 1453 974 πεφυρμένην
1480 900 1696 972 αἵματι,

120 1000 361 1059 ἔλουσεν,
433 997 678 1066 ἡλειψεν,
713 996 964 1066 ἔθρεψεν,
1010 995 1258 1049 ἐνέδυσεν
1309 994 1548 1065 ἱμάτιον,
1584 986 1699 1046 οἷον

122 1089 416 1157 εὑρεθῆναι
444 1089 629 1158 ἕτερον
657 1088 758 1140 οὒκ
784 1088 886 1151 ἔνι,
921 1087 1083 1149 αὐτὸς
1110 1087 1250 1156 αὑτῇ
1282 1086 1575 1155 γενόμενος
1606 1101 1703 1137 πε-

127 1180 315 1249 ριϐολή
341 1196 354 1210 ·
385 1182 481 1233 καὶ
503 1180 684 1232 λαὸὼν
713 1179 883 1251 αὐτὴν
903 1177 1077 1241 οὕτως
1110 1177 1303 1245 ἀνάγει
1331 1177 1410 1241 είς
1427 1175 1522 1229 τὸν
1546 1176 1710 1245 οὐρα-

128 1273 221 1323 νόν
250 1290 265 1302 ·
294 1270 499 1341 ταύτης
531 1271 835 1341 συνήγορος
877 1272 1027 1323 ἐστιν
1053 1272 1083 1322 ό
1119 1269 1403 1339 προφήτης
1426 1283 1443 1297 ·
1474 1268 1571 1321 καὶ
1598 1267 1724 1338 γὰρ’

128 1363 301 1415 πο).λά
329 1365 423 1414 καὶ
463 1363 591 1433 περὶ
623 1360 717 1415 τοῦ
742 1360 978 1430 νυμφίου
1001 1362 1095 1413 καὶ
1123 1360 1254 1430 περὶ
1281 1358 1380 1428 τῆς
1407 1374 1707 1428 νυμφαγωξο

1800 627 2065 695 sanguine
2098 625 2459 695 inquinatam,
2502 623 2655 688 lavit,
2691 622 2870 686 unxit,
2918 620 3171 683 nutrivit,
3203 623 3370 675 vesti-

1804 727 2097 787 mentaque
2130 717 2265 770 texit
2300 716 2393 769 tali
2418 715 2580 785 quale
2610 728 2771 768 nemo
2816 713 2964 767 aliud
2997 712 3179 767 simile
3222 727 3374 781 repco

1803 808 2047 874 rivisset;
2090 808 2205 878 ipse
2249 808 2395 863 enim
2438 807 2539 862 fuit
2575 805 2807 861 amictus
2864 805 2964 870 illi,
2996 813 3052 859 et
3079 812 3370 875 postquam

1802 916 1921 956 eam
1958 902 2307 971 sumpsisset,
2334 902 2401 957 ad
2429 903 2627 958 cmlum
2663 903 2873 957 eduxit.
2904 900 3115 968 Quibus
3140 902 3373 957 assenti-

1805 1003 1894 1048 tur
1919 994 2204 1064 propheta,
2244 995 2336 1065 qui
2369 995 2537 1050 multa
2568 994 2633 1050 de
2661 1010 2887 1066 sponso,
2923 996 3101 1064 deque
3141 994 3376 1064 nuptiis,

1802 1086 1979 1155 deque
2022 1086 2183 1142 bonis
2228 1088 2482 1142 omnibus
2514 1102 2636 1157 quae
2669 1102 2885 1157 sponsae
2912 1095 3143 1142 ventura
3186 1096 3375 1142 essent

1803 1177 2053 1247 praedixit
2097 1187 2155 1234 et
2197 1179 2572 1247 proclamavit.
2621 1176 2987 1244 Quamobrem
3032 1177 3100 1232 de
3148 1176 3244 1231 illa
3294 1176 3377 1231 sic

1802 1268 2049 1336 lnqultur
2080 1284 2097 1324 :
2124 1268 2262 1334 Quid
2296 1269 2470 1337 poscit
2502 1268 2711 1323 haeres?
2741 1268 3042 1324 Audiamus
3066 1267 3377 1338 responsio-

1806 1374 1929 1412 nem
1960 1377 1975 1412 :
2006 1378 2027 1411 ι
2064 1358 2240 1414 Verba
2272 1374 2393 1414 mea
2427 1360 2653 1414 auribus
2682 1359 2920 1429 percipe,
2951 1358 3180 1414 Domine
3202 1356 3303 1413 ¹¹.ι

124 1458 251 1523 γίας
286 1457 381 1509 καὶ
408 1456 537 1524 περὶ
560 1454 670 1509 τῶν
687 1454 912 1523 ἀγαθῶν
960 1452 1070 1506 τῶν
1127 1450 1521 1521 διαδεξομένων
1565 1448 1735 1519 αὐτὴν
1808 1453 2035 1520 προεῖπε
2084 1453 2179 1506 καὶ
2224 1452 2680 1523 προανεφώνησε·
2734 1451 2823 1506 διὰ
2865 1452 2930 1523 δὴ
2963 1451 3123 1505 τοῦτο
3152 1449 3246 1503 καὶ
3288 1449 3378 1501 tv-

123 1550 301 1603 ταῦθα
334 1550 474 1618 ὑπὲρ
506 1549 674 1618 αὐτῆς
706 1548 944 1599 ποιεῖται
983 1544 1076 1599 τὸν
1102 1543 1294 1613 λόγον·
1342 1543 1437 1596 καὶ
1466 1541 1520 1595 τί
1566 1543 1709 1597 αίτεϊ
1743 1543 1778 1614 η
1809 1543 2253 1615 κληρονομοῦσας
2283 1544 2631 1614 ’Δκούσωμεν
2682 1544 2736 1597 τί
2782 1561 2915 1613 φησι
2938 1560 2953 1575 ·
2987 1561 3007 1595 ι
3044 1544 3125 1597 Τά
3156 1542 3380 1615 ῥήματά

128 1659 235 1712 μου
268 1639 542 1705 ὲνώτισαι,
568 1641 760 1709 Κύριε.
799 1656 819 1691 ι

624 1732 959 1786 ΕΡΩΊἪΣΙΣ
1002 1730 1176 1783 ΣΠΗ⁹.

137 1889 365 1958 «Κύριε,
378 1888 462 1959 μὴ
486 1885 565 1954 τῷ
588 1885 750 1955 θυμῷ
769 1904 886 1959 σον
904 1884 1154 1959 ἐλέγξῃς
1174 1883 1437 1954 μενμηδέ
1458 1882 1535 1954 τῆ
1564 1882 1711 1955 ὀργῇ

590 1975 704 2010 σου
735 1955 1067 2022 παιδεύσῃς
1104 1971 1199 2021 με.
1229 1973 1248 2006 ι

1741 1737 1785 1794 Β
1882 1723 2209 1794 ΟΠᾹΞΒΤΙΟ
2257 1722 2882 1796 ΟΟΕΧΧΧ-νίηίϐοἱεί.
2922 1721 3099 1787 CCCI,
3136 1720 3298 1776 Timr.

2480 1794 2704 1867 ccxcy

1820 1881 2074 1937 «Domine
2119 1899 2182 1937 ne
2219 1883 2275 1936 in
2312 1882 2492 1951 furore
2519 1894 2842 1965 tuo.arguas
2877 1898 2981 1948 me,
3012 1898 3173 1953 neque
3201 1883 3257 1937 in
3297 1884 3381 1937 ira

2308 1964 2402 2008 tua
2441 1964 2697 2023 comptas
2727 1970 2827 2008 me.
2863 1972 2883 2005 ι

829 2071 971 2121 Edita
997 2086 1024 2121 a
1050 2070 1174 2121 Maio
1200 2073 1254 2136 (1.
1278 2086 1322 2122 c.
1346 2087 1397 2135 p.
1431 2071 1537 2127 ηδ,
1566 2070 1673 2131 146,
1697 2084 1738 2134 q.

1821 2067 1901 2132 Β).
1927 2097 1989 2108 —-
2010 2069 2145 2120 Psal.
2171 2082 2239 2129 νι,
2264 2069 2312 2127 1,
2333 2070 2366 2119 2
2394 2084 2407 2130 ;
2433 2083 2634 2129 xxxvm,
2660 2070 2708 2120 1.

210 2160 380 2215 Ὅταν
408 2158 646 2231 ἀκούσῃς
681 2158 851 2228 θυμὸν
884 2157 977 2211 καὶ
1008 2158 1179 2229 ὀργὴν
1212 2159 1297 2210 ἐπὶ
1330 2157 1488 2223 Θεοῦ,
1543 2157 1710 2230 μηδὲν

132 2253 474 2323 ἀνθρώπινον
493 2250 835 2320 ὑποπτεύσῃς
858 2265 873 2279 ·
894 2248 1351 2315 συγκαταδάσεως
1369 2248 1477 2317 γάρ
1500 2249 1615 2301 ἐστι
1644 2247 1711 2301 τὰ

136 2343 361 2412 ῥήματα
385 2356 400 2369 ·
431 2338 528 2391 καὶ
552 2338 658 2409 γάρ
686 2340 748 2391 τδ
763 2338 917 2390 Θεῖον
957 2338 1214 2390 ἁπάντων
1235 2337 1579 2402 ἀπήλλακται
1603 2339 1713 2393 τῶν

134 2431 326 2485 παθῶν
353 2446 369 2461 ·
397 2430 703 2498 διαλέγεται
752 2429 810 2482 δὲ
843 2428 1013 2491 οὓτως
1054 2427 1195 2482 ὥστε
1227 2430 1575 2499 καθάψασθαι
1612 2432 1709 2501 τῆς

133 2524 246 2578 τῶν
303 2524 625 2591 παχυτέρων
680 2519 916 2585 διανοίας
941 2535 955 2550 ·
1014 2520 1140 2573 ἐπεὶ
1203 2521 1299 2573 καὶ
1340 2522 1523 2592 ἡμεῖς,
1585 2523 1713 2576 ὅταν

138 2615 439 2686 βαρϐάροις
521 2612 937 2683 διαλεγώμεθα,
1001 2614 1067 2682 τῇ
1137 2612 1361 2664 ἐκείνων
1457 2612 1717 2686 χρώμεθα

136 2706 398 2776 γλώσσῃ·
454 2705 557 2759 κᾶν
611 2704 746 2774 πρὸς
806 2703 1017 2755 παιδίον
1039 2702 1427 2773 φθεγγώμεθα,
1472 2706 1718 2775 συμψελ-

138 2798 386 2866 λίζομεν,
407 2795 507 2848 κᾶν
540 2795 802 2866 μυριάκις
824 2786 977 2862 ὦμεν
1011 2795 1183 2862 σοφοί·
1212 2796 1386 2859 ἄλλως
1415 2815 1477 2850 τε
1522 2798 1578 2850 δὲ
1622 2798 1718 2850 καὶ

138 2890 370 2957 ὁθυμδς
418 2889 512 2940 καὶ
572 2888 605 2957 ἠ
660 2888 798 2959 ὀργὴ
852 2888 952 2939 οὐκ
1006 2886 1065 2951 ἐξ
1120 2887 1367 2957 ἀνάγκης
1402 2888 1573 2951 πάθος
1608 2889 1717 2940 τῶν

140 2980 595 3049 προϐαλλομένων
654 2979 793 3032 αὑτά
826 2978 1188 3032 ἐνδείκνυται’
1228 2982 1286 3032 ὲν
1343 2980 1464 3032 δυσὶ
1511 2981 1622 3050 γὰρ
1654 2980 1717 3033 τὸ

140 3072 216 3127 δι’
267 3072 446 3126 αὐτῶν
498 3074 847 3141 ἐγγινόμενον
878 3072 1048 3134 πάθος
1089 3072 1425 3139 συνίσταται,
1462 3072 1520 3125 ἐν
1551 3089 1610 3124 τε
1640 3071 1719 3143 τῷ

147 3163 480 3234 βαλλομένῳ,
530 3163 624 3217 καὶ
672 3164 729 3216 tv
768 3157 849 3226 οἷς
886 3162 1058 3216 ταῦτα
1110 3163 1417 3233 πλήττοντα
1462 3162 1717 3233 ἀλγεινὴν

144 3256 389 3309 διάθεσιν
466 3253 882 3325 ἀπεργάζεται·
939 3256 967 3309 ὃ
1021 3272 1079 3308 τε
1124 3256 1230 3325 γὰρ
1293 3255 1631 3326 θυμούμενος
1685 3258 1719 3330 ἢ

144 3346 500 3418 ὀργιζόμενος
527 3345 823 3398 διατίθεταί
858 3364 975 3408 πως
1009 3347 1151 3399 κατὰ
1178 3345 1347 3399 ταῦτα
1377 3362 1390 3376 ⁶
1425 3348 1517 3400 καὶ
1549 3350 1577 3400 ὁ
1630 3348 1721 3400 τὸν

1893 2152 2157 2209 Furorem
2206 2163 2261 2209 et
2294 2156 2431 2208 iram
2462 2154 2554 2209 Dei
2601 2154 2851 2220 audiens,
2898 2153 3037 2209 nihil
3079 2155 3381 2209 humanum

1813 2245 2080 2316 suspicari
2109 2245 2294 2300 debes.
2341 2243 2468 2299 Haec
2508 2245 2654 2300 enim
2699 2255 2922 2301 suntex
2952 2255 3115 2316 pacto
3159 2253 3215 2301 et
3244 2259 3382 2301 con-

1812 2347 1978 2393 ventu
2004 2338 2191 2404 verba,
2217 2352 2341 2391 cum
2376 2337 2449 2389 sit
2481 2337 2717 2391 alienum
2755 2352 2785 2389 a
2818 2338 3033 2393 cunctis
3058 2336 3229 2392 animi
3264 2352 3385 2391 mo-

1815 2431 1963 2484 tibus
1998 2428 2233 2484 Numen.
2264 2428 2355 2484 Sic
2401 2438 2582 2484 autem
2618 2429 2837 2485 locutus
2882 2437 2969 2485 est
2996 2430 3162 2496 Deus,
3210 2430 3383 2486 utch

1815 2521 1986 2575 crassi
2039 2521 2289 2576 homines
2333 2521 2745 2590 intelligerent:
2791 2522 3011 2591 quando
3058 2524 3203 2578 enim
3255 2538 3382 2578 cum

1817 2611 2064 2667 barbaris
2098 2612 2462 2681 colloquimur
2507 2628 2697 2667 eorum
2738 2612 2923 2683 lingua
2969 2614 3191 2681 utimur,
3227 2629 3294 2669 ac
3337 2616 3387 2669 si

1817 2718 2001 2757 coram
2045 2703 2229 2772 pueris
2272 2706 2438 2759 verba
2471 2703 2726 2768 facimus,
2758 2705 3118 2771 balbutimur,
3160 2708 3266 2761 etsi
3289 2706 3387 2761 dc-

1818 2794 1930 2849 cies
1965 2793 2166 2847 millies
2218 2794 2376 2863 periti
2420 2808 2687 2849 essemus.
2737 2794 3007 2849 Caeterum
3049 2795 3291 2851 furorem
3333 2806 3389 2849 ct

1818 2884 1955 2939 iram
1995 2888 2088 2955 qui
2118 2901 2226 2954 prae
2267 2902 2327 2940 se
2364 2887 2546 2941 lerunt
2590 2902 2701 2940 non
2729 2886 2934 2941 idcirco
2966 2903 3032 2943 ex
3063 2887 3389 2942 necessitate

1819 2976 2101 3030 declarant
2134 2978 2449 3032 interiorem
2485 2979 2654 3031 animi
2704 2987 2937 3032 motum.
2971 2979 3155 3033 Animi
3204 2988 3388 3034 motus

1818 3083 1850 3124 e
1874 3070 2092 3123 duobus
2122 3078 2341 3123 constat
2372 3087 2386 3122 :
2418 3070 2571 3139 prius
2614 3079 2697 3124 est
2726 3070 2873 3139 quod
2905 3069 3175 3139 percellit,
3206 3079 3391 3138 postc-

1821 3160 1939 3215 rius
1968 3170 2147 3216 autem
2180 3162 2325 3230 quod
2368 3161 2456 3213 illa
2500 3161 2724 3215 molesta
2749 3160 3095 3231 perculsione
3122 3161 3392 3231 contingi-

1823 3261 1931 3307 tur.
1980 3251 2139 3304 Aliud
2170 3253 2372 3321 patitur
2399 3251 2492 3320 qui
2542 3250 2817 3314 irascitur,
2847 3250 2995 3306 aliud
3033 3251 3130 3321 qui
3174 3251 3269 3307 ira:
3294 3252 3395 3306 ob-

1824 3343 2022 3397 noxius
2042 3351 2145 3408 est,
2172 3342 2422 3411 quamvis
2444 3342 2661 3411 utrique
2687 3344 2869 3397 inesse
2888 3342 3096 3413 aliquid
3121 3343 3395 3413 passionis

146 3438 325 3507 θυμὸν
350 3436 443 3489 καὶ
458 3437 554 3506 τὴν
566 3436 734 3505 ὀργὴν
764 3436 1140 3507 ἐκδεξάμενος,
1171 3438 1420 3500 κάκεῖνος
1446 3440 1726 3503 πεπονθὼς

1833 3433 2096 3487 videatur.
2136 3432 2241 3487 Sed
2285 3444 2345 3487 ut
2386 3433 2681 3489 identidem
2733 3435 2981 3490 invenias
3016 3435 3164 3490 hunc
3213 3435 3391 3489 solmn

145 3526 365 3597 διετέθη
392 3529 536 3579 κατά
561 3528 661 3596 τὴν
682 3527 917 3594 πάθησιν
946 3543 961 3559 ·
986 3529 1043 3580 tv
1065 3526 1397 3597 ἀμφοτέροις
1422 3529 1521 3598 μὲν
1543 3528 1634 3581 οὖν
1664 3530 1723 3582 τὸ

147 3613 327 3676 πάθος
375 3614 598 3683 ὁρᾶται·
655 3614 772 3667 ἀλλ’
805 3615 993 3685 ὥσπερ
1024 3614 1169 3669 ἐστιν
1195 3615 1324 3668 ίδεῖν
1361 3618 1530 3670 ἐνίοτε
1565 3619 1724 3687 μόνον

146 3704 245 3757 τὸν
324 3704 759 3775 προϐαλλόμενον
815 3705 907 3758 τὸν
972 3706 1141 3776 θυμὸν
1214 3708 1307 3759 καὶ
1381 3706 1481 3777 τὴν
1556 3707 1726 3781 ὀργὴν

149 3796 451 3865 πάσχοντα,
503 3797 639 3867 πρὸς
695 3797 755 3850 ὃν
809 3797 866 3850 δὲ
897 3797 1070 3852 ταῦτα
1128 3799 1369 3867 ἀφίεται,
1406 3800 1587 3869 ἀπαθῆ
1632 3802 1727 3853 καὶ¹

146 3884 510 3939 ἀναλλοίωτον
534 3926 550 3950 ,
580 3887 711 3949 ἴσως
744 3888 1031 3959 φιλοσοφίᾳ
1064 3890 1164 3960 τὴν
1195 3889 1371 3961 ψυχὴν
1392 3889 1724 3955 τονώσαντα,

147 3975 252 4029 καὶ
280 3975 512 4045 κρείττω
541 3976 640 4047 τῆς
668 3977 839 4048 ὀργῆς
862 3978 971 4030 τῶν
1002 3977 1356 4049 θυμουμένων
1381 3981 1475 4032 καὶ
1504 3980 1723 4050 ὀργιζο-

151 4068 337 4139 μένων
365 4068 654 4136 γενόμενον
676 4085 691 4099 ·
735 4068 851 4122 ἀλλ’
879 4070 1030 4139 ὅμως
1067 4070 1170 4123 κάν
1201 4072 1262 4123 tv
1290 4070 1505 4141 θατέρῳ
1530 4072 1590 4123 τὸ
1615 4072 1724 4125 πά-

149 4158 249 4221 θος
274 4160 465 4227 ὁρᾶται
488 4174 503 4188 ·
533 4159 683 4211 οὐδὲν
702 4152 862 4229 ἦττον
888 4160 1059 4230 θυμὸς
1098 4163 1127 4215 ὁ
1154 4161 1325 4230 θυμὸς
1364 4163 1457 4215 καὶ
1499 4164 1532 4233 ἡ
1589 4163 1727 4233 ὀργὴ

147 4247 377 4314 λέγεται
403 4263 420 4279 ·
456 4246 598 4301 οὕτω
630 4248 731 4301 κᾶν
762 4249 921 4319 μόνος
948 4251 978 4303 ὁ
998 4251 1090 4303 τὸν
1122 4251 1292 4321 θυμὸν
1324 4252 1421 4305 καὶ
1442 4252 1541 4322 τὴν
1561 4251 1728 4323 ὀργὴν

146 4336 505 4406 ἐκδεχόμενος
535 4340 673 4392 κατά
705 4340 768 4393 τὸ
793 4340 961 4405 πάθος
1004 4341 1298 4412 διατεθείη,
1335 4341 1431 4395 τοῦ
1488 4342 1729 4413 προϐαλ-

146 4430 387 4498 λομένου
436 4429 609 4483 ταῦτα
642 4431 808 4502 μηδὲν
835 4432 974 4496 ὅλως
998 4433 1379 4497 άλλοιωθέντος
1417 4433 1452 4503 ἢ
1485 4434 1629 4489 κατά
1674 4452 1730 4488 τι

144 4520 329 4583 πάθος
342 4521 698 4585 διατεθέντος,
728 4523 881 4579 οὐδὲν
914 4524 1136 4579 ἐλαττον
1157 4524 1356 4590 ταῦτα,
1380 4525 1497 4579 ἀλλ’
1528 4526 1727 4595 ὁμοίως

147 4612 331 4680 θυμὸς
357 4613 451 4665 καὶ
495 4612 635 4683 ὀργὴ
672 4614 843 4677 πάθος
893 4614 988 4669 καὶ
1040 4614 1203 4683 ἄλγος
1255 4614 1334 4685 τῷ
1384 4614 1730 4685 ἐκδεξαμένῳ

146 4704 591 4772 ἑμπεποιηκότα,
622 4705 899 4777 ἀκολούθῳ
928 4707 1071 4777 λόγῳ
1096 4707 1298 4761 καλοῖτ’
1315 4706 1400 4761 ἀν’
1429 4708 1522 4761 καὶ
1557 4708 1729 4777 ίατροὶ

1830 3528 2258 3578 Stomacbantem
2304 3528 2658 3591 commoveri,
2706 3526 2861 3580 illum
2892 3535 3076 3581 autem
3119 3534 3207 3581 cut
3246 3528 3396 3598 pric-r

1830 3614 2071 3669 offensus
2109 3626 2193 3669 est
2223 3615 2371 3669 nullo
2408 3624 2557 3670 motu
2589 3615 2877 3679 concitari,
2912 3616 3061 3685 quod
3108 3615 3248 3670 forte
3278 3620 3396 3669 aui-

1831 3721 1979 3759 mum
2027 3706 2362 3776 philosophia
2411 3706 2632 3773 fultum,
2685 3722 2797 3776 pne
2851 3705 3147 3777 impetibus
3193 3708 3286 3761 ira:
3333 3723 3399 3761 ac

1832 3797 2033 3852 luroris
2078 3798 2391 3865 sustulerit;
2446 3814 2512 3853 ac
2550 3808 2732 3853 tamen
2765 3799 2985 3868 utrique
3032 3799 3238 3869 aliquid
3273 3814 3399 3868 pas-

1831 3886 2000 3941 sionis
2040 3900 2163 3941 esse
2203 3886 2472 3952 videatur,
2504 3888 2649 3958 quod
2704 3888 2855 3942 nullo
2896 3889 3213 3944 discrimine
3256 3888 3398 3943 iram

1830 3990 2111 4031 vocamus.
2152 3977 2308 4032 Haud
2353 3978 2531 4042 aliter,
2564 3977 2773 4032 etiamsi
2812 3993 2976 4047 quem
3023 3978 3118 4033 irae
3162 3979 3401 4049 impetus

1834 4069 2105 4124 lacessivit
2151 4069 2199 4124 is
2247 4084 2388 4124 unus
2419 4080 2870 4140 permoveretur;
2904 4071 2999 4140 qui
3043 4078 3226 4125 autem
3260 4070 3400 4125 iram

1833 4160 2125 4214 concitavit
2152 4175 2308 4229 aequo
2334 4162 2495 4230 plane
2528 4162 2714 4215 animo
2745 4172 2909 4223 esset,
2946 4161 3207 4231 nulloque
3245 4172 3399 4215 motu

1834 4250 2080 4314 aﬂ'ectus,
2126 4250 2484 4307 nihilosecius
2528 4268 2651 4321 qua:
2684 4253 2894 4308 oﬂ’enso
2921 4254 3399 4310 conturbationem

1834 4345 1890 4391 et
1916 4336 2157 4391 dolorem
2190 4338 2511 4404 attulerunt,
2543 4340 2753 4411 vulgari
2785 4356 3059 4407 sermone,
3099 4343 3176 4396 ira
3208 4352 3265 4396 et
3288 4354 3403 4397 sto-

1834 4428 2063 4483 machus
2092 4429 2513 4498 appellarentur.
2560 4429 2754 4486 Medici
2788 4448 3009 4502 quoque
3036 4432 3253 4502 quoties
3297 4433 3402 4487 ali-

1835 4520 1967 4588 quid
1994 4520 2078 4575 vel
2112 4530 2383 4585 resecant,
2412 4522 2499 4577 vel
2524 4532 2783 4586 exurunt,
2823 4526 2916 4577 irae
2955 4538 3061 4578 non
3096 4524 3401 4594 indulgent,

1835 4628 1946 4669 non
1990 4614 2114 4669 irati
2149 4624 2279 4669 sunt
2307 4615 2572 4671 adversus
2598 4625 2947 4686 egrotantes,
2980 4616 3073 4669 sed
3104 4618 3402 4681 commise-

1836 4704 2045 4763 ratione
2083 4703 2261 4759 atl‘ecti
2285 4712 2337 4759 et
2366 4720 2465 4760 eos
2492 4707 2687 4760 morbo
2716 4705 2950 4760 liberare
2983 4706 3247 4774 cupiunt;
3274 4721 3401 4761 cum

144 4794 214 4847 δὲ
252 4794 542 4863 τέμνοντες
580 4798 675 4849 καὶ
727 4798 976 4863 καίοντες
1006 4800 1068 4853 οὺ
1091 4798 1246 4869 θυμῷ
1275 4798 1431 4851 τοῦτο
1462 4798 1727 4863 ποιοῦσιν,

1835 4796 2004 4863 igitur
2042 4795 2224 4850 dicis:
2263 4814 2283 4847 ι
2312 4794 2391 4851 Ne
2428 4796 2481 4849 in
2522 4796 2710 4851 furore
2752 4806 2847 4851 tuo
2892 4812 3092 4866 arguas
3137 4812 3245 4861 me,
3281 4815 3301 4848 ι
3346 4799 3400 4852 id

142 4884 294 4939 ἀλλά
332 4886 519 4955 σκοπῷ
550 4890 649 4958 τῆς
692 4887 1055 4959 διορθώσεως,
1087 4889 1188 4943 οὐκ
1232 4889 1575 4959 ὀργιζόμενοι
1616 4891 1728 4947 τοῖς

148 4976 481 5046 κάμνουσιν,
504 4978 619 5031 ἀλλ’
647 4979 923 5043 ἐλεοῦντες
950 4981 1149 5043 αὐτοὺς
1165 4980 1389 5034 καὶτῶν
1413 4980 1732 5050 νοσημάτων

1836 4896 1952 4951 est;
1986 4888 2092 4941 noli
2122 4904 2314 4957 poenas
2342 4905 2374 4944 a
2400 4905 2486 4945 me
2514 4890 2751 4961 exigere,
2780 4899 2834 4944 et
2864 4898 3207 4959 peccatorum
3246 4906 3399 4943 mco-

1836 4994 1959 5053 rum
1988 4978 2277 5033 vindictam
2307 4996 2568 5049 quaerere.

144 5074 586 5139 ἀπαλλάττοντες
617 5092 633 5106 ·
667 5077 795 5128 ὅταν
817 5074 909 5128 οὖν
935 5076 1081 5145 εἴπῃ·
1134 5094 1153 5127 ί
1213 5075 1304 5146 Μὴ
1330 5076 1411 5145 τῷ
1466 5074 1623 5144 θυμῷ
1656 5092 1749 5127 σου
1790 5073 2013 5146 ἐλέγξῃς
2076 5092 2167 5145 με,
2204 5094 2223 5125 ι
2249 5077 2494 5129 τουτέστι
2523 5075 2614 5147 Μὴ
2660 5076 2970 5147 ἀπαιτήσῃς
3012 5094 3079 5145 με
3109 5076 3266 5146 δίκην
3290 5074 3400 5128 τῶν

146 5165 596 5235 ἡμαρτημένων,
654 5166 790 5236 μηδὲ
832 5165 1125 5237 ὲπεξέλθῃς
1168 5167 1281 5229 τοῖς
1336 5165 1916 5236 πεπλημμελημένοις.

683 5260 1013 5314 ΕΡΩΤΗΣΙΣ
1062 5261 1229 5316 ΣΠΘ.

468 5417 598 5472 Ὀτι
643 5417 941 5488 ἐταράχθη
995 5418 1066 5473 τὰ
1098 5417 1251 5473 ὀστᾶ
1300 5436 1439 5487 μου.

1934 5257 2260 5326 ρυλεδτιο
2295 5256 2884 5383 ϐϐιΧέἓέὣιῳοξεί.
2927 5257 3126 5314 CCC“.
3168 5257 3331 5311 Taur.

2490 5328 2737 5400 CCXCI']

2020 5438 2038 5471 ι
2077 5420 2340 5485 Quoniam
2370 5421 2687 5474 conturbata
2727 5431 2848 5473 sunt
2876 5436 3001 5475 ossa
3030 5436 3166 5474 mea.
3200 5438 3220 5471 ι

989 5530 1143 5614 Edita
1162 5544 1189 5579 a
1212 5529 1335 5579 Maio
1361 5531 1417 5593 (l.
1450 5546 1494 5581 c.
1533 5547 1583 5595 p.
1609 5533 1715 5595 146,
1741 5535 1845 5592 ιιι.
1870 5554 1919 5601 q.
1944 5538 2077 5600 299).
2106 5566 2165 5576 —
2195 5537 2250 5586 In
2283 5536 2409 5586 Psal.
2436 5550 2500 5597 vr,
2520 5537 2577 5614 .2.

241 5611 409 5664 Ὀστᾶ
462 5610 518 5663 δὲ
577 5610 813 5665 ἐνταῦθα
878 5612 1027 5681 λέγει
1098 5613 1194 5683 τὴν
1258 5613 1412 5683 ίσχὺν
1474 5614 1731 5669 ἅπασαν·

140 5701 404 5776 ταραχὴν
435 5702 491 5755 δὲ
522 5704 621 5774 τὴν
644 5704 878 5776 πληγὴν,
899 5704 998 5776 τὴν
1022 5704 1266 5773 κόλασιν,
1296 5706 1397 5778 τὴν
1424 5709 1693 5779 τιμωρίαν
1713 5725 1731 5742 '

226 5842 273 5875 “
313 5842 455 5898 Psal.
484 5858 539 5907 ν,
565 5842 619 5898 2.

428 5934 699 5999 Parma.
753 5939 869 5999 Gs.
903 5936 1002 6001 CI.

1908 5620 2046 5675 Ossa
2080 5620 2167 5674 hic
2196 5622 2306 5673 vim
2355 5635 2570 5674 omnem
2616 5618 2951 5688 signiﬁcant.
2995 5615 3262 5671 Turbalio
3308 5635 3404 5687 pro

1846 5713 2023 5784 plaga,
2056 5726 2239 5783 pinna,
2284 5711 2518 5768 vindicta
2550 5712 2791 5783 ponitur.
2827 5710 2995 5766 Aiunt
3021 5711 3241 5781 quidam
3266 5751 3279 5775 ,
3317 5713 3404 5774 hic

3044 5934 3123 5992 36
