4156 6438
771 423 912 489 1123

1926 427 2188 488 PHOTII
2220 428 2721 489 PATRIARCH/E
2759 430 2864 490 ΟΡ.

3886 434 4017 496 ῙΙΞᾸ

768 553 799 594 a
831 535 1141 593 turbatione
1173 535 1470 607 signiﬁcari
1505 543 1709 590 metum
1739 537 1834 604 qui
1864 552 1931 591 ex
1960 546 2183 606 peccato
2217 537 2331 589 ori-

2453 537 2580 601 τινές
2603 556 2766 606 φασιν
2787 538 3019 592 ἐνταῦθα
3049 541 3291 612 ταραχὴν
3309 541 3489 610 λέγειν
3511 537 3694 606 αύτδν,
3714 544 3810 597 τδν
3835 546 3904 597 ἐκ
3920 546 4019 612 τῆς

771 638 877 683 tur.
921 627 1076 694 Quod
1127 627 1429 697 prtesertim
1484 629 1538 681 in
1584 625 1892 681 libidinosis
1946 626 2337 696 cupiditatibus

771 722 1086 788 contingere
1131 719 1291 782 solet,
1325 734 1477 787 atque
1509 734 1574 772 ac
1609 718 1664 772 in
1713 717 1792 772 ira
1823 725 1878 772 et
1907 718 1961 772 in
2009 718 2339 772 calamitati~

771 814 894 865 bus.
926 813 1057 878 Quae
1082 821 1280 865 cuncta
1307 803 1560 864 animam
1579 819 1634 865 et
1659 825 1785 865 ossa
1813 811 2058 864 turbant.
2093 808 2193 863 llic
2221 820 2334 864 tum

773 902 991 972 pupilla
1019 903 1457 970 distorquentur,
1505 910 1560 955 et
1599 902 1737 955 nihil
1780 902 1924 955 oculi
1957 911 2103 956 recte
2133 901 2336 954 vident.

775 995 881 1050 Sed
908 1003 965 1048 ut
991 994 1063 1047 ab
1092 994 1293 1048 amenti
1332 995 1521 1064 auriga
1557 994 1866 1049 inordinate
1889 995 2169 1048 ducuntur
2191 993 2337 1061 equi,

772 1089 854 1142 sic
897 1088 1111 1141 turbata
1163 1087 1396 1151 ratione,
1442 1086 1626 1141 omnia
1675 1086 2112 1149 confunduntur,
2155 1089 2342 1141 omnia

773 1195 1028 1248 perversa
1062 1181 1216 1232 liunt.
1257 1176 1410 1232 Unde
1437 1189 1618 1232 autem
1659 1179 1794 1233 satis
1823 1178 2032 1232 oriatur
2054 1179 2344 1247 perturba-

775 1272 886 1324 tio?
916 1285 1150 1339 namque
1194 1270 1244 1324 id
1293 1271 1698 1340 explanandum
1747 1285 1926 1340 operae
1958 1271 2186 1339 pretium
2223 1279 2340 1334 est;

781 1379 893 1416 non
933 1363 1081 1416 enim
1123 1373 1181 1416 nt
1220 1379 1370 1416 mare
1407 1362 1584 1417 ventis
1634 1361 1969 1416 irruentibus
2011 1361 2092 1417 sic
2136 1361 2340 1422 anima,

776 1455 1052 1524 inopinata
1074 1453 1310 1523 quadam
1329 1453 1708 1508 vicissitudine
1729 1453 2107 1523 perturbatur;
2129 1453 2224 1507 sed
2243 1453 2348 1506 hoc

775 1561 872 1615 per
915 1554 1163 1599 nostram
1212 1544 1478 1598 desidiam
1527 1545 1673 1598 licet.
1705 1542 2007 1599 Possumus
2044 1543 2190 1598 enim
2236 1541 2349 1596 elli-

777 1651 902 1690 cere
935 1645 997 1690 ut
1025 1636 1119 1700 sit,
1152 1651 1260 1690 non
1304 1650 1532 1691 accensa
1569 1635 1816 1703 libidine,
1853 1635 2060 1705 peccati
2093 1633 2344 1698 occasio;

780 1743 1016 1798 namque
1069 1729 1115 1783 si
1159 1728 1434 1782 ﬂammam
1478 1744 1587 1782 non
1644 1728 1933 1795 accendes,
1981 1743 2088 1782 non
2139 1726 2349 1780 ardebit

776 1823 1061 1887 caminus;
1101 1823 1147 1876 si
1185 1820 1467 1874 materiem
1503 1820 1614 1890 igni
1661 1821 1869 1891 lignum
1913 1835 2021 1874 non
2067 1817 2346 1887 subjicies,

2437 632 2712 702 ἁμαρτίας
2741 633 3024 700 γινόμενον
3047 631 3254 704 [φόϐον]
3281 651 3296 664 ο
3325 635 3556 688 τοῦτοδὲ
3575 637 3815 703 μάλιστα
3844 640 3944 689 καὶ
3966 641 4021 689 ἐν

2439 719 2755 790 ἐπιθυμίαις
2783 721 3075 790 ἀσελγείας
3102 723 3422 791 συμϐαίνειν
3447 724 3632 788 εἴωθε,
3667 725 3832 778 τοῦτο
3861 727 3922 777 δὲ
3962 728 4018 777 ἐν

2441 810 2598 881 θυμῷ
2624 811 2718 864 καὶ
2743 813 2803 863 ἐν
2833 815 3138 884 συμφοραῖς
3160 831 3176 844 ·
3213 816 3394 869 πάντα
3419 815 3530 885 γὰρ
3558 816 3732 870 ταῦτα
3759 818 4022 881 ταράττει

2439 903 2617 973 ψυχὴν
2671 904 2768 965 καὶ
2815 904 2971 971 ὀστᾶ,
3003 905 3100 959 καὶ
3147 907 3203 958 αί
3242 907 3400 976 κόραι
3437 907 3856 978 διαστρέφονται
3878 948 3896 971 ,
3931 912 4024 960 καὶ

2440 991 2561 1045 ούδέ
2593 993 2643 1046 οί
2669 993 2938 1064 ὀφθαλμοὶ
2983 996 3126 1048 κατά
3149 996 3304 1060 τάξιν
3335 996 3643 1066 βλέπουσιν,
3680 998 3801 1050 ἀλλ’
3829 998 4023 1067 ὥσπερ

2441 1082 2658 1152 ἡνιόχου
2702 1082 3094 1154 θορυϐηθέντος
3132 1087 3388 1150 ἀτάκτως
3414 1089 3466 1139 οἱ
3526 1088 3684 1139 ἵπποι
3736 1089 4020 1156 φέρονται,

2442 1174 2584 1227 οὕτω
2611 1174 2705 1227 τοῦ
2725 1175 2985 1244 λογισμοῦ
3019 1176 3492 1248 διαταραχθέντος,
3514 1181 3692 1233 πάντα
3714 1183 4021 1249 συγχείται,

2445 1267 2622 1319 πάντα
2643 1267 3026 1337 διαστρέφεται
3041 1285 3054 1299 °
3079 1272 3174 1322 καὶ
3201 1270 3318 1333 πῶς
3331 1271 3472 1339 αῦτη
3493 1272 3701 1339 γίνεται
3721 1275 3758 1342 ἡ
3772 1275 3987 1342 ταραχή
4008 1293 4020 1336 ;

2444 1359 2743 1425 ἀναγκαῖον
2765 1361 2876 1430 γὰρ
2904 1361 2998 1414 καὶ
3042 1361 3202 1415 τοῦτο
3246 1365 3425 1416 εἰπεῖν
3453 1381 3468 1395 ·
3506 1365 3570 1418 ού
3602 1364 3714 1434 γὰρ
3748 1364 3947 1435 ὥσαρ
3970 1366 4025 1416 ἐν

2447 1449 2690 1520 θαλάσσῃ
2718 1452 2870 1522 παρὰ
2897 1451 2999 1522 τὴν
3025 1453 3136 1505 τῶν
3183 1456 3513 1524 πνευμάτων
3551 1455 3831 1526 ἐμϐολὴν,
3885 1455 4028 1508 οὕτω

2446 1543 2542 1595 καὶ
2567 1543 2626 1594 ἐν
2670 1543 2850 1615 ψυχῇ,
2906 1545 2967 1597 ού
3004 1545 3149 1598 κατά
3190 1563 3314 1600 τινα
3369 1547 3630 1616 ἀδόκητον
3675 1546 4023 1616 περίστασιν.

2447 1633 2584 1687 ἀλλά
2631 1637 2783 1704 παρά
2811 1635 2911 1705 τὴν
2937 1637 3215 1707 ἡμετέραν
3243 1637 3518 1709 ῥαθυμίαν
3549 1638 3848 1707 συμϐαίνει
3883 1653 3899 1668 ·
3935 1641 4024 1689 καὶ

2448 1727 2558 1797 γάρ
2615 1731 2711 1781 καὶ⁵
2758 1727 2851 1781 τοῦ
2882 1730 3136 1796 γενέσθαι
3194 1731 3287 1784 καὶ
3330 1730 3425 1784 τοῦ
3484 1731 3560 1802 μὴ
3607 1732 3863 1799 γενέσθαι
3929 1733 4024 1800 τὴν

2450 1819 2773 1891 περίστασιν
2801 1821 2901 1891 τῆς
2925 1822 3200 1892 ἁμαρτίας
3234 1825 3400 1893 ἡμεῖς
3433 1825 3636 1895 κύριοι,
3683 1825 3787 1892 τῆς
3829 1823 4025 1877 ἐπιθυ-

782 1914 829 1967 si
870 1913 1143 1969 formosos
1173 1914 1352 1966 vultus
1378 1927 1485 1966 non
1509 1913 1771 1982 inquires,
1790 1913 1836 1968 si
1858 1913 2124 1966 theatrum
2145 1910 2342 1978 iniqui-

2453 1911 2572 1978 μίας
2590 1913 2972 1984 ἀναπτομένης
2995 1929 3011 1943 ⁸
3043 1914 3158 1966 ἀλλ’
3174 1912 3242 1967 ἂν
3274 1914 3350 1986 μὴ
3377 1916 3442 1967 σὺ
3463 1915 3562 1984 τὴν
3591 1915 3766 1983 φλόγα
3789 1915 4024 1983 ἀνάψτις.

777 2004 908 2059 tatis
939 2019 1047 2058 non
1066 2004 1352 2069 acccndes,
1384 2018 1483 2056 nec
1527 2002 1761 2072 dapibus
1799 2016 2019 2059 carnem
2049 1999 2346 2070 saginabis,

781 2113 885 2153 nec
909 2098 1174 2151 rationem
1199 2097 1324 2151 vino
1356 2096 1662 2164 demerges,
1693 2111 1803 2151 non
1827 2105 2076 2165 assurget
2107 2093 2347 2154 ﬂamma,

783 2201 889 2239 non
939 2185 1335 2239 intractabilior
1399 2182 1513 2237 fera
1563 2185 1693 2248 fiet,
1747 2199 1855 2239 non
1911 2182 2348 2246 disturbabitur;

780 2277 939 2346 quasi
960 2275 1268 2331 furentibus
1289 2277 1486 2339 ventis,
1511 2276 1940 2330 animicaslitas.
1969 2275 2156 2328 Hocne
2195 2272 2350 2337 satis,

779 2368 1021 2436 inquies,
1075 2379 1134 2422 ut
1178 2367 1394 2421 ﬂamma
1430 2369 1636 2437 peccati
1691 2368 1918 2421 vitetur?
1965 2366 2211 2430 minime,
2259 2362 2352 2419 sed

783 2468 1000 2528 oportet
1056 2469 1110 2513 et
1155 2460 1263 2512 alia
1305 2459 1532 2528 insuper
1580 2457 1741 2527 adjici
1776 2458 2094 2513 :contimiae
2143 2469 2352 2524 preces,

779 2545 1099 2606 sanctorum
1148 2552 1510 2615 consuetudo,
1558 2550 1766 2620 aliquot
1807 2548 2084 2604 interdum
2123 2548 2353 2618 jejunia,

785 2641 1015 2711 simplex
1063 2643 1279 2696 vivendi
1333 2657 1527 2712 genus,
1574 2643 1898 2697 necessariae
1946 2641 2353 2712 occupationes,

786 2733 1203 2800 praesertimque
1254 2731 1346 2785 Dei
1397 2741 1598 2795 metus,
1646 2731 1814 2786 futuri
1852 2732 2043 2802 judicii
2087 2730 2352 2785 memoria

2444 2004 2544 2057 ούκ
2568 2005 2782 2075 αῖρεται
2815 2008 2848 2076 ὴ
2882 2006 3132 2076 κάμινος,
3163 2007 3230 2060 ἂν
3260 2007 3334 2076 μὴ
3363 2009 3572 2077 τροφὴν
3609 2007 3910 2078 παράσχῃς
3961 2011 4024 2074 τῇ

2447 2095 2570 2166 ῦλῃ,
2599 2095 2666 2148 ἂν
2698 2096 2771 2166 μὴ
2808 2095 2905 2159 τὰς
2936 2097 3248 2167 εὐμόρφους
3271 2097 3421 2164 ὄψεις
3457 2099 3823 2169 περιεργάσῃ,
3855 2098 3926 2150 ἀν
3957 2099 4027 2166 μὴ

2448 2183 2679 2255 θέατρον
2749 2185 3102 2257 παρανομίας
3157 2185 3474 2256 ἀνασαίνῃς,
3540 2186 3606 2239 ἂν
3666 2186 3744 2258 μὴ
3807 2187 4027 2255 πιαίνῃς

2447 2278 2628 2345 τρυφῇ
2677 2277 2775 2348 τὴν
2837 2278 3039 2348 σάρκα,
3077 2278 3146 2332 ἂν
3205 2277 3280 2349 μὴ
3328 2277 3728 2349 καταποντίζης
3775 2279 3907 2347 οῖνῳ
3944 2280 4029 2330 τὸν

2450 2365 2732 2436 λογισμὸν,
2791 2369 2893 2421 οὐκ
2941 2371 3158 2439 αῖρεται
3207 2373 3240 2442 ἡ
3285 2369 3453 2436 φλὸξ,
3509 2370 3572 2422 ού
3611 2370 3828 2438 γίνεται
3868 2369 4029 2438 χαλε-

2450 2456 2696 2526 πῶτερον
2751 2458 2812 2511 τὸ
2866 2459 3081 2529 θηρίον,
3142 2461 3203 2514 ού
3253 2462 3600 2532 διατέμνεται
3636 2460 3894 2530 καθάπερ
3932 2461 4030 2512 ὑπὸ

2449 2548 2776 2616 πνευμάτων
2817 2549 3028 2618 ἀγρίων
3051 2550 3152 2620 τῆς
3177 2550 3416 2612 διανοίας
3439 2552 3501 2603 τὸ
3527 2549 3795 2620 καθαρόν.
3844 2550 4032 2620 ’Δρκεῖ

2449 2631 2541 2689 οὖν
2578 2637 2769 2704 ταῦτα,
2799 2641 2958 2710 φησὶ,
2993 2640 3130 2711 πρὸς
3155 2639 3217 2694 τὺ
3241 2640 3523 2711 διαφυγεῖν
3555 2642 3655 2711 τὴν
3707 2640 3892 2710 φλόγα
3940 2641 4031 2709 τῆς

2451 2729 2755 2800 ἀμαρτίας;
2774 2734 2874 2787 οὐκ
2897 2734 3076 2806 ἀρκεῖ·
3095 2737 3232 2791 ἀλλά
3249 2737 3328 2790 δεῖ
3343 2738 3435 2791 καὶ
3447 2737 3610 2808 ἕτερα
3638 2735 4030 2805 προστεθῆναι,

786 2830 844 2874 et
885 2824 1199 2876 mercedum
1253 2837 1376 2891 quae
1423 2823 1588 2892 justis
1627 2823 1912 2892 desponsa:
1961 2821 2202 2877 luerunt.
2243 2819 2350 2876 Hoc

2461 2824 2771 2892 προσευχὰς
2822 2827 3124 2896 διηνεκεῖς,
3180 2829 3351 2894 ἁγίων
3400 2829 3724 2890 συνουσίαν,
3779 2829 4033 2896 νηστείαν

788 2929 886 2983 per
908 2915 1091 2968 omnia
1125 2929 1384 2968 vesanam
1410 2914 1578 2968 animi
1610 2915 2110 2984 concupiscentiam
2133 2927 2355 2983 compe-

787 3020 942 3059 scere
976 3013 1030 3058 et
1057 3004 1385 3058 (luctuosum
1423 3021 1576 3058 mare
1597 3003 1814 3058 frenare
1839 3006 2069 3075 poteris.

2462 2913 2793 2986 σύμμετρον,
2830 2917 3043 2972 δίαιταν
3068 2918 3242 2990 λιτὴν,
3273 2919 3532 2990 ἀσχολίας
3563 2919 3900 2987 ἀναγκαίαςο
3932 2919 4034 2984 πρὸ

2457 3004 2566 3056 τῶν
2615 3005 2791 3060 ἄλλων
2853 3009 3140 3076 ἁπάντων,
3201 3010 3296 3063 τοῦ
3354 3010 3488 3064 Θεοῦ
3541 3011 3634 3064 τὸν
3683 3010 3888 3079 φόϐον,
3943 3010 4032 3077 τὴν

790 3097 1091 3167 μέλλουσαν
1134 3097 1338 3166 κρίσιν,
1368 3097 1468 3159 τὰς
1495 3097 1829 3161 ἐπαγγελίας
1863 3097 1972 3150 τῶν
1987 3096 2244 3165 ἀγαθῶνο
2279 3095 2366 3149 5ιά
2410 3095 2616 3151 τούτων
2673 3100 2892 3155 πάντων
2941 3102 3169 3157 δύνασαι
3239 3102 3539 3172 χαλινῶσαι
3590 3102 3694 3173 τὴν
3749 3102 4034 3155 λυσσῶσαν

789 3186 1084 3257 ἐπιθυμίαν
1121 3188 1216 3241 καὶ
1261 3189 1456 3258 στῆσαι
1493 3189 1592 3257 τὴν
1631 3189 2033 3260 κυμαινομένην
2057 3187 2352 3243 θάλασσαν.

788 3298 1112 3368 ρυιεδτιο
1145 3302 1328 3357 ccxc
1369 3301 1559 3374 lCoisl.
1612 3302 1833 3358 CCClll.
1876 3302 2040 3356 Taur.
2081 3299 2355 3373 ccxcn].

970 3412 989 3445 ι
1023 3393 1263 3449 Clematii
1307 3395 1376 3448 ad
1430 3406 1498 3459 te,
1526 3395 1767 3458 Domine,
1803 3395 1997 3448 exaudi
2027 3409 2127 3447 me.
2159 3411 2178 3445 ι

3011 3299 3347 3353 eramus
3372 3300 3484 3366 2L".

2472 3409 2490 3444 t
2527 3392 2720 3458 Κύριε,
2751 3390 3050 3458 ἐκέκραξα
3086 3392 3236 3460 πρὸς
3275 3390 3381 3457 σὲ,
3412 3391 3794 3445 είσὰκουσόν
3837 3407 3976 3460 μου.
4014 3409 4030 3439 ι

1462 3504 1606 3554 Edita
1637 3518 1664 3553 a
1690 3505 1813 3555 Maio
1835 3506 1891 3566 (1.
1917 3519 1959 3554 c.
1987 3520 2039 3568 p.
2071 3506 2180 3566 147,
2211 3520 2259 3567 q.
2292 3505 2423 3565 500).
2445 3529 2507 3540 -—
2537 3505 2593 3554 In
2629 3503 2757 3552 Psal.
2787 3519 2899 3563 cn,
2930 3504 2955 3553 1
2983 3505 3175 3568 (Grece
3207 3505 3358 3566 cxu).

862 3587 989 3642 Hinc
1027 3587 1193 3655 bujus
1243 3587 1436 3657 psalmi
1481 3589 1626 3641 dicta
1666 3603 1875 3653 omnes,
1930 3600 1988 3642 ut
2037 3590 2110 3642 ita
2154 3590 2350 3650 dicam,

2529 3587 2733 3640 Τούτου
2761 3587 2856 3640 τοῦ
2878 3587 3097 3658 ψαλμοῦ
3138 3588 3208 3641 τά
3241 3590 3341 3658 μὲν
3385 3589 3606 3658 ῥήματα
3645 3589 3918 3652 ἅπαντες,
3970 3592 4034 3652 ὡς

791 3681 995 3745 sciunt,
1036 3689 1091 3734 et
1124 3689 1236 3734 tota
1277 3683 1387 3732 vita
1432 3680 1758 3743 concinunt;
1799 3695 1994 3735 sensus
2040 3689 2219 3733 autem
2259 3679 2357 3731 ali-

791 3781 929 3842 quot
976 3771 1267 3825 verborum
1310 3784 1405 3823 eos
1451 3770 1611 3823 fallit.
1663 3768 1819 3835 Quod
1877 3770 1944 3824 iis
1993 3785 2102 3824 non
2169 3769 2358 3823 leviter

793 3862 1240 3933 exprobrandum
1289 3869 1396 3916 est.
1441 3860 1654 3915 Etenim
1701 3861 1831 3930 quid
1885 3871 1970 3916 est
2016 3861 2162 3915 aliud
2192 3876 2354 3930 quam

794 3955 1027 4024 psallere
1056 3964 1168 4008 toto
1191 3954 1300 4018 die,
1324 3955 1418 4008 scd
1449 3970 1517 4008 ne
1546 3955 1714 4009 semel
1742 3955 1961 4024 quidem
1998 3953 2191 4023 psalmi
2234 3967 2330 4008 seu

796 4060 919 4100 sum
957 4045 1272 4114 requirere?
1311 4045 1558 4115 Namque
1601 4046 1706 4100 lioc
1745 4055 1830 4101 est
1868 4046 2113 4117 segnitici
2168 4055 2222 4100 et
2271 4061 2334 4099 so

795 4140 1000 4194 cordia:
1047 4153 1322 4192 summum
1368 4139 1632 4192 continuo
1664 4140 1956 4208 psalmum,
1985 4154 2014 4190 a
2060 4138 2360 4206 puerilibus

794 4230 955 4285 annis
1003 4230 1068 4284 ad
1117 4229 1363 4282 ultimam
1413 4240 1744 4283 senectutem
1778 4231 1830 4283 in
1865 4245 1965 4284 usu
2008 4224 2226 4292 habere;
2261 4243 2362 4284 nec

794 4319 944 4373 aliud
985 4331 1343 4389 praeterquam
1396 4321 1560 4373 verba
1599 4335 1764 4375 sensu
1808 4323 2050 4376 carentia
2095 4321 2359 4374 memoria

794 4421 1003 4476 tenere,
1053 4421 1251 4464 tectum
1285 4426 1451 4479 prope
1501 4415 1814 4465 thesaurum
1858 4413 2118 4478 assidere,
2147 4427 2362 4466 crume—

796 4516 1034 4571 namque
1064 4501 1405 4569 obsignatam
1459 4501 1840 4567 circumferre,
1888 4517 1989 4557 nec
2029 4517 2359 4572 quemquam

797 4591 884 4646 vel
931 4591 1252 4645 curiositate
1304 4591 1507 4660 impelli
1543 4599 1602 4646 ut
1653 4593 1818 4648 sciret
1843 4609 1951 4663 quo
1996 4593 2215 4648 demum
2249 4593 2362 4647 haec

795 4682 959 4737 verba
1004 4691 1337 4752 spectarent.
1380 4683 1632 4738 Attamen
1665 4700 1732 4739 ne
1778 4685 1882 4740 hoc
1920 4687 2137 4756 quidam
2165 4685 2358 4739 dicas:

797 4775 1144 4845 perspicuum
1175 4775 1468 4844 quemdam
1510 4791 1603 4830 eos
1637 4778 1729 4830 tali
1775 4787 1992 4841 torpore
2029 4777 2273 4832 aﬂ‘ecisse
2303 4783 2364 4830 ut

799 4878 1043 4933 quaerere
1094 4866 1410 4919 omitterent
1451 4868 1596 4935 quod
1639 4867 1693 4920 in
1737 4879 1987 4937 promptu
2041 4881 2190 4926 esset
2235 4889 2360 4927 cuin

2462 3674 2658 3742 εἰπεῖν,
2685 3679 2852 3744 ῖσασι,
2884 3679 2979 3731 καὶ
3006 3677 3094 3732 διὰ
3124 3679 3303 3747 πάσης
3333 3679 3548 3747 ἡλικίας
3573 3679 3892 3732 διατελοῦσι
3913 3682 4034 3750 ψάλ-

2462 3768 2662 3830 λοντες,
2692 3768 2791 3840 τὴν
2813 3769 2868 3822 δὲ
2898 3769 3137 3823 διάνοιαν
3162 3771 3319 3824 ἐνίων
3336 3771 3446 3824 τῶν
3467 3772 3788 3842 εἰρημένων
3824 3773 4035 3840 ἀγνοοῦ-

2464 3876 2550 3914 σιν
2575 3877 2590 3892 ·
2624 3861 2761 3931 ὅπερ
2798 3861 2860 3913 ού
2895 3859 3091 3931 μικρὸν
3114 3864 3192 3924 εἰς
3219 3863 3551 3932 κατηγορίας
3577 3862 3742 3930 λόγον
3771 3879 3795 3896 ο
3823 3864 4035 3927 ψάλλειν

2468 3953 2566 4023 μὶν
2625 3954 2747 4006 καθ’
2775 3955 3011 4024 ἡμέραν,
3050 3953 3176 4023 μηδ’
3202 3953 3350 4018 ἅπαξ
3378 3954 3424 4007 δ’
3451 3954 3798 4025 ἐπιζητῆσαι
3853 3957 4034 4026 μαθεῖν

2464 4043 2562 4094 τὸν
2605 4041 2729 4095 νοῦν
2779 4043 2888 4095 τῶν
2941 4043 3292 4114 ψαλλομένων
3324 4060 3339 4076 ο
3389 4045 3482 4098 καὶ
3531 4045 3643 4114 γὰρ
3683 4046 3923 4109 νωθείας
3951 4049 4033 4098 καὶ

2468 4133 2794 4203 χαυνότητος
2851 4134 3106 4206 ἐσχάτης,
3154 4135 3245 4189 διὰ
3297 4137 3499 4199 παντὸς
3531 4137 3622 4190 τὸν
3670 4137 3899 4206 ψαλμὸν
3951 4143 4032 4189 καὶ

2465 4223 2530 4274 ἐκ
2579 4220 2802 4293 πρώτης
2833 4223 3047 4292 ἡλικίας
3089 4226 3168 4287 εἰς
3209 4226 3436 4294 ἔσχατον
3475 4224 3657 4294 γῆρας
3692 4227 4031 4295 μελετῶντας

2465 4313 2754 4380 διατελεῖν,
2779 4315 2849 4367 τὰ
2878 4316 3098 4386 ῥήματα
3133 4317 3292 4386 μόνον
3321 4318 3530 4380 εἰδότας
3551 4318 3740 4388 ιρημα
3767 4319 4029 4380 διανοίας·

2467 4407 2564 4459 καὶ
2623 4405 3047 4475 παρακαθῆσθαι
3105 4405 3366 4478 θησαυρῷ
3425 4412 3908 4479 συνεσκιασμένῳ,
3951 4410 4032 4460 καί

2469 4493 2757 4564 βαλάντιον
2787 4497 3106 4565 περιφέρειν
3143 4498 3579 4566 ἐσφραγισμένον
3605 4515 3622 4530 ·
3657 4499 3758 4552 καὶ
3792 4500 3916 4552 οὐδὲ
3944 4500 4032 4551 ὑπὸ

2469 4588 3002 4658 πολυπραγμοσύνης
3051 4589 3379 4660 παρωξύνθη
3419 4607 3503 4652 τις
3554 4591 3776 4660 μαθεῖν,
3809 4592 3862 4644 τί
3915 4593 4030 4642 ποτὲ

2468 4678 2583 4729 ἐστι
2619 4680 2680 4730 τὸ
2703 4679 2994 4746 λεγόμενον
3027 4695 3043 4712 ο
3074 4680 3251 4734 καίτοι
3283 4697 3346 4748 γε
3379 4681 3499 4733 οὐδὲ
3556 4683 3738 4734 ἐκεῖνο
3791 4685 3939 4735 ἐστιν
3964 4685 4028 4733 εὶ-

2469 4771 2612 4834 πεῖν,
2633 4771 2716 4823 ὅτι
2747 4771 2928 4840 σαφής
2941 4788 3027 4834 τις
3051 4770 3128 4824 ὢν
3158 4773 3366 4836 πάντας
3390 4774 3471 4836 είς
3495 4773 3665 4826 ὕπνον
3689 4775 3876 4842 ἤγαγε
3903 4791 3918 4804 ·
3949 4775 4028 4826 καὶ

2467 4857 2566 4909 οὐκ
2624 4859 2805 4928 ἀφῆκε
2857 4861 3090 4932 ζητῆσαι
3121 4863 3182 4917 τὸ
3235 4865 3542 4933 προχείρως
3597 4867 3904 4934 κείμενον·
3953 4866 4027 4917 καὶ

803 4957 1116 5025 inexplicito
1141 4958 1223 5011 vir
1250 4973 1506 5012 sermone
1531 4959 1601 5011 sit
1628 4959 1856 5015 idoneus
1883 4962 2068 5015 leviter
2087 4965 2350 5019 dormien-

2467 4949 2575 5018 γάρ
2597 4951 2744 5002 ἐστιν
2771 4952 2985 5024 ἀσαφὴς
3014 4955 3108 5006 καὶ
3137 4955 3319 5018 ίκανδς
3358 4955 3622 5025 διεγεῖραι
3651 4957 3746 5009 τὸν
3805 4958 3882 5027 μὴ
3914 4959 4026 5025 σφό-

797 5045 943 5100 tibus
987 5047 1312 5114 excitandis,
1357 5062 1457 5102 nec
1496 5047 1635 5104 alios
1685 5051 1884 5105 excitet
1913 5068 2073 5122 quam
2106 5054 2199 5122 qui
2235 5054 2360 5109 dor-

798 5138 996 5194 miunt.

799 5247 1128 5316 QUESTIO
1155 5249 1356 5307 CCXCI
1384 5251 1574 5324 [CoisL
1596 5253 1818 5310 CCCIV.
1854 5253 2013 5311 Taur.
2061 5255 2354 5331 CCXCHI].

804 5361 822 5394 ι
843 5340 972 5397 Voce
995 5359 1108 5398 mea
1123 5345 1192 5397 ad
1220 5343 1504 5482 Domum
1534 5346 1910 5408 clamavi,voce
1936 5363 2049 5402 mea
2071 5347 2356 5404 Dominum

1421 5425 1624 5469 recatus
1658 5433 1828 5470 sum.»

1421 5425 1624 5469 recatus
1658 5433 1795 5470 sum.
1809 5435 1828 5468 ο

2463 5039 2564 5110 δρα
2599 5041 2950 5110 καθεύδοντα,
2985 5045 3186 5117 μᾶλλον
3216 5047 3271 5100 δὲ
3303 5047 3512 5101 καὶτὸν
3550 5048 3909 5104 καθεύδοντα.

2934 5267 3268 5322 spernat:
3309 5270 3466 5337 ΣιΑν.

2470 5376 2489 5409 ι
2517 5357 2689 5428 Φωνῇ
2695 5377 2818 5431 μου
2837 5359 3550 5434 πρὸςλΚύριον-ἐκόκραξα,
3561 5362 3739 5433 φωνεῖ
3753 5382 3879 5434 μου
3896 5365 4026 5433 πρός

2916 5431 3135 5498 Κύριον
3182 5431 3456 5499 ἐδεήθην.
3485 5450 3506 5483 ι

1471 5530 1611 5581 Edita
1631 5540 1659 5579 a
1690 5531 1812 5581 Maio
1846 5532 1900 5595 (ι.
1935 5547 1976 5582 c.
2005 5548 2054 5596 p.
2090 5535 2194 5596 N7,
2225 5551 2274 5599 q.
2302 5539 2498 5598 30l).—-
2529 5544 2584 5593 in
2614 5545 2742 5596 Psal.
2764 5559 2890 5605 cui,
2914 5546 2938 5596 1
2965 5547 3158 5610 (Grece
3185 5549 3354 5610 exui).

871 5634 1015 5690 Duas
1051 5634 1141 5690 bic
1170 5635 1394 5690 virtutes
1424 5636 1703 5704 docemur,
1732 5638 2068 5696 fortitudinis
2099 5657 2361 5699 constan-

803 5729 955 5790 tiam,
980 5729 1434 5800 cogitationisque
1459 5730 1854 5786 ordinationem
1879 5749 1892 5796 ;
1921 5744 2178 5802 praeterea
2209 5737 2359 5790 l‘sal-

801 5822 976 5877 mista:
1015 5823 1178 5880 verba
1230 5824 1448 5878 tertium
1489 5823 1635 5878 aliud
1679 5824 1983 5892 signiﬁcant
2017 5842 2030 5878 :
2061 5841 2168 5881 non
2216 5831 2357 5884 enim

2540 5649 2644 5702 Δύο
2704 5651 2961 5704 ἐνταῦθα’
2982 5653 3183 5721 ἀρετάς
3233 5654 3594 5726 μανθάνομεν,
3631 5657 3696 5709 τό
3727 5673 3791 5709 τε
3823 5656 4022 5710 diu-mi

2468 5741 2566 5810 τῆς
2600 5741 2926 5811 προθυμίας,
2956 5745 3016 5797 τό
3045 5762 3101 5798 τε
3139 5750 3567 5818 συντεταγμένον
3614 5751 3716 5820 τῆς
3768 5752 4017 5811 διανοία;,

2468 5833 2562 5885 καὶ
2595 5832 2778 5902 ἕτερον
2806 5834 2940 5906 πρὸς
2965 5835 3172 5902 τούτοις
3198 5838 3257 5892 τὸ
3285 5841 3448 5894 αὐτοῦ
3477 5838 3618 5898 εἶναι
3664 5842 3764 5914 τὴν
3799 5848 3978 5911 φωνήν
4001 5858 4013 5872 ·
