4156 6438
190 368 316 433 1125

1048 363 1148 423 AD
1176 357 1767 423 AMPHILOCHIUM
1802 352 2153 427 QUIESTIO
2180 350 2695 413 CCXC-CCXCIII.

3279 352 3415 417 1126

170 483 228 535 οὐ
272 480 381 548 γὰρ
433 476 636 539 πάντες
692 472 819 529 οὗτε
852 474 1005 543 φωνῇ
1062 471 1280 542 βοῶσιν,
1316 470 1442 523 οὔτε
1484 468 1619 538 πρὸς
1644 469 1776 531 τὸνγ

1840 478 2035 519 omnes
2064 477 2243 532 neque
2278 476 2411 517 voce
2451 461 2711 524 clamant,
2738 474 2916 531 neque
2943 460 3186 532 propria,
3236 478 3415 531 neque

168 573 312 636 Θεὸν,
330 571 455 625 οὔτε
478 573 544 641 τῇ
570 569 769 639 οίκεία·
795 565 948 621 δεῖδὲ
971 564 1191 620 ἅπαντα
1211 563 1385 617 ταῦτα
1414 560 1693 615 συνελθεῖν
1711 574 1729 590 ·

166 665 195 717 ὁ
216 662 331 716 κατ’
345 660 570 732 ,ἐχθρῶν
587 658 727 730 βοῶν
744 657 847 711 οὐκ
873 654 1165 725 ἀνθρώπου
1192 651 1379 722 φωνὴν
1407 653 1730 721 προήσεται,

166 754 296 806 ἀλλὰ
318 750 509 823 θηρίου
543 753 637 803 καὶ
656 750 835 818 ὄφεως
855 763 869 779 ·
904 749 933 800 ό
970 744 1253 817 ῥᾳθυμῶν,
1290 744 1385 795 καὶ
1419 741 1495 812 μὴ
1520 740 1733 809 ἀκούων

165 836 239 896 ὧν
260 839 428 909 λέγω
458 839 520 893 οὐ
548 839 685 909 πρὸς
711 838 805 891 τὸν
832 835 968 891 Θεδν
990 834 1109 906 βοᾷ,
1140 832 1258 886 ἀλλ’
1281 832 1405 902 είκῆ
1435 832 1529 885 καὶ
1553 829 1734 900 μάτην

166 934 457 1003 φθέγγεται
490 947 506 961 ·
532 931 562 984 ό
592 930 665 1002 μὴ
698 928 981 1000 διεγείρων
1010 928 1110 998 τὴν
1139 926 1401 990 διάνοιαν,
1420 925 1525 980 κᾶν
1558 924 1732 995 μεγά-

163 1027 229 1079 λα
248 1027 446 1097 κράζῃ,
473 1023 635 1079 πάλιν
661 1018 817 1087 οὗτος
836 1023 898 1081 οὐ
927 1022 1045 1093 βοᾲο
1075 1022 1259 1090 φωνὴν
1279 1020 1410 1090 γάρ,
1432 1018 1508 1083 ὥς
1537 1017 1735 1071 πολλά-

163 1135 249 1181 κις
274 1116 445 1186 ἔφθην
485 1114 679 1179 είπὼν,
708 1115 769 1168 οὐ
800 1116 895 1168 τὸν
914 1113 1068 1167 τόνον
1094 1112 1246 1181 λέγει
1276 1110 1372 1164 τοῦ
1400 1110 1730 1182 πνεύματος,

161 1209 301 1263 ἀλλά
324 1209 445 1279 τὴν
468 1206 911 1277 συντεταγμένην
944 1205 1186 1259 διάνοιαν
1207 1218 1222 1233 °
1256 1202 1374 1260 ἀλλ’
1404 1203 1505 1273 οὐχ
1537 1202 1729 1265 οὕτως’

159 1302 295 1356 ἀλλά
345 1302 415 1355 τά
464 1302 595 1373 τρία
643 1300 815 1354 ταῦτα
862 1300 1121 1367 συνάγειο
1150 1298 1232 1352 ὅτι
1283 1314 1346 1351 τε
1400 1298 1593 1366 φωνεῖ,
1640 1295 1735 1349 καὶ

159 1395 295 1466 πρὸς
324 1395 417 1447 τὸν
438 1394 592 1457 Θεὸν,
621 1393 718 1446 καὶ
753 1396 819 1465 τῇ
850 1393 1046 1446 ἑαυτοῦ
1072 1394 1226 1463 φωνῇ
1256 1407 1274 1423 ·
1308 1390 1401 1444 διὰ
1425 1389 1584 1444 τοῦτο
1608 1390 1732 1445 δεύ-

156 1504 314 1559 τερον
344 1486 477 1558 φησί
506 1503 519 1517 ·
562 1507 581 1539 ι
616 1488 771 1555 Φωνῇ
804 1503 927 1555 μου,
956 1484 1053 1539 καὶ
1082 1486 1236 1555 φωνῇ
1269 1498 1395 1554 μου.
1427 1500 1448 1534 s

678 1576 1018 1630 ΕΡοτιιΣιΣ
1050 1574 1213 1642 ΣιΒο.

235 1672 297 1727 Τί
320 1672 451 1726 ἐστι
479 1671 566 1737 τὸ,
596 1688 616 1721 ι
643 1672 963 1740 Εὺλότησε
984 1666 1233 1737 Μελχὸλ
1255 1665 1364 1722 τὸν
1388 1666 1569 1722 Auditi
1583 1684 1604 1734 ;
1635 1685 1656 1719 ι

1837 554 1905 607 ad
1948 552 2153 618 Deum;
2205 560 2425 623 oportet
2469 560 2651 605 tamen
2695 550 2811 605 haec
2853 552 2955 604 tria
2999 566 3106 605 una
3133 552 3271 604 fieri.
3307 552 3414 618 Qui

1835 643 2101 699 adversus
2128 643 2316 699 hostes
2353 644 2579 707 clamat,
2606 658 2715 697 non
2743 642 3040 697 humanam
3069 657 3257 700 vocem
3285 660 3414 713 pro.

1836 729 1954 800 mit,
1994 735 2095 790 sed
2119 733 2250 790 fera:
2297 742 2355 790 et
2382 735 2676 804 serpentis.
2707 732 2812 800 Qui
2846 734 3125 804 negligens
3165 743 3272 799 est,
3309 750 3412 790 nec

1835 826 1987 881 audit
2014 828 2147 897 quid
2187 827 2357 891 dicat,
2382 842 2492 882 non
2520 828 2587 882 ad
2622 825 2796 882 Deum
2826 828 3048 890 clamat.
3081 827 3177 883 sed
3208 836 3411 883 temere

1833 926 1887 972 et
1914 916 2192 971 incassum
2217 917 2483 987 loquitur.
2506 915 2612 984 Qui
2636 932 2751 973 non
2770 917 3153 989 expergefacta
3201 926 3408 981 mente,

1832 1010 1938 1065 etsi
1976 1010 2325 1064 vehementer
2370 1007 2720 1076 vociferetur,
2767 1025 2965 1065 rursus
3020 1012 3111 1064 ille
3145 1024 3257 1065 non
3293 1011 3407 1065 cla-

1834 1110 1967 1155 mat.
2002 1100 2165 1155 Vocis
2193 1101 2365 1166 enim,
2410 1110 2472 1155 ut
2494 1101 2605 1171 jam
2639 1101 2906 1167 dictitavi,
2938 1115 3048 1155 non
3085 1104 3283 1156 mentis
3329 1112 3409 1155 te-

1834 1208 2025 1247 norem
2073 1193 2297 1258 indicat,
2348 1192 2444 1248 sed
2482 1194 2715 1249 usitatas
2760 1195 2887 1249 terit
2916 1209 3098 1250 voces.
3136 1194 3255 1249 Non
3308 1210 3409 1249 au—

1835 1296 1942 1341 tem
2001 1288 2083 1343 sic
2146 1285 2421 1357 Propheta
2480 1288 2575 1357 qui
2642 1289 2759 1344 hmc
2822 1290 2923 1343 tria
2984 1290 3406 1359 complectitur,

1833 1380 2145 1449 clamatque
2174 1380 2241 1433 ad
2289 1378 2480 1444 Deum,
2527 1388 2583 1434 et
2614 1381 2834 1450 propria
2863 1381 3037 1449 ipsius
3066 1397 3233 1449 voce;
3270 1398 3410 1453 qua-

1834 1480 2057 1542 propter
2086 1471 2171 1526 his
2192 1471 2468 1525 exclamat
2498 1490 2511 1526 :
2546 1489 2567 1523 ι
2600 1470 2744 1527 Voce
2768 1488 2910 1534 mea.
2942 1490 3075 1528 voce
3102 1490 3245 1559 mea.
3280 1494 3300 1527 ι

2032 1562 2364 1631 ρυιιεδτιο
2390 1562 2619 1620 CCXCII
2648 1564 2841 1639 [Coist.
2884 1566 3049 1622 Taur.
3074 1567 3233 1642 CIV].

1871 1660 2014 1727 Quid
2039 1661 2214 1716 valeat
2237 1660 2335 1715 hat:
2371 1663 2583 1789 verbzm
2608 1681 2701 1787 ςάιγ
2719 1664 3014 1720 Gratulata
3043 1678 3119 1721 est
3158 1666 3380 1721 Melchol

2544 1752 2626 1788 ac:
2728 1753 2747 1787 ι

2544 1752 2663 1788 acta
2676 1752 2701 1787 Ι
2728 1753 2747 1787 Ι

923 1870 1064 1923 Edita
1092 1886 1119 1921 a
1150 1872 1274 1923 Maio
1305 1871 1364 1935 (ι.
1405 1884 1449 1921 3.
1481 1885 1532 1934 p.
1567 1868 1700 1932 “8).
1732 1897 1793 1907 —
1822 1867 2116 1932 Explanatio
2146 1872 2197 1920 in
2229 1869 2273 1921 II
2303 1870 2429 1935 Reg.
2461 1883 2529 1929 vt,
2557 1871 2637 1920 20.

226 1991 302 2043 Τὸ
325 1989 402 2051 δὲ,
435 1989 753 2055 Εὺλόγησε
785 1984 1032 2054 M81161
1078 1984 1189 2037 τὸν
1217 1982 1395 2037 Δαϐίδ
1416 2022 1434 2046 ,
1465 1981 1737 2050 λαμϐάνει
1770 1994 1776 2049 ]

1910 1978 2038 2035 Haec
2069 1978 2300 2034 Helcltol
2341 1981 2617 2051 gratulata
2644 1988 2726 2034 est
2758 1978 2930 2034 Dat-id
2958 1980 3119 2050 plana
3172 1990 3304 2037 sunt
3342 1998 3413 2037 ex

152 2085 259 2153 μὲν
285 2083 378 2135 καὶ
402 2084 467 2133 ἐκ
499 2080 597 2149 τῆς
626 2078 1031 2149 προειρημένης
1058 2072 1413 2139 ἀναπτύξεως
1438 2074 1500 2128 τὸ
1535 2077 1725 2139 σαφές·

147 2178 276 2229 ἀντὶ
299 2174 409 2244 γάρ
434 2174 529 2225 τοῦ
558 2171 975 2236 ἐξουδένωσεν
1001 2172 1220 2240 εἴρηται
1243 2184 1259 2199 ·
1291 2169 1574 2239 ἀλλότριον
1621 2168 1732 2240 γὰρ

144 2268 331 2321 ἐδόκει
361 2268 423 2319 τὸ
461 2266 682 2335 γύναιον
713 2261 995 2333 βασιλικοῦ
1023 2263 1376 2333 φρονήματος
1410 2262 1505 2315 καὶ
1540 2262 1730 2330 ὄγκου,

143 2362 339 2427 χοροῖς
377 2357 472 2410 καὶ
510 2355 881 2425 σκιρτήμασιν
912 2353 1270 2423 ἐνδιατρίϐειν
1291 2368 1305 2384 ο
1332 2352 1449 2406 ἀλλ’
1478 2353 1612 2406 αὐτὸ
1634 2354 1732 2423 μὲν

142 2451 315 2502 τοῦτο
340 2448 403 2501 τὸ
427 2448 668 2518 χορείαις
697 2447 771 2517 μὴ
804 2444 1316 2515 συγκαταφέρεσθαι
1340 2444 1434 2499 τόν
1482 2445 1731 2515 βασιλέα,

142 2544 256 2595 οὑκ
284 2540 701 2602 ἀνεπισκέπτως
733 2539 1001 2607 ἐλογίζετο
1032 2539 1065 2609 ή
1089 2537 1185 2591 τοῦ
1208 2537 1382 2591 Σαοὺλ
1408 2536 1731 2608 θυγάτηρ...

143 2634 217 2686 τὸ
238 2634 296 2685 δὲ
322 2633 465 2686 θεῖον
493 2632 659 2683 πόθον
688 2629 1132 2699 ἐπιδεικνύμενον
1161 2629 1257 2683 ἐπὶ
1290 2628 1543 2682 τοσοῦτον
1594 2628 1735 2682 ἀλῶ-

144 2742 247 2777 ναι
270 2724 351 2795 τῷ
380 2725 544 2795 ἔρωτι
586 2720 681 2775 τοῦ
726 2721 1064 2791 ποθουμένου
1111 2722 1266 2775 ἐνίκα
1290 2722 1389 2792 τῆς
1421 2721 1736 2790 γυναικείας

144 2818 377 2887 φύσεως
426 2816 526 2887 τὴν
589 2814 831 2884 γνῶσιν
876 2814 972 2868 καὶ
1027 2813 1329 2883 ἀγνοοῦσαν
1388 2814 1738 2885 διήλεγχετά

147 2910 365 2979 κέντρα
398 2908 494 2961 τοῦ
526 2906 814 2960 Δαυῐτικοῦ
872 2906 1064 2961 πόθου.
1098 2907 1559 2977 Ἐπισημαίνεται
1592 2908 1648 2961 δὲ
1671 2908 1735 2960 τὸ

147 3002 406 3071 Γράμμα
430 3000 491 3053 τὸ
519 3000 683 3071 ἱερὸν,
711 2999 788 3062 ὡς
815 3000 999 3071 μήτηρ
1030 2999 1130 3052 ούκ
1165 3000 1542 3070 ιχρημάτισεν
1592 2999 1734 3071 αῦτη

147 3092 404 3155 παιδίου,
437 3092 537 3162 τῆς
591 3092 687 3144 ἐπὶ
732 3090 812 3161 τῷ
860 3090 1025 3143 Δαϐὶδ
1076 3090 1277 3161 χλεύης
1321 3091 1737 3160 ἀπαγγέλλουσα

144 3184 258 3253 τὴν
308 3182 465 3252 δίκην
490 3198 505 3213 σ
535 3182 755 3251 ἀφίεται
797 3180 854 3235 δὲ
894 3183 928 3253 ἠ
967 3180 1180 3251 Μελχὸλ
1236 3184 1314 3246 είς
1346 3181 1446 3253 τὴν
1492 3182 1736 3254 περὶτοῦ

150 3276 332 3329 Δαϐὶδ
359 3274 748 3345 κατενεχθῆναι
771 3273 993 3344 χλεύην,
1010 3274 1173 3343 ἡνίκα
1200 3273 1359 3345 δίκην
1386 3273 1738 3344 χρεωστοῦσα

1834 2072 1921 2127 his
1950 2089 2072 2142 qua:
2102 2088 2263 2143 supra
2297 2073 2623 2138 docuimus;
2651 2072 2811 2126 verba
2845 2072 2994 2127 enim
3026 2072 3263 2141 despexit
3291 2091 3413 2127 eum

1834 2165 1890 2219 in
1906 2166 2066 2219 corde
2091 2181 2187 2219 suo
2224 2165 2306 2220 sic
2329 2165 2671 2235 interpretati
2710 2180 2922 2221 sumus.
2954 2164 3146 2219 Mulier
3172 2166 3411 2221 alienum

1838 2275 1869 2312 a
1906 2260 2054 2327 regia
2090 2258 2357 2329 gravitate
2395 2268 2449 2313 et
2500 2257 2788 2327 majestate
2829 2260 3065 2313 ducebat
3125 2276 3309 2331 regem
3356 2262 3413 2315 in

1834 2351 2019 2407 choris
2046 2363 2102 2405 et.
2126 2352 2514 2407 saltationibus
2561 2352 2795 2406 versari.
2827 2350 2946 2407 Hoc
2983 2352 3163 2422 ipsum
3211 2354 3413 2410 choros

1836 2458 1945 2497 non
1977 2444 2173 2499 decere
2222 2459 2428 2515 regem,
2469 2460 2574 2499 non
2634 2444 2947 2499 inconsulto
2977 2447 3254 2516 cogitabat
3302 2446 3411 2501 lilia

1837 2534 1971 2590 Saul
2000 2576 2016 2589 .
2050 2574 2065 2589 .
2090 2575 2105 2590 .
2128 2576 2143 2591 .
2176 2554 2193 2603 ;
2228 2537 2471 2592 divinum
2489 2552 2619 2592 vero
2648 2538 2982 2593 desiderium
3015 2540 3186 2608 quod,
3218 2549 3414 2609 captus

1836 2644 2026 2684 amore
2054 2628 2247 2693 David,
2276 2641 2385 2684 tam
2416 2632 2771 2686 vehementer
2801 2633 3201 2697 declaraverat,
3245 2633 3413 2703 hujus

1838 2720 2089 2776 mulieris
2120 2730 2373 2776 naturam
2410 2732 2465 2777 et
2503 2733 2739 2778 mentem
2771 2724 3100 2793 superabat;
3152 2724 3416 2793 ignoran-

1840 2821 1947 2867 tem
1984 2814 2263 2883 redarguit
2312 2812 2559 2869 fervidus
2616 2813 2843 2869 Davidis
2873 2830 3048 2869 amor.
3094 2814 3325 2870 Docetur
3358 2816 3415 2868 in

1839 2903 2011 2959 sacris
2040 2902 2344 2973 Scripturis
2370 2904 2599 2961 Melchol
2628 2921 2909 2976 nunquam
2960 2909 3153 2963 matris
3195 2907 3418 2963 nomine

1839 3006 2088 3049 vocatam
2124 3010 2268 3061 esse,
2333 3000 2524 3067 sicque
2581 2998 2922 3053 nuntiavisse
2956 3014 3063 3068 qua
3114 2999 3419 3055 alIiceretur

1838 3100 2001 3154 paena
2027 3101 2129 3155 pro
2154 3087 2336 3142 allatis
2368 3089 2424 3142 in
2464 3088 2719 3143 Davideni
2750 3090 3039 3144 conviciis.
3080 3089 3419 3160 Repudiatur

1841 3179 2073 3235 Melchol
2134 3197 2257 3251 qua:
2306 3181 2569 3237 Davidem
2645 3183 2912 3249 irriserat,
2981 3194 3037 3239 et
3089 3200 3188 3255 pro
3241 3188 3423 3241 exsol-

1841 3272 2017 3326 venda
2050 3288 2233 3342 pinna,
2261 3275 2527 3345 deinceps
2565 3291 2675 3331 non
2710 3277 2888 3347 parit:
2919 3276 3209 3333 sterilitate
3236 3288 3419 3333 autem

146 3368 444 3439 ditat-rt;ij
492 3339 593 3438 τὴν
646 3339 905 3420 ἀπαιδίαν
926 3339 952 3397 ⁷·
976 3339 1291 3421 ἀπαιτείται
1313 3339 1518 3439 *δέ-τὴν
1561 3370 1734 3422 ἀπαι-
1765 3346 1776 3392 ⁴

1843 3339 2077 3419 afficitur
2108 3381 2176 3421 ne
2204 3339 2498 3437 quisquam
2523 3382 2555 3421 e
2591 3339 2803 3423 semine
2833 3369 2968 3423 Saul
3002 3370 3056 3423 in
3084 3371 3293 3440 regiam
3323 3386 3423 3441 po-

144 3463 301 3527 δίαν,
338 3461 427 3515 ἵνα
466 3460 657 3529 μηδεὶς
692 3461 757 3513 ὲκ
785 3458 879 3512 τοῦ
912 3460 1230 3529 σπέρματος
1272 3460 1410 3529 ὅπερ
1456 3460 1737 3528 ἀπεφύετο

145 3553 259 3606 τοῦ
290 3551 463 3605 Σαοὺλ
492 3549 587 3604 τοῦ
622 3549 905 3621 βασιλικοῦ
942 3550 1185 3621 διάδοχος
1228 3549 1537 3621 ἀξιώματος
1566 3570 1735 3607 κατα-

150 3647 266 3716 στῇ
287 3660 301 3673 ο
332 3644 410 3697 ἔτι
434 3643 489 3696 δὲ
514 3626 601 3696 ἵνα
630 3644 705 3714 μὴ
741 3643 928 3705 στάσις
959 3643 1054 3695 καὶ
1082 3643 1241 3710 φόνος
1274 3642 1371 3698 τοῦ
1393 3660 1453 3697 τε
1478 3644 1538 3709 ἐξ
1564 3645 1736 3713 αὐτῆς

150 3736 595 3809 προεληλυθότος
621 3735 853 3788 καὶτῶν
902 3733 963 3801 ἐξ
1001 3733 1203 3806 ἑτέρων
1243 3735 1515 3804 γυναικῶν
1548 3737 1735 3805 ἐπιγε-

147 3829 407 3898 γονότων
434 3825 765 3898 διαπραχθῇ.

690 3917 1028 3974 spumat:
1056 3914 1211 3985 Σιιν.

338 4014 500 4067 Atat!
522 4014 555 4066 d
591 4011 769 4067 Δασίᾶ
810 4012 877 4065 τὸ
919 4011 1110 4081 ἐφοὺδ
1141 4014 1559 4082 περιεϐάλετο;

1847 3462 2097 3511 testatem
2123 3458 2471 3525 succederet,
2505 3467 2601 3514 aut
2628 3459 2894 3515 factiones
2914 3470 2970 3516 et
2996 3463 3290 3518 homicidia
3325 3478 3422 3533 per

1844 3547 1965 3615 ejus
2008 3548 2186 3604 tilium
2216 3591 2231 3616 ,
2282 3550 2532 3623 aliosque
2571 3570 2636 3609 ex
2680 3555 2806 3610 aliis
2857 3555 3183 3613 mulieribus
3219 3557 3421 3613 liberos

1846 3641 2141 3697 orirentur.

2031 3928 2365 4000 QUESTIO
2411 3929 2660 3987 CCXCIII
2690 3930 2879 4005 [CoisL
2919 3933 3087 3989 Taur.
3113 3936 3252 4009 CV].

2146 4023 2257 4077 Cur
2284 4019 2457 4077 David
2491 4026 2561 4077 sit
2590 4025 2858 4081 accinctus
2889 4025 3076 4097 Ephod
3107 4030 3135 4084 2

715 4151 863 4203 Edita
889 4166 917 4201 a
948 4151 1071 4202 Maio
1104 4150 1159 4214 (ι.
1181 4164 1224 4201 c.
1256 4166 1307 4215 p.
1330 4154 1441 4215 1‘8,
1463 4168 1514 4217 q.
1534 4156 1667 4216 303).
1698 4184 1763 4196 —
1794 4159 1847 4208 In
1870 4160 1915 4212 II
1946 4160 2070 4225 Reg.
2091 4174 2159 4222 γι,
2198 4162 2274 4224 ﬂ;
2301 4162 2323 4212 ῐ
2353 4163 2647 4227 Paralipom.
2670 4178 2754 4224 xv,
2785 4164 2863 4213 27.

230 4262 468 4335 Εἴρηται
503 4262 560 4315 δὲ
605 4262 688 4316 ὂτι
738 4261 831 4315 ἐπὶ
860 4261 957 4329 τοῦ
985 4260 1181 4325 Δαυῒδ,
1211 4260 1376 4329 ἑφούδ
1393 4279 1408 4294 ο
1436 4261 1612 4316 καίτοι
1635 4264 1735 4318 οὐκ

126 4357 285 4424 ἐξὸν
314 4354 465 4421 αὐτῷ
493 4353 733 4415 εὗσεϐὦς
763 4350 968 4422 βιοῦντι
1006 4351 1194 4421 ἱερέως
1221 4351 1414 4423 στολὴν
1444 4353 1739 4423 περιϐαλέ-

127 4449 330 4503 σθαι·
366 4445 500 4519 ἀλλά
534 4445 664 4515 περὶ
690 4442 879 4496 τούτου
920 4443 1035 4495 τισὶ
1073 4442 1172 4514 μὲν
1199 4443 1429 4514 ἐρρήθη,
1455 4444 1533 4507 ὡς
1588 4446 1741 4498 ἔπει-

1914 4266 2129 4322 Dictum
2184 4278 2268 4324 est
2308 4268 2565 4326 Davidem
2594 4268 2783 4341 Ephod
2828 4272 3074 4329 induisse
3103 4277 3251 4344 quod
3287 4277 3417 4333 huic

1844 4366 2030 4428 utpote
2049 4360 2259 4431 integra
2292 4361 2401 4415 vita
2431 4377 2541 4416 non
2594 4364 2807 4417 licebat.
2846 4362 2961 4420 Hac
2985 4365 3054 4421 de
3086 4382 3146 4421 re
3182 4367 3275 4422 alii
3311 4369 3418 4424 alia

1843 4460 2195 4505 censuerunt.
2217 4449 2472 4506 Samuele
2512 4452 2721 4508 scilicet
2748 4465 2986 4519 mortuo,
3026 4454 3259 4526 ejusque
3288 4458 3416 4514 filiis

117 4541 223 4609 δὴ
260 4537 514 4608 Σαμουὴλ
540 4536 641 4605 μὲν
672 4534 908 4598 ἐπεϐίω,
940 4536 989 4587 οι
1014 4535 1072 4588 6‘s
1106 4537 1297 4589 τούτου
1326 4536 1512 4599 παῖδες
1539 4536 1736 4605 ὲξητά-
1768 4536 1776 4590 l

1842 4542 1897 4596 in
1924 4541 2134 4595 crimen
2157 4542 2398 4607 vocatis,
2431 4552 2493 4596 ut
2538 4552 2816 4612 oporteret
2842 4546 3181 4600 sacerdotem
3228 4562 3413 4602 arcam

118 4635 324 4697 ζοντο
352 4630 410 4682 ἐν
430 4628 651 4692 αίτίαις,
678 4627 785 4681 εδει
805 4627 864 4679 δὲ
895 4627 1045 4697 ίερὲα
1077 4625 1177 4695 τῆς
1208 4625 1443 4680 κιϐωτοῦ
1471 4626 1567 4680 τοῦ
1600 4626 1735 4679 Θεοῦ

113 4719 632 4791 προπορεύεσθαι,
664 4720 758 4773 καὶ
788 4720 889 4773 οὐκ
908 4715 979 4788 ἦν
1007 4720 1037 4771 ό
1064 4720 1164 4786 τὴν
1193 4718 1498 4789 ὑπηρεσίαν
1532 4719 1738 4789 ταύτης

115 4812 494 4886 ἦξιωίιένοςν
513 4810 575 4875 ἒξ
605 4811 849 4881 ἀνάγκης
879 4811 907 4862 ὅ
933 4810 1181 4880 βασιλεὺς
1206 4809 1305 4879 τὴν
1330 4810 1587 4879 τοιαύτην
1607 4812 1742 4863 ἀνας-

108 4909 383 4976 δέχεται
447 4903 809 4973 λειτουργίαν,
864 4903 961 4957 άτε
1004 4901 1070 4970 δὴ
1120 4902 1215 4955 καί⁵
1274 4902 1383 4953 τῶν
1426 4900 1739 4969 ἀλλοφύλων

104 5002 268 5069 τὴν
328 4995 560 5050 κιϐωτὸν
620 4995 780 5054 αὐτὸς
834 4992 1178 5061 ἀνενεγκών·
1209 4993 1291 5046 διὸ
1342 4992 1437 5046 καὶ
1490 4994 1741 5063 χρησμὸν

109 5094 351 5151 ἀνεῖλε
376 5090 438 5142 τὸ
466 5088 629 5156 εφοὺδ
654 5088 813 5156 νίκην
854 5088 1324 5157 ἐπαγγελλόμενον
1352 5087 1429 5157 τῷ
1467 5088 1685 5158 Ἰσραήλ
1720 5102 1735 5117 ο

108 5186 264 5243 καὶ
307 5183 406 5253 τὴν
452 5182 610 5251 νίκην
637 5182 666 5233 ὁ
693 5180 855 5234 Δαυῒδ
890 5180 1178 5250 ἀνατίθησι
1214 5179 1293 5249 τῷ
1334 5179 1453 5249 Θεῴ
1488 5194 1504 5209 ⁶
1540 5180 1655 5248 ἅμα
1682 5180 1740 5233 δὲ

97 5277 279 5335 οὐδ’
304 5273 661 5344 ἀτιμάζοντος
718 5269 787 5343 ἦν
832 5271 993 5325 τοῦτο
1038 5273 1139 5343 τὴν
1192 5272 1471 5342 ίερατικὴν
1526 5271 1740 5337 στολὴν,

98 5366 309 5429 ἀλλά
338 5364 707 5437 σεϐαζομὲνου
735 5365 827 5418 καὶ
857 5365 955 5435 τῆς
978 5364 1060 5417 ὅτι
1085 5364 1505 5435 μάλιστα-τιμῆς
1530 5363 1743 5427 ἀξιοῦν-

102 5474 299 5522 τος*
335 5456 547 5509 ἐδείκνυ
576 5458 686 5525 γὰρ
704 5456 772 5511 δι’
804 5449 880 5511 ὧν
903 5457 984 5518 είς
1005 5456 1221 5525 ἐκείνην
1247 5456 1609 5523 κατέφευγεν,
1641 5456 1741 5523 ὅση

94 5554 433 5623 ὠφείλετο
457 5556 569 5616 τοῖς
592 5554 668 5616 ὡς
693 5552 910 5622 ἀληθῶς
934 5538 1169 5621 ἱερεῦσιν
1195 5553 1228 5621 ἠ
1258 5553 1391 5622 τιμή
1413 5570 1429 5584 ·
1450 5544 1524 5604 ὧν
1553 5552 1587 5621 ὴ
1622 5567 1742 5604 στος

94 5653 231 5721 λὴ
267 5647 348 5717 τῷ
384 5646 589 5716 βασιλεῖ
633 5646 790 5712 δόξαν
834 5663 891 5698 τε
920 5647 1011 5698 καὶ
1040 5646 1196 5712 νίκην
1227 5646 1321 5699 καὶ
1346 5644 1615 5712 τοσαύτην
1642 5645 1742 5713 χά-

98 5758 262 5821 ριν
322 5738 591 5809 προξενεῖ.
640 5739 778 5792 Ἀλλ’
815 5738 960 5792 οὕτω
991 5739 1090 5807 μὲν
1132 5738 1265 5793 ἔνιοί
1295 5754 1459 5806 φασιν
1491 5753 1504 5767 ο
1537 5736 1744 5804 ἑτέροις

88 5842 205 5897 δε
252 5832 406 5885 δοκεῖ
436 5832 509 5902 μὴ
536 5831 601 5885 ἄν
624 5848 753 5885 ποτε
784 5831 1195 5901 κατατολμῆσαι
1216 5830 1308 5884 τὸν
1334 5828 1555 5900 βασιλέα
1581 5827 1744 5881 Δαυϊδ

1839 4632 1933 4687 Dei
1956 4633 2287 4703 pmcedere,
2311 4648 2378 4689 ac
2394 4649 2555 4691 nemo
2574 4636 2706 4689 tanti
2719 4647 2861 4691 esset
2878 4638 3166 4693 ministerii
3189 4631 3410 4709 dignus,

1837 4739 1902 4778 ex
1928 4726 2259 4781 necessitate
2298 4740 2487 4795 regem
2508 4727 2611 4781 hoc
2641 4726 2823 4781 officio
2854 4727 3107 4783 functum
3142 4744 3287 4795 esse,
3315 4732 3411 4797 qui

1838 4817 1908 4870 ab
1940 4817 2133 4872 alienis
2194 4819 2451 4889 gentibus
2507 4835 2687 4874 arcam
2726 4820 2845 4889 ipse
2893 4820 3176 4875 retulerat.
3229 4822 3413 4887 Quare

1840 4906 2030 4977 Ephod
2085 4910 2231 4980 quod
2273 4910 2409 4965 filiis
2454 4911 2621 4966 Israel
2654 4911 2945 4966 victoriam
2972 4914 3266 4968 nuntiabat
3322 4916 3413 4968 in-

1838 5000 1956 5055 duit
1984 5017 1999 5066 ;
2027 5002 2197 5056 David
2226 5003 2393 5073 igitur
2429 5003 2715 5058 victoriam
2745 5004 2812 5058 ad
2850 5003 3021 5059 Deum
3050 5006 3220 5059 refert
3247 5023 3263 5072 ;
3300 5021 3410 5060 non

1842 5102 2023 5146 autem
2050 5093 2154 5149 hoc
2181 5105 2301 5149 erat
2328 5096 2525 5150 stolam
2560 5097 2961 5151 contemnentis
2994 5097 3410 5161 sacerdotalem,

1844 5182 1935 5235 sed
1978 5186 2293 5239 venerantis
2357 5194 2411 5239 et
2464 5200 2585 5239 eam
2627 5200 2792 5253 quam
2856 5186 3081 5241 maximi
3132 5187 3409 5241 facientis.

1842 5273 2079 5344 Apparet
2104 5278 2249 5330 enim
2276 5293 2341 5331 ex
2364 5277 2432 5332 iis
2452 5279 2545 5348 qui
2578 5279 2644 5334 ad
2664 5279 2806 5334 hanc
2829 5280 3023 5334 stolam
3049 5278 3414 5347 confugerunt

1842 5376 2081 5435 quantus
2120 5368 2410 5423 deberetur
2441 5386 2565 5424 vere
2613 5370 2991 5426 sacerdotibus
3038 5372 3237 5434 honor,
3272 5384 3414 5438 quo-

1845 5475 1965 5513 rum
2006 5461 2145 5516 stola
2173 5464 2282 5531 regi
2318 5462 2546 5531 gloriam
2578 5473 2633 5517 et
2662 5464 2941 5518 victoriam
2980 5476 3035 5519 et
3056 5473 3262 5517 tantam
3285 5477 3412 5529 gra-

1844 5552 1973 5606 tiam
2002 5554 2398 5623 suppeditabat.
2427 5556 2550 5609 l'lazc
2574 5571 2605 5609 a
2626 5556 2949 5625 quihusdam
2987 5556 3261 5619 dicuntur,
3288 5555 3411 5610 aliis

1844 5654 2025 5699 autem
2049 5647 2223 5714 placet
2249 5662 2528 5715 nunquam
2562 5664 2755 5703 ausum
2808 5648 2979 5703 fuisse
3014 5664 3196 5719 regem
3238 5646 3410 5700 David

1846 5737 2236 5792 sacerdotalem
2264 5740 2458 5793 stolam
2490 5739 2736 5801 induere.
2768 5739 2861 5795 scd
2912 5740 3085 5794 fuisse
3116 5740 3410 5805 quamdam

1845 5830 2120 5900 propriam
2158 5830 2378 5899 regibus
2420 5840 2644 5898 vestem,
2686 5832 2773 5887 cui
2844 5831 3203 5886 sacerdotalis
3257 5830 3411 5885 stola:
