4156 6438
736 386 870 452 1127

1879 384 2143 447 ΡΗΟΤΙῙ
2174 385 2682 451 ΡΛΤΗΙΛΒΕΗᾸΞ
2721 392 2830 452 CP.

3845 396 3987 460 1128

725 520 1023 579 cognomen
1049 512 1190 570 erat,
1209 516 1441 573 eamque
1503 500 1597 556 illo
1631 508 1876 571 tempore
1908 516 1938 554 a
1978 515 2106 570 rege
2137 499 2306 554 David

2419 504 2695 575 ἱερατικὴν
2734 510 2928 578 στολὴν
2978 513 3326 581 περιϐαλεῖν,
3351 514 3467 567 ἀλλ’
3513 510 3654 569 εἶναί
3685 531 3764 577 τι,
3797 513 3986 583 φασὶν.

729 599 980 654 indutam
1011 596 1204 652 fuisse.

2406 593 2940 669 ἀποκεκληρωμένον
2971 606 3086 666 τοῖς
3120 603 3433 672 βασιλεῦσιν
3469 604 3796 674 ἀμφίασμα,
3828 602 3863 656 ὃ
3894 605 3990 655 καὶ

725 700 860 755 αιδτδ
883 700 1039 768 ἔφερε
1065 697 1166 767 τὴν
1192 693 1492 763 ὀνομασίαν
1519 693 1618 762 τῆς
1656 689 1940 762 ἱερατικῆς
1970 686 2299 756 στολῆς,καὶ
2335 687 2496 744 τοῦτο
2557 697 2682 748 κατ’
2708 699 2887 752 ἐκεῖνο
2944 700 3139 770 καιροῦ
3175 701 3608 773 περιόεσλῆσθαι
3633 701 3732 754 τὸν
3763 699 3993 772 βασιλέα

725 791 1204 953 Δαυῖῖᾷωεετιο
1234 878 1486 937 ccxmv
1555 874 1747 947 ιοοεει·
1783 873 1945 928 Τ⁰²⁴¹”
1995 869 2157 942 Cm

1025 975 1166 1041 Quid
1192 974 1390 1044 faceret
1415 971 1590 1024 Adam
1617 971 1674 1022 in
1709 969 1965 1037 paradiso
1997 970 2022 1021 ἓν

2944 874 3276 929 sparum}:
3303 877 3458 944 2w.

2631 962 2693 1014 Τί
2725 962 3019 1031 ἔπραττεν
3050 965 3234 1035 Ἀδὰμ
3276 966 3349 1020 ἐν
3389 967 3783 1036 παραδείσῳς

1205 1086 1352 1138 Edita
1379 1101 1406 1136 a
1439 1085 1563 1135 Maio
1585 1085 1642 1149 (ι.
1675 1099 1718 1135 c.
1753 1099 1802 1147 p-
1836 1084 1948 1144 “9,
1971 1098 2024 1146 q.
2049 1081 2182 1142 504).
2209 1105 2265 1117 -
2287 1079 2320 1139 0

2447 1079 2599 1130 Adam
2631 1085 2680 1132 in
2710 1084 2936 1146 paradiso
2964 1085 3158 1136 fecerit.
3182 1086 3306 1137 Cen.
3335 1101 3389 1148 ιι,
3419 1088 3496 1138 15.

801 1205 859 1260 Ιιι
922 1201 1178 1274 paradiso
1223 1200 1526 1254 collocatus
1581 1197 1778 1262 Adam,
1841 1211 2019 1266 neque
2067 1195 2302 1266 otiosam

732 1311 910 1368 neque
936 1297 1162 1350 inertem
1211 1293 1376 1347 vitam
1412 1293 1626 1362 agebat,
1662 1291 1756 1346 sed
1789 1288 1981 1344 virtuti
2017 1286 2302 1341 incumbe-

732 1391 845 1452 bat,
869 1395 923 1442 et
948 1386 1016 1441 ad
1039 1388 1258 1440 virtutis
1282 1399 1444 1454 opera
1479 1398 1601 1438 sese
1631 1382 1938 1438 exercebat.
1999 1380 2304 1447 Quoniam-

734 1499 843 1554 que
874 1480 1090 1535 virtutis
1132 1486 1340 1540 custos,
1366 1484 1422 1529 et
1453 1474 1698 1529 omnium
1753 1488 1935 1527 rerum
1979 1472 2144 1538 hujus
2199 1469 2304 1524 loci

735 1574 1069 1629 constitutus
1091 1577 1229 1634 erat,
1261 1583 1292 1622 e
1325 1566 1583 1636 paradiso
1613 1565 1668 1619 in
1687 1565 1943 1619 exsilium
1967 1565 2172 1634 eiectus
2199 1571 2302 1617 cst.

734 1667 792 1721 1ιι
821 1665 999 1722 medio
1043 1662 1296 1733 paradiso
1325 1669 1444 1714 erat
1483 1659 1668 1713 arbor.
1703 1657 1817 1723 Qua
1853 1660 1920 1711 de
1974 1671 2139 1711 causa
2195 1664 2315 1710 erat

733 1760 861 1817 vitae
889 1754 1094 1811 arbor?
1125 1754 1223 1807 Est
1253 1752 1377 1806 huic
1401 1751 1584 1805 arbori
1618 1766 1740 1803 cum
1771 1749 1933 1803 corde
1956 1750 2203 1818 quaedam
2237 1748 2312 1802 si-

733 1846 1029 1911 militudo;
1078 1844 1279 1898 etenim
1314 1850 1375 1895 ut
1424 1855 1520 1895 cor
1551 1840 1792 1894 medium
1832 1840 1887 1893 in
1936 1853 2164 1907 corpore
2191 1837 2311 1891 ani-

735 1937 866 1992 mali
894 1933 1269 1998 constituitur,
1304 1931 1384 1985 sic
1416 1929 1506 1982 illa
1546 1930 1670 1984 vita:
1700 1929 1870 1983 arbor
1907 1929 1963 1982 in
1992 1928 2170 1982 medio
2214 1943 2311 1995 pa-

736 2032 904 2089 radisi
933 2029 1211 2085 crescebat
1237 2043 1254 2094 ;
1290 2026 1398 2090 vel,
1422 2025 1465 2081 si
1493 2025 1592 2079 tibi
1617 2025 1791 2094 placet
1823 2025 2085 2096 mysticus
2107 2037 2308 2086 sermo,

735 2139 954 2180 summa
1018 2124 1196 2177 virtus
1251 2119 1759 2180 rationaliarbore
1825 2118 2080 2188 ﬁgurata,
2151 2115 2312 2185 quasi

736 2217 941 2279 media,
965 2227 1182 2270 ευιιιιιο
1229 2227 1260 2267 e
1292 2219 1476 2265 monte
1507 2212 1562 2264 in
1597 2225 1817 2264 omnem
1846 2211 2013 2264 vitam
2067 2208 2309 2278 proﬂuit.

740 2306 924 2378 thue
949 2307 1058 2360 vita
1119 2302 1354 2358 medioe
1387 2316 1620 2371 corpore
1691 2300 1914 2365 diﬁ‘usa,
1955 2314 2145 2354 omnes
2194 2297 2314 2352 ani-

739 2401 903 2456 malis
936 2407 1119 2470 partes
1141 2399 1294 2450 vivas
1324 2403 1380 2449 et
1408 2393 1782 2448 coalescentes
1812 2400 1982 2455 tenet,
2023 2392 2104 2446 sic
2135 2391 2227 2445 illa
2247 2406 2316 2445 ex

740 2493 925 2549 medio
973 2490 1140 2546 veluti
1172 2487 1326 2542 fonte
1364 2486 1589 2551 emissa,
1619 2500 1811 2541 omnes
1855 2486 2087 2539 virtutes
2123 2484 2314 2554 irrigat

740 2597 797 2640 et
818 2583 1012 2639 nutrit.
1026 2581 1204 2651 Prope
1235 2579 1587 2649 intelligerem
1624 2579 1875 2633 arborem
1896 2578 2020 2632 vitae
2046 2578 2098 2632 in
2141 2577 2317 2630 medio

739 2677 994 2748 paradiso
1019 2675 1274 2745 positam,
1306 2673 1436 2742 quia
1463 2670 1738 2736 Christus,
1772 2672 1878 2726 vita
1908 2683 2118 2738 nostra,
2141 2673 2317 2728 media

743 2769 803 2821 in
837 2776 982 2821 terra
1019 2763 1168 2819 cruci
1200 2778 1299 2833 pro
1324 2762 1486 2816 nobis
1541 2761 1736 2816 aﬁixus
1787 2773 1894 2820 est.
1919 2762 2168 2834 Namque
2192 2768 2319 2820 huic

743 2859 894 2930 ligno
917 2856 1063 2926 quod
1111 2855 1350 2910 medium
1388 2855 1444 2907 in
1478 2855 1637 2908 terris
1662 2864 1800 2921 erat,
1855 2856 2002 2911 haud
2047 2858 2319 2914 absimilis

743 2965 882 3005 crux
917 2949 1140 3005 dicitur.
1159 2948 1234 3001 De
1257 2947 1450 3000 arbore
1485 2946 1727 3001 scientiae
1759 2947 1886 3002 boni
1916 2959 1970 3002 et
1992 2950 2122 3004 mali
2154 2952 2321 3007 verba

746 3043 967 3114 quidem
991 3040 1134 3096 facta
1184 3047 1335 3105 sunt,
1363 3038 1549 3092 nullus
1581 3047 1762 3092 autem
1813 3039 1966 3096 locus
2011 3043 2320 3113 assignatus

747 3144 854 3190 est.
881 3133 1001 3201 Qua
1022 3135 1087 3188 de
1113 3131 1325 3186 causa?
1353 3130 1492 3197 Quia
1545 3131 1750 3185 malitia
1779 3132 1959 3186 locum
1994 3149 2099 3188 non
2135 3136 2316 3201 habet,

747 3227 844 3284 sed
865 3227 1054 3282 virtuti
1086 3223 1476 3294 propemodun‘i
1505 3222 1777 3289 cohaeret;
1819 3224 2016 3278 melius
2059 3240 2188 3281 vero
2215 3232 2323 3282 erit

749 3321 819 3375 de
849 3319 936 3373 his
961 3327 1151 3388 postea
1186 3315 1490 3384 disputare.

2490 1194 2578 1248 Ἐν
2608 1195 2664 1248 δὲ
2710 1197 2788 1267 τῷ
2815 1198 3131 1270 παραδείσῳ
3161 1201 3339 1264 τεθεὶς
3376 1201 3404 1251 ὁ
3447 1200 3620 1269 Ἀδὰμ
3670 1200 3777 1254 οὐκ
3826 1201 3992 1270 ἀργὸν

2407 1286 2527 1340 οὐδὲ
2576 1287 2861 1359 ἄπρακτον
2915 1291 3258 1346 ἐπολιτεύετο
3316 1293 3452 1362 βίον,
3486 1294 3604 1346 ἀλλ’
3637 1293 3850 1362 ἀρετῆς
3903 1293 3994 1362 μὲν

2408 1379 2749 1448 ἐπεμελεῖτο,
2773 1384 2885 1443 τοῖς
2929 1382 2985 1434 δὲ
3011 1386 3133 1435 κατ’
3160 1385 3333 1453 αὐτὴν
3382 1384 3564 1456 ἔργοις
3599 1383 3953 1454 ὲνησχολεῖτο
3976 1399 3990 1410 ⁶

2408 1469 2491 1521 διὸ
2529 1473 2623 1522 καί
2653 1472 2818 1542 ἡνίκα
2855 1473 2949 1526 τοῦ
2995 1474 3168 1542 φύλαξ
3208 1471 3348 1528 εἶναι
3381 1479 3483 1546 τῆς
3529 1477 3735 1544 ἀρετῆς
3768 1477 3869 1526 και⁵
3892 1474 3996 1525 τῶν

2409 1561 2709 1631 δεδομένων
2759 1565 2975 1636 ἐξέστη,
3013 1569 3108 1620 τοῦ
3159 1569 3494 1639 παραδείσου
3552 1569 3654 1639 τὴν
3693 1568 3998 1638 ὑπερορίαν

2410 1655 2773 1728 κατεδικάσθη
2797 1673 2810 1687 ο
2847 1659 3010 1728 μέσον
3041 1659 3098 1711 δὲ
3158 1660 3255 1712 τοῦ
3294 1660 3629 1729 παραδείσου
3669 1660 3735 1712 τὺ
3791 1660 3950 1724 ξύλον
3979 1677 3993 1689 ·

2410 1747 2547 1799 διότι
2571 1748 2715 1819 ζωῆς
2759 1744 2829 1820 ἦν
2879 1750 3037 1815 ξύλον
3075 1768 3089 1781 ⁸
3122 1753 3218 1804 καὶ
3271 1752 3569 1820 ἀναλογίαν
3622 1753 3750 1806 τινὰ
3809 1753 3998 1822 ἐπέχει

2414 1841 2551 1906 πρὸς
2579 1843 2676 1910 τὴν
2703 1843 2929 1912 καρδίαν
2948 1861 2963 1876 ο
3004 1844 3196 1916 ὥσπερ
3227 1845 3320 1899 οῦν
3350 1846 3490 1918 αὕτη
3519 1849 3578 1900 ὲν
3612 1848 3772 1916 μέσῳ
3804 1847 3886 1916 τῷ
3908 1847 3998 1898 τοῦ

2418 1933 2560 1996 ζώου
2621 1935 3028 2006 καταϐέϐληται
3085 1937 3334 2008 σώματι,
3361 1937 3506 1991 οὕτω
3560 1939 3793 1992 κάκεῖνο
3858 1938 4002 2006 ζωῆς

2416 2026 2684 2096 ὑπάρχον,
2729 2027 2886 2092 ξύλον
2915 2028 3081 2099 μέσον
3113 2031 3454 2096 έπεφύτευτο
3497 2030 3594 2084 τοῦ
3624 2031 3964 2101 παραδείσου
3983 2048 3997 2060 ·

2414 2121 2462 2172 εί
2495 2119 2553 2173 δέ
2605 2137 2690 2172 σοι
2745 2120 2902 2189 φίλον
2936 2121 3031 2174 καὶ
3054 2123 3083 2175 ὀ
3111 2123 3456 2192 ἁναγωγικὺς
3485 2123 3671 2192 λόγος,
3695 2125 3732 2194 ἡ
3770 2140 4000 2192 γενικω-

2412 2214 2571 2283 τάτη,
2614 2217 2798 2282 φασιν,
2828 2215 2999 2287 ἀρετὴ
3032 2216 3091 2269 ὲν
3113 2215 3190 2284 τῷ
3217 2215 3422 2287 λογικῷ
3459 2217 3822 2287 Θεωρουμένη
3857 2216 4000 2284 ζὼῳ,

2414 2309 2603 2378 ὥσπερ
2632 2309 2741 2362 ἀπὸ
2775 2309 2949 2379 μέσης
2980 2309 3130 2372 τινὸς
3174 2309 3487 2380 ἀκρωρείας
3521 2309 3618 2362 ἐπὶ
3667 2311 3863 2361 πᾶσαν
3891 2308 4004 2361 δια-

2416 2403 2590 2471 χεῖται
2637 2400 2838 2471 πρᾶξιν
2867 2417 2880 2432 ·
2919 2402 3011 2454 καὶ
3045 2400 3167 2455 καθ’
3200 2400 3260 2454 ὃν
3285 2402 3488 2472 τρόπον
3519 2403 3555 2472 η
3585 2400 3702 2470 ζωὴ
3735 2403 3805 2455 ἐκ
3838 2402 4006 2472 μέσον

2417 2493 2561 2554 τινὸς
2588 2491 2788 2562 χωρίου
2819 2492 3187 2562 προχεομένη,
3218 2494 3396 2547 πάντα
3427 2493 3496 2545 τὰ
3537 2491 3634 2545 τοῦ
3668 2491 3818 2556 ζὼου
3866 2493 4006 2562 μέρη

2419 2584 2675 2651 ζωογονεῖ
2720 2598 2782 2635 τε
2834 2582 2931 2636 καὶ
2961 2582 3197 2653 συνέχει,
3233 2581 3376 2634 οὕτω
3407 2583 3503 2636 καὶ
3532 2581 3674 2652 αῦτη
3718 2583 3790 2635 ὲκ
3838 2583 4007 2652 μέσης

2417 2674 2563 2738 τινδς
2599 2675 2762 2727 οἱονεὶ
2794 2674 2977 2745 πηγῆς
3031 2673 3298 2743 προῖοῦσα
3350 2672 3504 2741 ἄρδει
3527 2690 3586 2726 τε
3616 2674 3711 2727 καὶ
3749 2674 4008 2743 ἐκτρέφει

2420 2769 2515 2821 καὶ
2561 2768 2662 2830 τὰς
2695 2766 3108 2836 ὑποϐεϐηκυίας
3135 2767 3272 2837 αὐτῇ
3317 2765 3512 2829 λοιπὰς
3544 2765 3778 2836 ἀρετάς.
3815 2766 4009 2834 Ἔγγυς

2420 2861 2467 2914 δ’
2495 2859 2561 2913 ἄν
2604 2862 2690 2929 εἴη
2735 2857 2990 2922 διανοεῖν,
3030 2859 3194 2924 μέσον
3228 2857 3482 2928 εἰρῆσθαι
3523 2857 3620 2911 τοῦ
3666 2859 4008 2928 παραδείσω

2422 2954 2482 3006 τὺ
2513 2953 2612 3023 τῆς
2655 2951 2800 3021 ζωῆς
2847 2949 3219 3020 πεφυτεῦσθαι
3265 2950 3444 3017 ξύλον,
3471 2950 3555 3003 ὅτι
3582 2951 3680 3002 καὶ
3709 2951 3951 3021 Χριστὸς
3972 2952 4006 3020 ἡ

2424 3044 2537 3112 ζωὴ
2585 3041 2743 3111 ἡμῶν
2769 3042 2829 3094 ἑν
2861 3042 3012 3110 μέσῳ
3040 3040 3138 3109 τῆς
3168 3043 3271 3111 γῆς
3289 3039 3383 3093 τὸν
3411 3040 3554 3110 ὑπὲρ
3575 3040 3742 3111 ἡμῶν
3791 3040 4011 3106 ἑδέξατο

2427 3136 2660 3206 σταυρόν
2687 3150 2700 3162 ·
2741 3134 2834 3188 καὶ
2885 3133 2995 3203 γὰρ
3026 3133 3107 3195 είς
3143 3133 3207 3186 τὸ
3246 3132 3574 3202 μεσαίτατον
3602 3133 3747 3202 φασὶ
3777 3133 3882 3203 τῆς
3909 3135 4010 3202 γῆς

2427 3228 2489 3280 τὸ
2511 3225 2796 3298 ζωηφὸρον
2825 3223 3002 3290 ξύλον,
3031 3225 3125 3277 τὸν
3158 3223 3393 3295 σταυρὸν
3417 3225 3666 3296 παγῆναι
3699 3239 3714 3254 ’
3742 3225 3811 3278 τὸ
3839 3225 3899 3278 δὲ
3920 3224 4010 3288 ξύ-

2346 3323 2392 3382 C
2423 3322 2514 3374 λον
2561 3317 2655 3371 τοῦ
2693 3314 2984 3385 γινώσκειν
3016 3315 3183 3369 καλὸν
3221 3317 3316 3370 καὶ
3347 3315 3585 3388 πονηρὸν
3627 3315 3862 3388 εἴρηται
3895 3317 4007 3386 μέν,

749 3411 924 3475 οὐδεὶς
951 3411 1009 3465 δὶ
1056 3409 1236 3480 χῶρος
1283 3407 1432 3476 αὑτῷ
1472 3407 1843 3463 ἀποτέτακται
1869 3425 1886 3441 ο
1917 3411 2060 3466 διατί
2087 3414 2256 3479 ςδιότι
2290 3422 2324 3493 ἡ
2363 3419 2533 3476 κακία
2561 3414 2746 3486 χῶραν
2803 3412 2907 3466 οὐκ
2940 3410 3077 3481 εχει,
3137 3410 3277 3465 ἀλλά
3323 3413 3394 3483 τῇ
3434 3412 3601 3483 ἀρετῇ
3661 3411 4014 3483 παρυφίσταρ

749 3519 867 3560 ται.
898 3502 1121 3573 ἄμεινον
1171 3497 1231 3551 δὲ
1276 3499 1417 3569 μετά
1465 3497 1637 3553 ταῦτα
1683 3501 1812 3570 περὶ
1848 3501 2040 3558 τούτου
2086 3507 2432 3581 διαληπτέον.

920 3608 1257 3682 ΩῸΕΞΤΙΟ
1299 3609 1530 3666 CCXCV
1554 3609 1744 3682 [CoisL
1777 3612 1944 3669 Taur.
1986 3615 2170 3692 CVII].

995 3705 1106 3762 Cur
1137 3705 1232 3759 sub
1259 3718 1466 3774 vespere
1490 3704 1859 3760 immolaretur
1879 3725 2048 3779 agnus
2064 3712 2091 3765 2

2945 3619 3281 3675 ΕΡΩΤΗΣΙΣ
3337 3618 3499 3685 Σιιεν.

2593 3712 2755 3768 Atat!
2803 3711 2954 3782 πρὸς
3001 3711 3269 3780 ἑσπέραν
3312 3711 3520 3766 ἐθύετο
3543 3713 3579 3766 ό
3606 3712 3812 3781 ἀρνός
3833 3729 3859 3776 ;

1015 3817 1160 3871 Edita
1189 3831 1218 3867 a
1247 3817 1372 3868 lato
1405 3817 1465 3881 (l.
1497 3830 1542 3867 c.
1573 3831 1625 3881 p.
1653 3818 1834 3884 N9,q.
1867 3822 2000 3884 505).
2033 3851 2095 3863 —
2127 3826 2202 3878 De
2233 3831 2470 3882 sacriﬁcio
2501 3831 2614 3894 agni
2646 3828 2953 3891 vespertino.
2980 3825 3135 3876 Exod.
3166 3841 3216 3884 ιι,
3241 3823 3291 3886 6;
3323 3824 3534 3876 Denter.
3566 3839 3668 3885 xu,
3695 3825 3748 3875 6.

826 3915 942 3972 Sub
969 3928 1196 3985 vespere
1224 3912 1611 3967 immolabatur
1637 3928 1833 3985 agnus,
1857 3915 1986 3986 quia
2008 3915 2179 3988 ﬁgura
2205 3931 2328 3977 erat

753 4009 867 4065 veri
898 4006 1024 4076 agni
1080 4005 1427 4076 pastorisque
1456 4003 1660 4060 Christi
1710 4006 1906 4061 nostri.
1938 4007 2022 4061 Ad
2063 4024 2324 4067 occasum

755 4101 862 4157 diei
896 4099 1124 4155 Creator
1149 4105 1335 4152 noster
1359 4110 1460 4167 pro
1506 4096 1665 4152 nobis
1688 4097 2049 4153 voluntariam
2093 4111 2325 4158 mortem

754 4192 914 4246 obiit.
962 4189 1348 4257 Praescriptum
1401 4196 1522 4244 erat
1568 4190 1902 4246 sacriﬁcium
1937 4191 2150 4257 oﬁ‘erri,
2196 4195 2324 4250 luna

759 4285 978 4356 plenam
1009 4283 1207 4352 [lucem
1249 4281 1508 4336 habente.
1569 4281 1708 4337 Cum
1739 4292 1921 4338 autem
1955 4282 2205 4341 Salvator
2231 4302 2325 4358 ge-

752 4375 903 4430 neris
933 4373 1109 4427 nostri
1136 4387 1246 4426 non
1279 4372 1456 4427 solum
1485 4373 1650 4427 homo
1679 4374 2002 4443 appelletur,
2031 4378 2126 4431 sed
2156 4375 2322 4444 Deus,

753 4464 967 4521 lunaris
988 4464 1206 4535 quidem
1236 4465 1330 4517 lux
1359 4463 1531 4534 ﬁgura
1567 4463 1891 4531 divinitatis,
1923 4467 2117 4522 lunare
2143 4479 2324 4524 autem

752 4571 954 4628 corpus
980 4556 1226 4626 corporis
1257 4554 1822 4626 assumpti.Przeterea
1844 4566 1903 4611 ιιι
1927 4557 2057 4612 luna
2079 4560 2324 4628 quaties-

751 4661 972 4718 cunque
1002 4648 1265 4717 integram
1289 4645 1466 4700 lucem
1508 4645 1701 4715 adepta
1721 4654 1829 4712 est,
1852 4648 2109 4704 universo
2126 4649 2329 4706 mundo

751 4741 863 4794 dux
891 4747 1109 4811 praeest,
1139 4739 1440 4807 eodemque
1470 4741 1632 4793 modo
1651 4737 1905 4795 Salvator
1940 4751 2145 4808 noster,
2181 4743 2329 4799 obita

2503 3920 2649 3991 Πρὸς
2676 3918 2918 3988 ἑσπέραν
2939 3917 2996 3970 δὲ
3021 3915 3212 3969 ἐθύετο
3239 3915 3268 3966 ὁ
3299 3914 3492 3985 ἀμνὸς,
3523 3915 3608 3969 ὅτι
3654 3915 3838 3969 τύπον
3882 3933 4015 3987 προ-

2429 4011 2696 4081 διέγραφε
2717 4007 2816 4062 τοῦ
2844 4004 3101 4079 ἀληθινοῦ
3133 4004 3308 4076 ἀμνοῦ
3357 4005 3454 4058 καὶ⁵
3482 4004 3740 4075 ποιμένος
3770 4006 4014 4077 Χριστοῦ

2429 4102 2524 4156 τοῦ
2549 4100 2682 4154 Θεοῦ
2711 4098 2867 4171 ἡμῶν
2904 4114 2920 4130 ’
2950 4097 3042 4150 ἐπὶ
3081 4096 3314 4166 δυσμαῖς
3346 4096 3453 4167 γὰρ
3478 4095 3586 4148 τῶν
3613 4095 3836 4149 αίὼνων
3857 4098 3959 4150 καὶ
3987 4099 4012 4148 6

2433 4193 2678 4263 πλάστης
2723 4191 2816 4246 τδν
2854 4190 2994 4259 ὑπὲρ
3020 4186 3180 4260 ἡμῶν
3206 4188 3454 4241 ἑκούσιον
3495 4186 3703 4256 ὑπέστη
3732 4185 4012 4240 Θάνατον·

2434 4283 2781 4358 πλησιφαοῦς
2803 4283 2861 4336 δὲ
2894 4283 2991 4351 τῆς
3025 4281 3258 4352 σελήνης
3284 4279 3452 4351 οὔσης
3481 4281 3793 4351 προσήγετο
3823 4281 3888 4332 τὸ
3919 4281 4012 4334 οὗ-

2434 4396 2511 4450 μα
2531 4395 2546 4410 '
2585 4377 2709 4431 ἐπεὶ
2738 4376 2832 4430 καὶ
2867 4376 2896 4428 δ
2925 4372 3016 4428 τοῦ
3043 4373 3234 4441 γένους
3263 4371 3421 4442 ἡμῶν
3447 4371 3635 4441 Σωτὴρ
3659 4372 3764 4425 οὐκ
3793 4372 4012 4442 ἄνθρω-

2428 4487 2530 4534 πος
2564 4469 2726 4541 μόνον
2773 4465 3170 4540 ἐχρημάτιζεν,
3195 4465 3334 4520 ἀλλά
3376 4466 3472 4519 καὶ⁵
3497 4464 3628 4528 Θεός
3652 4482 3669 4497 ’
3699 4465 3806 4519 καὶ
3844 4467 4013 4519 τύπον

2430 4565 2528 4634 μὲν
2584 4564 2688 4632 τῆς
2739 4559 3006 4629 Θεότητος
3036 4559 3194 4630 φέρει
3217 4557 3278 4612 τὸ
3335 4558 3473 4627 φῶς,
3495 4557 3635 4611 τὸδὲ
3681 4555 4014 4628 σεληνιακὺν

2427 4650 2588 4721 σῶμα
2607 4649 2708 4719 τῆς
2734 4648 3176 4720 προσληφθείσης
3207 4649 3405 4720 σαρκός
3431 4666 3445 4680 ·
3483 4648 3620 4718 πλὴν
3642 4648 3842 4718 ἐπειδὴ
3873 4651 4013 4702 κατὰ

2424 4747 2524 4817 τὴν
2549 4745 2948 4816 κοσμογένειαν
2978 4743 3262 4814 ὁλοκλήρῳ
3291 4743 3430 4812 φωτὶ
3461 4743 4010 4815 καταλαμπομένηὴ

752 4842 949 4897 morte,
977 4842 1172 4888 cuncta
1225 4831 1556 4887 recreaverit
1611 4847 1676 4888 ac
1708 4833 1982 4900 refecerit,
2036 4835 2182 4891 haud
2220 4837 2320 4891 im-

2430 4840 2625 4912 σελήνη
2665 4838 2937 4909 λαμὸἁνει
2967 4839 3069 4907 τὴν
3099 4837 3454 4907 προαγωγὴν,
3479 4840 3508 4891 ὀ
3534 4837 3590 4890 δὲ
3627 4835 3722 4889 τοῦ
3747 4839 4011 4908 Σωτῆρος

752 4923 948 4979 merito
981 4923 1107 4978 luna
1155 4931 1286 4979 tunc
1341 4923 1602 4992 temporis
1652 4923 1723 4979 ab
1778 4939 1844 4980 eo
1895 4924 1989 4995 qui
2049 4926 2323 4997 sapienter

751 5015 937 5070 omnia
959 5015 1121 5086 regit,
1154 5014 1420 5085 integram
1455 5013 1631 5070 lucem
1659 5014 1919 5072 exhibere
1945 5016 2099 5086 jussa
2129 5027 2232 5074 est.

931 5295 1262 5363 QUIESTIO
1290 5296 1538 5352 CCXCVI
1559 5298 1776 5370 [Coisl.,
1806 5299 1967 5355 Taur.
1989 5301 2149 5375 CIX].

751 5386 896 5457 Quid
922 5403 988 5443 ea:
1003 5387 1086 5442 his
1100 5389 1268 5445 verbis
1291 5388 1694 5458 intelligendum
1705 5409 1724 5441 ι
1736 5390 1940 5446 Portam
1956 5409 2140 5449 arcum
2155 5413 2327 5452 meum

1361 5459 1418 5512 in
1447 5459 1672 5514 nubibus
1689 5464 1714 5514 ξ)
1737 5480 1755 5512 ι

2430 4933 2568 5003 ὑπὲρ
2596 4930 2692 4984 τοῦ
2721 4932 2913 4998 γένους
2947 4929 3176 4993 θάνατος
3208 4931 3506 4985 ἁνανέωσίν
3529 4948 3589 4983 τε
3633 4931 3728 4984 καὶ
3775 4932 4011 4985 ἀνακαί-

2430 5042 2572 5078 νισιν
2603 5021 3056 5096 ἐπραγματεύετο
3077 5023 3173 5077 τοῦ
3208 5023 3409 5088 παντὸς
3432 5062 3450 5088 ,
3481 5023 3706 5086 εἰκότως
3730 5025 3771 5093 ή
3807 5025 4008 5094 σελήνη

2428 5118 2490 5171 τὺ
2513 5117 2628 5185 φῶς
2682 5117 2952 5187 ἀμείωτον
2992 5117 3118 5170 κατ’
3149 5117 3324 5169 έκεῖνο
3369 5117 3566 5187 καιροῦ
3597 5114 3878 5187 παρέχειν
3911 5118 4010 5173 ΰπδ

2427 5206 2523 5261 τοῦ
2556 5209 2735 5262 πάντα
2758 5205 2938 5275 σοφῶς
2957 5207 3371 5277 οίκονομοῦντος
3391 5204 3697 5277 ἀπετάχθη.

2941 5318 3276 5373 ΕΡΩἹἩΣΙΣ
3299 5317 3474 5386 Σιιςτ.

2431 5410 2491 5464 Τί
2524 5410 2677 5478 ἐστι,
2721 5429 2741 5463 ι
2777 5411 2954 5480 Θήσω
2993 5412 3060 5466 τὸ
3106 5410 3289 5476 τόξον
3315 5428 3436 5480 μου
3461 5411 3533 5465 ἐν
3557 5409 3633 5480 τῇ
3658 5414 3902 5482 νεφέλῃ
3929 5431 3949 5479 ;
3984 5433 4001 5464 ι

1456 5572 1598 5623 Edita
1630 5590 1656 5624 a
1691 5575 1814 5624 Μειίο
1836 5576 1894 5635 (Ι.
1919 5590 1962 5625 C.
1995 5591 2047 5640 p.
2081 5577 2188 5640 150,
2218 5595 2269 5644 q.
2302 5585 2435 5649 506).
2459 5613 2521 5626 —
2555 5592 2845 5654 Explanatio
2875 5595 2926 5643 in
2956 5593 3079 5644 Gen.
3115 5606 3184 5653 ix,
3209 5591 3286 5644 13.

825 5658 1026 5715 Arcum
1057 5658 1113 5714 in
1133 5658 1401 5723 nubibus,
1430 5661 1712 5730 gentilium
1729 5662 1822 5716 ﬁlii
1855 5664 2128 5732 quoddam
2158 5679 2320 5722 natu-

748 5751 864 5806 rale
898 5761 1091 5822 putant
1115 5767 1274 5822 Opus,
1304 5752 1449 5820 quod
1473 5768 1654 5816 suam,
1685 5755 1827 5808 unde
1851 5756 1991 5810 solet
2013 5757 2181 5813 nubes
2197 5775 2321 5813 con-

744 5845 1087 5900 stitutionem
1123 5843 1322 5916 accipit
1353 5862 1370 5913 ;
1402 5845 1529 5902 divo
1563 5855 1745 5904 autem
1772 5845 1944 5919 Moysi
1989 5863 2255 5920 quantum
2289 5871 2320 5911 e

2501 5675 2574 5728 Τὸ
2589 5663 2660 5730 ’δὲ
2690 5681 2750 5731 ὲν
2771 5680 2837 5749 τῇ
2865 5677 3065 5756 νεφέλῃ
3085 5678 3242 5742 τόξον
3259 5675 3523 5747 Ἐλλήνων
3556 5675 3656 5746 μὲν
3686 5675 3886 5738 παῖδας
3907 5694 4000 5743 φυ-

2430 5765 2583 5818 σικόν
2637 5783 2691 5818 τι
2752 5767 3064 5835 νομίζουσιν
3096 5767 3279 5836 ἔργον,
3310 5767 3405 5819 καὶ
3429 5765 3526 5833 ἀφ’
3557 5759 3620 5818 οὗ
3663 5765 3893 5831 νεφέλαι
3918 5765 4001 5817 καὶ

2427 5856 2598 5926 ἥλιος,
2629 5858 2848 5912 κάκεῖνο
2881 5858 2980 5928 τὴν
3013 5856 3278 5911 σύστασιν
3305 5855 3576 5928 λαμβάνει
3594 5873 3608 5888 ·
3640 5855 3720 5928 τῷ
3739 5856 3799 5910 δέ
3820 5874 3887 5924 γε
3916 5858 3996 5909 Θε-
