4156 6438
782 376 911 441 1131

1931 385 2192 446 ΡΠΟΤΙΙ
2223 390 2724 454 ΡΛΤΙΠΑΒΟΗᾹΞ
2754 397 2862 455 CP.

3893 382 4022 446 1132

778 492 1063 558 deceptum
1089 488 1251 551 sistit,
1291 489 1704 545 Iuculuntiorem
1729 491 1942 568 quarsiti
1972 493 2134 561 hujus
2185 495 2340 548 solu-

2455 499 2618 566 ιὺτῆς
2665 501 2724 552 δὲ
2762 502 2856 552 τὸν
2893 500 3064 568 Ἀδὰμ
3109 497 3356 565 εἰσάγει,
3393 490 3876 566 ττεριφανεατὲραν
3923 491 4014 542 τοῦ

782 585 984 637 tionem
1015 581 1187 635 affert.
1227 581 1343 650 Ipse
1370 582 1514 633 enim
1574 580 1837 636 Dominus
1866 592 2056 638 noster
2083 583 2345 646 inEvau-

779 673 937 744 geliis
964 689 1064 745 nos
1118 673 1324 736 docuit,
1377 673 1608 726 dicens:
1649 674 1788 727 «Ille
1839 675 1910 728 ab
1955 675 2113 729 initio
2170 676 2347 730 homi-

781 747 902 820 ci'da
927 775 1009 818 est
1029 767 1094 818 ”.
1122 783 1139 815 ι
1185 765 1367 833 Neque
1389 765 1533 818 enim
1567 765 1663 824 ibi.
1690 765 1834 832 quod
1863 768 2141 840 nonnullis
2167 769 2344 822 visum

780 864 885 914 est.
913 855 1141 909 Cainum
1167 857 1345 908 innuit
1376 872 1391 921 ;
1417 857 1510 910 sed
1542 857 1594 910 in
1627 856 1806 924 ipsum
1846 857 2106 913 Satanam
2135 860 2345 913 crimen

783 948 887 1001 hoc
911 944 1094 998 refert.
1131 943 1367 1013 Serpens
1412 946 1583 1008 enim,
1609 948 1702 1014 qui
1736 938 1953 1000 diaboli
1999 948 2344 1002 instrumen-

782 1048 898 1090 tum
930 1048 1180 1100 vocatur,
1221 1039 1352 1092 nihil
1385 1037 1536 1091 dubii
1575 1047 1778 1104 movet,
1834 1040 2036 1107 quippe
2089 1041 2181 1106 qui
2236 1042 2350 1108 pri-

783 1130 991 1183 marius
1019 1138 1074 1183 et
1119 1129 1370 1197 princeps
1421 1130 1754 1184 seductionis
1783 1139 1973 1182 auctor
2019 1130 2203 1183 haberi
2240 1147 2348 1185 non

783 1218 976 1285 possit.
1017 1218 1305 1286 Pr0pterea
1335 1232 1465 1271 vero
1516 1233 1609 1283 per
1640 1227 1966 1287 serpentem,
2019 1235 2124 1272 non
2162 1229 2346 1273 autem

785 1324 880 1378 per
920 1310 1065 1361 aliud
1129 1309 1332 1362 animal
1388 1309 1566 1363 malus
1621 1310 1831 1363 daemon
1917 1309 2166 1365 fraudem
2225 1310 2351 1365 Eva:

784 1401 936 1463 facit,
988 1400 1132 1469 quod
1168 1399 1372 1452 animal
1403 1399 1534 1453 illud
1600 1400 1814 1454 mulieri
1869 1400 2172 1469 jucundum
2201 1413 2350 1458 esset

780 1490 926 1554 ideo,
953 1491 1236 1559 quoniam,
1270 1504 1368 1558 pro
1402 1479 1676 1558 singulari.
1696 1490 1878 1544 indole
1911 1506 2030 1555 sua,
2063 1493 2168 1545 alia
2203 1508 2353 1561 quaa-

784 1596 1002 1649 cunque
1033 1581 1296 1634 imitando
1325 1580 1582 1634 facillime
1614 1582 1920 1650 exprimere
1949 1594 2184 1652 poterat.
2212 1587 2351 1640 Cum

782 1686 916 1726 vero
957 1680 1216 1740 prazterea
1260 1670 1512 1726 diabolus
1549 1673 1752 1727 animal
1809 1674 1912 1728 hoc
1946 1677 2180 1729 naturali
2211 1693 2352 1746 qna-

783 1761 910 1814 dam
939 1760 1236 1830 sagacitate
1263 1759 1590 1813 instructum
1629 1762 1854 1827 videret,
1895 1764 2040 1817 idem
2070 1765 2141 1816 illi
2177 1764 2354 1818 maxi-

2448 585 2760 657 ζητήματος
2785 590 2888 659 τὴν
2906 589 3067 642 λύσιν
3095 588 3228 657 ἔχει.
3261 586 3433 647 λύτὺς
3473 586 3585 654 γὰρ
3645 584 3676 634 6
3718 581 3934 651 Κύριος
3968 583 4023 633 ἓν

2448 680 2802 747 Εὐαγγελίοις
2847 679 3082 744 ἐδίδαξεν
3119 680 3269 748 ἡμᾶς
3314 675 3522 729 εἰπών·
3580 692 3601 725 ι
3647 673 3894 733 Ἐκεῖνος
3931 671 4023 723 ἀπ’

2447 772 2620 841 ἀρχῆς
2677 771 3119 841 ἀνθρωποκτόνος
3173 770 3339 824 ἐστίν.
3380 788 3401 821 ι
3435 767 3547 822 Καὶ
3601 765 3714 834 γὰρ
3767 765 3894 831 οὐχ,
3955 763 4025 823 ὡς

2450 862 2613 924 ἐνίοις
2643 861 2787 926 ἔδοξε
2809 900 2825 924 ,
2858 861 2952 913 τὸν
2995 861 3136 914 Κάῖν
3171 859 3386 928 μηνύει,
3433 857 3552 909 ἀλλ’
3605 857 3686 916 είς
3735 852 3907 904 αὐτὸν
3942 853 4027 902 τὸν

2449 952 2694 1002 Σατανᾶν
2737 951 2836 1019 τὴν
2880 950 3219 1019 κατηγορίαν
3263 948 3548 1016 ἀναφέρει.
3607 945 3668 999 Ὀ
3715 945 3831 1013 γὰρ
3883 943 4025 1007 heu.

2449 1040 2680 1110 ὄργανον
2742 1041 2841 1110 μὲν
2899 1039 2993 1092 τοῦ
3042 1039 3293 1091 διαϐόλου
3343 1034 3725 1106 χρηματίζων,
3759 1032 4028 1098 οὐδεμίαν

2451 1130 2749 1200 παρέχεται
2781 1128 3017 1201 ἀπορίαν
3039 1151 3062 1189 ,·
3089 1126 3392 1194 αὐτουργὸς
3434 1124 3492 1176 δὲ
3540 1126 3637 1174 καὶ
3692 1121 4030 1190 πρωταίτιος

2450 1221 2548 1289 τῆς
2576 1219 2792 1288 ἀπάτης
2821 1216 3074 1286 οὐδαμῶς
3109 1217 3177 1270 ἂν
3204 1215 3305 1284 ἔχῃ
3334 1211 3520 1282 χώραν
3546 1209 3908 1278 νομισθῆναι.
3936 1207 4028 1258 Διά

2451 1311 2610 1364 τοῦτο
2631 1311 2709 1372 δὲ,
2740 1312 2834 1362 καὶ
2857 1310 2980 1378 οὐχὶ
3005 1308 3073 1360 δι’
3099 1307 3263 1360 ἀλλου
3293 1303 3457 1369 ζὼου,
3503 1302 3779 1372 προσάγει
3803 1303 3834 1354 6
3861 1315 4029 1366 πανη-

2457 1401 2548 1472 ρὸς
2575 1404 2674 1470 τὴν
2701 1401 2918 1470 ἀπάτην
2943 1401 3010 1470 τῇ
3038 1397 3153 1468 Εὕα
3177 1437 3192 1460 ,
3221 1399 3305 1450 ὃτι
3331 1395 3728 1480 κεχαρισμένον
3771 1386 3843 1459 ἦν
3877 1388 4032 1456 τοῦτο

2452 1493 2513 1544 τὸ
2547 1491 2683 1556 ζῶον
2705 1494 2770 1561 τῇ
2807 1493 3049 1558 γυναικὶ,
3091 1488 3182 1540 διά
3201 1485 3298 1539 τοῦ
3325 1485 3425 1554 τὴν
3456 1479 3626 1552 ἀλλην
3660 1482 3905 1560 εὐφυῗαν
3946 1479 4031 1530 καὶ

2453 1583 2596 1653 πρὸς
2632 1583 2693 1635 τὸ
2741 1580 3084 1651 μιμήσασθαι
3130 1578 3357 1630 δυνατὸν
3401 1572 3493 1644 ἦν,
3520 1573 3734 1633 Ἄλλως
3762 1588 3825 1623 τε
3857 1571 3916 1622 δὲ
3945 1570 4031 1620 καί

2451 1673 2877 1742 τινος.ἐμφύτου
2911 1671 3139 1741 μετέχον
3181 1668 3347 1721 τοῦτο’
3369 1666 3430 1719 τὸ
3459 1666 3599 1729 ζῶον
3629 1662 3780 1733 ὁρῶν
3829 1662 4032 1730 φρονή-

2457 1779 2596 1824 σεως
2621 1763 2649 1814 ὁ
2675 1760 2920 1822 διάϐολος
2944 1801 2959 1827 ,
3005 1757 3311 1829 ἐπιτήδειον
3347 1756 3575 1823 ἐνόμισε
3619 1752 3759 1822 πρὸς
3789 1751 3898 1820 τὴν
3933 1750 4032 1800 ὺπ-

783 1867 876 1905 me
925 1853 1118 1909 visum.
1163 1864 1246 1907 est
1295 1840 1788 1916 accommodatum,
1836 1855 1995 1924 cujus
2044 1856 2352 1911 ministerio

2459 1854 2682 1924 ηρεσίαν
2713 1853 2862 1922 αὐτῷ
2882 1851 2984 1920 τῆς
3009 1849 3228 1918 ἀπάτης
3260 1844 3598 1917 χρηματίσαι
3638 1842 3905 1912 ὄργανον,
3940 1839 4032 1890 au

785 1945 852 1998 ad
902 1943 1147 2007 fraudem
1208 1944 1512 2000 faciendam
1572 1955 1855 2010 uteretur;
1913 1947 2167 2015 inprimis
2225 1963 2352 2003 cum

784 2034 932 2088 idem
991 2046 1119 2088 tunc
1148 2037 1368 2104 quidem
1401 2036 1642 2105 linguam
1689 2037 1911 2090 haberet
1938 2037 2003 2090 ad
2033 2039 2194 2092 verba
2225 2053 2354 2107 pro-

783 2123 1011 2179 ferenda
1069 2120 1341 2180 idoneam.
1396 2126 1615 2180 Interim
1681 2129 1940 2183 ineﬂ‘abili
1999 2129 2355 2198 providentia

784 2215 1016 2270 debetur
1043 2216 1204 2270 etiam
1235 2217 1391 2282 illud,
1427 2219 1570 2287 quod
1591 2233 1817 2287 serpens
1839 2233 1999 2272 voces
2030 2220 2354 2276 articulatas

787 2305 1029 2362 formare
1060 2308 1254 2376 potuit.
1295 2308 1434 2363 Cum
1467 2309 1611 2362 enim
1646 2309 1911 2363 Conditor
1943 2311 2190 2379 optimus
2225 2311 2352 2365 mali

790 2398 1055 2452 danuouis
1116 2398 1408 2452 consilium
1466 2389 1840 2468 perspiceret,
1883 2402 2152 2471 sciretque
2202 2416 2352 2466 eum,

785 2488 888 2542 nisi
929 2489 1475 2558 serpentem-fraudis
1501 2506 1612 2545 suae
1650 2493 2076 2547 instrumentum
2108 2493 2352 2559 haberet,

784 2578 1099 2634 hominibus
1122 2581 1253 2650 ipsis
1275 2581 1600 2636 admutuam
1626 2583 2096 2654 suideceptionem
2125 2581 2352 2639 usurum

782 2685 926 2738 esse,
957 2683 1263 2743 serpentem
1294 2673 1591 2729 humanam
1644 2690 1830 2730 vorem
1882 2677 2133 2732 emittere
2161 2694 2356 2746 passus

783 2773 889 2826 est,
945 2781 1012 2819 ne
1069 2767 1333 2834 pernicies
1391 2767 1676 2821 hominum
1720 2786 1784 2823 ex
1853 2771 1985 2839 ipsis
2040 2773 2356 2827 hominibus

784 2870 1123 2917 nasceretur,
1160 2859 1399 2927 malique
1430 2860 1584 2928 origo
1617 2861 1688 2914 ab
1720 2862 1852 2930 ipsis
1902 2862 2166 2930 prodiret.
2200 2853 2356 2929 Quod

784 2947 829 3000 si
853 2947 999 3000 enim
1049 2947 1151 3016 ipsi
1184 2960 1438 3004 auctores
1489 2953 1865 3019 persuasionis
1914 2953 1980 3006 ad
2018 2957 2355 3023 peccandum

781 3034 1141 3104 exstitissent,
1180 3040 1321 3095 idem
1353 3042 1459 3095 illis
1495 3059 1596 3098 usu
1631 3045 1888 3109 venisset,
1938 3047 2081 3115 quod
2117 3051 2355 3117 serpenti

783 3134 1102 3198 accidit,ita
1155 3135 1396 3202 quidem,
1433 3146 1491 3189 ut
1534 3137 1652 3190 sine
1698 3138 1948 3192 instituto
2001 3155 2182 3194 causa:
2229 3157 2358 3195 exa-

783 3226 953 3280 mine.
997 3223 1061 3275 ad
1113 3225 1419 3290 exemplum
1491 3228 1784 3292 serpentis,
1846 3227 2353 3284 condemnatoriam

783 3318 1109 3370 sententiam
1173 3314 1534 3371 audivissent.
1572 3316 1758 3387 Itaque
1814 3320 2085 3374 sermonis
2130 3321 2353 3376 humani

783 3405 1014 3460 facultas
1047 3408 1283 3474 serpenti
1313 3408 1666 3475 permittitur,
1701 3425 1768 3462 ne
1804 3408 1970 3462 homo
1994 3411 2120 3464 mali
2155 3422 2348 3466 auctor

784 3497 954 3552 fuisse
1004 3497 1293 3550 videretur.
1335 3495 1411 3550 Ita
1443 3497 1587 3551 enim
1638 3498 1780 3554 Deus
1833 3515 1996 3573 agere
2043 3505 2351 3568 consuevit,

784 3600 864 3643 ut.
897 3604 993 3657 per
1023 3604 1145 3656 qua:
1175 3587 1525 3642 adversarius
1572 3591 1745 3650 malas
1795 3602 1938 3646 artes
1970 3594 2214 3657 molitur,
2258 3609 2354 3663 per

783 3678 970 3733 eadem
1002 3677 1236 3746 pessima
1264 3676 1384 3746 ejus
1417 3678 1648 3731 consilia
1677 3676 1881 3734 evertat
1901 3690 1956 3734 et
1987 3680 2280 3740 disturbet.

918 3786 1241 3854 ΟυΑΞδΤΙΟ
1266 3785 1518 3841 CCXCIX
1547 3787 1736 3860 [CoisL
1776 3789 1961 3856 Taur.,
2006 3791 2218 3867 CXVI].

821 3880 962 3944 Quid
989 3883 1101 3936 hac
1131 3880 1380 3950 ualeant;
1421 3899 1440 3932 ‹
1474 3879 1717 3946 Domine,
1761 3900 1867 3938 non
1893 3898 1971 3939 est
2018 3887 2318 3942 exaltatum

1410 3967 1501 4005 εον
1528 3969 1719 4007 meum.
1732 3971 1752 4004 ι

2453 1945 2518 2014 δὴ
2571 1943 2803 2013 μάλιστα
2843 1943 2936 1994 καὶ
2988 1939 3241 2008 γλῶσσαν
3273 1937 3514 2006 ῥήμασιν
3567 1927 4032 1999 ύπηρετήσασθαι

2453 2038 2684 2107 λαχόντα
2707 2035 2828 2088 τότε
2853 2034 2945 2086 τὸν
2967 2033 3114 2110 ὅφιν.
3155 2029 3466 2099 Ἀφράστου
3492 2025 3550 2077 δὲ
3579 2017 3842 2094 προνοίας
3877 2018 4035 2086 ἔργον

2451 2125 2520 2199 ἦν
2551 2128 2646 2182 καὶ
2671 2127 2753 2190 τὺ,
2781 2126 2871 2178 τὸν
2894 2125 3020 2192 ὅφιν
3049 2121 3236 2191 φωνάς
3285 2118 3588 2188 ινάρθρους
3616 2114 3866 2183 ἀφιέναι.
3917 2113 4033 2166 Ἐν-

2453 2219 2596 2292 ορῶν
2624 2219 2734 2294 γὰρ
2756 2218 2786 2270 6
2813 2217 3021 2284 πλάνης
3041 2216 3143 2276 τὰς
3170 2212 3266 2265 τοῦ
3291 2210 3531 2278 πονηροῦ
3559 2208 3775 2268 ἑννοίας
3795 2246 3812 2268 ,
3838 2205 3939 2258 καὶ
3966 2206 4034 2266 ὡς

2453 2317 2502 2367 εί
2536 2314 2610 2382 μὴ
2655 2312 2746 2363 τὸν
2792 2310 2917 2380 ὅφιν
2945 2310 3181 2376 ὄργανον
3209 2305 3310 2374 τῆς
3347 2303 3564 2370 ἀπάτης
3597 2299 3780 2363 λάϐοι,
3837 2296 4037 2357 αὐτοὺς

2457 2400 2696 2461 ἐκείνους
2731 2399 2857 2459 τοὺς
2889 2393 3214 2465 ἀνθρώπους
3266 2393 3346 2454 είς
3396 2391 3496 2460 τὴν
3547 2387 3762 2441 ἑαυτῶν
3815 2386 4032 2452 ἀπάτην

2458 2489 2860 2558 συλαγωγήσει,
2906 2487 3182 2557 συγχωρεῖ
3221 2485 3320 2559 τὸν
3346 2483 3468 2550 ὅφιν
3500 2481 3891 2550 ἀνθρωπίνους
3926 2495 4033 2544 φω-

2456 2586 2552 2645 νὰς
2580 2585 2849 2652 προϊέναι,
2868 2580 3064 2649 ἵναμὴ
3091 2578 3152 2643 ἐξ
3182 2577 3362 2632 αὐτῶν
3391 2575 3500 2628 τῶν
3533 2569 3846 2644 ἀνθρώπων
3875 2571 3910 2640 ἡ
3935 2569 4036 2620 τῶν

2456 2671 2762 2742 ἀνθρώπων
2787 2671 2937 2740 λύμη
2964 2668 3337 2739 ἐκδλαστήσῃ,
3371 2665 3467 2718 καὶ
3495 2667 3529 2734 ὴ
3559 2661 3655 2715 τοῦ
3683 2659 3869 2714 κακοῦ
3894 2658 4035 2728 ἀρχὴ

2457 2763 2664 2816 ἐκεῖθεν
2688 2761 2786 2830 τὴν
2815 2759 3041 2830 πρόοδον
3069 2757 3243 2811 λάὁοι.
3269 2757 3332 2809 El
3361 2755 3470 2823 γὰρ
3504 2753 3660 2837 αὐτοὶ
3685 2752 3793 2820 τῆς
3818 2751 4016 2816 είσηγή

2460 2872 2597 2918 σεως
2621 2854 2718 2924 τοῦ,
2747 2851 3147 2922 ἁμαρτήματος
3174 2846 3576 2916 καθεστηκότες
3605 2843 3878 2913 ὤφθησαν
3905 2843 4037 2911 ἀρι-

2455 2947 2620 3015 ηγοὶ,
2672 2941 2920 3013 ὅπερᾶν
2965 2942 3058 2994 ἐπὶ
3105 2939 3200 2992 τοῦ
3242 2939 3417 3007 ὄφεως
3467 2935 3748 3005 ἐπράχθη,
3801 2934 3899 2986 καὶ
3953 2929 4035 2982 ις’

2460 3036 2683 3090 ἐκείνων
2710 3034 2777 3087 ἂν
2804 3026 3159 3101 διεφυλάχθη.
3193 3031 3302 3084 Καὶ
3332 3028 3442 3080 οὐδ’
3467 3027 3820 3096 ἀνακρίσεως
3847 3022 4037 3090 τυχόν-

2458 3147 2549 3191 τες
2579 3129 2669 3188 ἆν.
2705 3127 2893 3196 ὥσπερ
2922 3126 3032 3186 οὐδ’
3059 3127 3088 3178 ὁ
3121 3123 3264 3191 δφις,
3292 3121 3392 3192 τὴν
3421 3116 3904 3180 καταδικάζουσαν
3933 3113 4040 3165 ὲδέο

2459 3224 2619 3289 ξαντο
2644 3222 2849 3291 ψῆφον.
2888 3217 3052 3272 Ἀλλά
3081 3217 3498 3287 παραχωρείται
3526 3213 3606 3283 τῷ
3630 3204 3760 3280 δέρει
3801 3211 3916 3262 τῶν
3955 3209 4038 3260 ἀν’

2459 3316 2694 3386 θρὼπων
2721 3317 2750 3367 6
2772 3313 2952 3381 λόγος,
2987 3311 3076 3364 ἵνα
3109 3310 3184 3379 μὴ
3225 3309 3254 3360 6
3303 3305 3593 3378 ἄνθρωπος
3623 3302 3875 3371 ἀρχηγὸς
3905 3298 4037 3367 ἀφῢῇ

2457 3404 2825 3476 γεγενημένος
2847 3407 2946 3475 τῆς
2970 3405 3193 3467 κακίας.
3219 3400 3474 3456 Τοιοῦτον
3507 3399 3618 3469 γὰρ
3642 3398 3702 3449 τὸ
3733 3396 3920 3448 Θεῖον.
3953 3393 4036 3457 Ἐξ

2458 3491 2533 3550 ὧν
2565 3497 2593 3548 6
2626 3494 3001 3562 ἀντικείμενος
3032 3493 3132 3562 τὴν
3173 3490 3534 3558 κακοτεχνίαν
3577 3487 3918 3546 ἐπινοεῖται,
3957 3483 4037 3533 δια

2455 3584 2677 3643 τούτων,
2713 3585 2881 3638 αὑτοῦ
2929 3583 3000 3637 τὰ
3056 3582 3429 3654 μηχανήματα
3474 3578 3810 3648 περιτρέπει
3856 3573 4037 3627 τεκαὶ

2461 3691 2741 3730 καταλύει.

2961 3783 3300 3839 sparum}:
3351 3780 3510 3848 Σιιθθ.

2466 3879 2532 3933 Τί
2565 3879 2698 3932 ἐστι
2725 3917 2743 3942 ,
2788 3896 2808 3929 t
2839 3878 3037 3946 Κύριε,
3071 3877 3186 3945 οὐχ
3222 3872 3433 3943 ὑψώθη
3476 3871 3518 3938 ἠ
3563 3869 3784 3939 καρδία
3811 3885 3934 3939 μου
3965 3883 3980 3895 ο
4015 3883 4031 3916 ι

1814 4070 1820 4076 ’
1851 4065 2037 4118 Editaa
2059 4069 2184 4119 Malo
2205 4072 2355 4129 (Nov.
2381 4075 2504 4126 Coll.
2533 4082 2568 4126 ι,
2592 4076 2675 4136 IX,
2697 4091 2748 4140 ιι.
2775 4076 2904 4139 151).

854 4148 979 4204 Ilaec
1021 4149 1208 4214 verba,
1265 4167 1285 4202 ι
1336 4149 1587 4214 Domine,
1629 4165 1738 4205 non
1781 4160 1867 4205 est
1902 4155 2197 4208 exaltatum
2260 4172 2357 4211 cor

783 4258 989 4307 meum,
1023 4259 1196 4312 neque
1239 4242 1364 4297 elati
1399 4251 1528 4298 sunt
1557 4244 1700 4299 oculi
1728 4244 1855 4308 mei,
1881 4261 2054 4315 neque
2081 4248 2354 4303 ambulavi

2535 4162 2613 4214 Τὸ
2631 4163 2707 4224 δὲ,
2743 4181 2762 4213 ‹
2799 4162 2990 4233 Κύριε,
3045 4161 3147 4230 οὐχ
3180 4157 3369 4228 ὑψώθη
3421 4155 3454 4226 ἡ
3494 4154 3694 4224 καρδία
3737 4171 3870 4222 μου,
3923 4154 4036 4207 οὐδὲ

2466 4253 2940 4322 ἐμετεωρίσθησαν
2973 4252 3024 4305 οί
3061 4248 3333 4320 ὀφθαλμοί
3391 4264 3522 4317 μου,
3567 4247 3692 4299 οὐδὲ
3734 4247 4037 4316 tuong

784 4333 840 4387 in
865 4335 1103 4402 magnis,
1135 4349 1310 4401 neque
1339 4334 1392 4386 in
1425 4333 1768 4389 mirabilibus
1791 4350 1955 4399 super
1981 4352 2066 4391 me
2090 4339 2156 4400 ¹¹,
2180 4356 2198 4389 ι
2233 4339 2350 4395 haec

2455 4341 2506 4392 ὲν
2537 4340 2811 4409 μεγάλοις,
2830 4340 2951 4393 οὐδὲ
2975 4341 3033 4393 ὲν
3051 4337 3371 4409 θαυμασίοις
3413 4337 3555 4404 ὑπὲρ
3573 4336 3696 4404 ἐμὲ,
3730 4354 3753 4386 ι
3774 4336 3920 4406 τάχα
3950 4335 4037 4403 μὲν

788 4424 843 4476 in
883 4423 1058 4491 ipsum
1103 4422 1289 4476 forsan
1329 4421 1495 4476 David
1535 4423 1866 4478 conferenda
1906 4437 2054 4481 sunt.
2088 4427 2348 4493 Quicum

787 4529 1011 4584 regnum
1039 4514 1268 4582 adeptus
1297 4522 1463 4578 esset,
1497 4515 1734 4582 plurima
1764 4516 1830 4570 de
1868 4517 2119 4573 hostibus
2152 4529 2353 4588 tropaea

786 4605 1190 4668 constituisset,
1247 4612 1516 4672 anteaque
1557 4619 1588 4658 e
1618 4614 1836 4674 pastore
1870 4623 1964 4661 rex
2007 4608 2205 4672 factus,
2256 4626 2353 4680 spe

785 4696 994 4765 majora
1034 4705 1362 4770 consecutus
1383 4703 1548 4760 esset,
1579 4709 1701 4749 eum
1737 4696 1872 4750 iram
1900 4700 2163 4754 adversus
2185 4701 2355 4755 Nabal

786 4789 963 4858 palam
999 4787 1340 4843 exercuisset
1390 4787 1687 4841 irruentem
1721 4788 1831 4841 filio
1884 4804 2069 4843 necem
2102 4803 2353 4846 contem-

784 4879 988 4946 platus,
1029 4877 1200 4930 multa
1236 4885 1495 4945 expertus
1525 4891 1556 4930 a
1583 4875 1719 4930 Joab
1755 4887 1810 4932 et
1835 4876 2014 4931 Semei
2040 4889 2354 4950 caeteraque

786 4969 840 5023 id
877 4984 1047 5038 genus
1094 4968 1300 5036 majore
1335 4968 1534 5038 dignus
1580 4969 1872 5024 miratione
1906 4970 2141 5036 videtur,
2200 4972 2350 5041 quod

785 5073 912 5112 cum
972 5051 1216 5112 tautis'et
1259 5058 1457 5112 talibus
1488 5058 1652 5113 rebus
1685 5068 1923 5115 tentatus
1956 5070 2123 5126 esset,
2159 5061 2354 5118 fractae

787 5165 898 5203 non
951 5158 1080 5203 sunt
1127 5149 1246 5218 ejus
1302 5150 1472 5216 vires,
1529 5166 1649 5212 nec.
1674 5152 1926 5219 quamvis
1996 5168 2090 5223 spe
2145 5156 2355 5222 majora

790 5241 1022 5309 adeptus
1057 5241 1336 5303 intumuit,
1360 5252 1454 5296 aut
1471 5244 1714 5297 animum
1733 5245 1947 5309 extulit,
1971 5254 2067 5299 aut
2091 5260 2210 5300 sese
2236 5247 2356 5314 plus

786 5333 1209 5402 :equojactavit.
1243 5333 1448 5389 Cuncta
1477 5336 1618 5389 enim
1634 5336 1699 5390 ad
1727 5353 1994 5392 summam
2010 5337 2357 5406 omnipoten-

789 5425 860 5478 tis
884 5426 1173 5495 omniaque
1200 5421 1434 5497 regentis
1458 5427 1549 5482 Dei
1577 5430 1871 5497 potentiam
1897 5430 2183 5496 referebat,
2207 5433 2356 5486 verbi

787 5516 955 5584 hujus
1011 5533 1282 5587 nusquam
1336 5519 1662 5576 immemor:
1732 5539 1751 5572 ι
1785 5520 1896 5592 Ego
1942 5532 2122 5578 autem
2157 5525 2359 5578 vermis

787 5625 932 5673 sum,
963 5619 1019 5664 et
1045 5624 1149 5664 non
1183 5611 1372 5676 homo,
1401 5611 1684 5667 hominum
1713 5614 1945 5671 dedecus
1965 5625 2020 5671 et
2055 5618 2243 5687 populi
2262 5617 2357 5674 ab-

860 5789 906 5822 ⁸⁸
938 5789 1093 5847 Joan.
1125 5809 1241 5856 vnt,
1282 5793 1369 5849 Η.
1448 5796 1488 5828 υ
1527 5792 1672 5851 Psal.
1697 5811 1859 5864 cvxx,
1890 5795 1938 5860 I,
1964 5796 2020 5851 2.

2454 4433 2548 4484 καὶ
2580 4434 2660 4492 είς
2713 4431 2875 4484 αὑτὸν
2904 4430 3202 4500 ἐκληφθείη
3254 4430 3344 4483 τὸν
3390 4427 3573 4481 Δαδίδ.
3596 4427 3674 4478 Τὸ
3720 4427 3840 4493 γὰρ
3892 4425 4037 4493 βασι-

2453 4522 2599 4575 λείαν
2625 4523 2722 4591 μὲν
2747 4520 3134 4593 περιεζῶσθαι,
3159 4520 3282 4574 κατ’
3307 4518 3516 4587 ιχθρῶν
3533 4517 3885 4584 δαὶ-πολλάκις
3912 4519 4032 4584 τρό-

2455 4629 2588 4664 παια
2617 4614 2940 4680 ἀναστῆσαι,
2973 4613 3067 4664 καὶ
3120 4611 3228 4677 πρὸ
3267 4609 3474 4662 τούτων
3514 4610 3626 4661 ἀπὺ
3669 4610 3938 4677 ποιμένος
3989 4611 4036 4659 tv

2457 4703 2746 4772 βασιλείοις
2777 4702 3103 4768 διαιτᾶσθαι,
3137 4702 3232 4755 καὶ
3263 4702 3545 4770 ,μειζόνων
3571 4701 3604 4769 ἢ
3660 4703 3791 4753 κατ’
3824 4700 4037 4758 ἐλπίδας

2455 4790 2756 4859 ἀξιοῦσθαι,
2780 4795 2874 4847 καὶ
2906 4794 3075 4864 ὀργὴν
3107 4791 3332 4863 ὕστερον
3363 4791 3508 4845 κατά
3559 4789 3654 4843 τοῦ
3696 4789 3898 4844 Νάϐαλ
3931 4793 4037 4841 ἐτα-

2455 4885 2990 4956 δεδεῖχθαι,θανάτου
3019 4901 3080 4936 τε
3109 4885 3404 4952 ἀπαίτησιν
3429 4882 3736 4951 ἑπισκῆιίραι
3766 4882 3849 4951 τῷ
3872 4881 4036 4938 παιδί,

2457 4976 2607 5048 παρά
2635 4993 2692 5029 τε
2721 4975 2816 5028 τοῦ
2864 4975 3019 5028 Ἰωᾶδ
3043 4976 3136 5028 καὶ
3170 4973 3264 5028 τοῦ
3293 4975 3491 5044 Σεμεεὶ
3539 4974 3754 5034 λαὸεῖν,
3792 4975 3894 5026 καὶ
3948 4975 4035 5024 6::

2458 5059 2878 5127 ἄλλατοιαῦτα,
2924 5062 3373 5133 θαυμασιώτερον
3425 5064 3524 5132 μὲν
3553 5063 3859 5129 ἀποφαίνει
3915 5063 4040 5130 pi:-

2456 5156 2549 5210 λον
2569 5156 2660 5208 τὸν
2690 5155 2852 5209 Δασιδ
2890 5158 2939 5208 εί
2966 5157 3023 5207 ὲν
3050 5153 3324 5217 τοσούτοις
3341 5154 3433 5206 καὶ
3463 5151 3726 5214 τοιούτοις
3786 5152 4038 5216 ἐξεταζόο

2463 5265 2640 5319 μενος,
2681 5248 2740 5300 τὸ
2791 5248 2890 5316 τῆς
2944 5246 3123 5316 ψυχῆς
3162 5246 3262 5299 οὐκ
3303 5244 3570 5314 ἑκλονήθη
3635 5243 3864 5312 πάγιον,
3924 5244 4036 5295 οὐδὲ

2463 5337 2792 5408 μειζόνωνῆ
2846 5337 2988 5390 κατά
3034 5335 3130 5398 τάς
3173 5320 3403 5399 ἐλπίδας
3455 5332 3782 5404 ἀξιούμενος
3835 5333 4037 5402 ἐπῆρεν

2461 5428 2653 5482 ἑαυτοῦ
2683 5431 2780 5482 καὶ
2801 5429 3130 5498 ύπερύψωσε
3157 5415 3275 5498 τῆν’
3293 5425 3544 5497 καρδίαν,
3581 5425 3771 5494 μεῖζον
3807 5425 3846 5496 ἢ
3875 5441 4034 5493 προσ-

2460 5521 2563 5590 ῇκε
2612 5518 2682 5571 τά
2722 5518 2844 5572 καθ’
2883 5519 3073 5572 ἑαυτὸν
3140 5517 3584 5587 φανταζόμενοςο
3639 5516 3760 5568 ἀλλ’
3805 5519 3896 5578 εἰς
3950 5515 4036 5581 τὴν

2463 5611 2890 5694 παντοκράτορα,
2916 5611 3009 5665 καὶ
3070 5608 3431 5681 κυριεύουσαν
3482 5609 3591 5663 τῶν
3641 5609 3784 5662 ὅλων
3823 5607 4036 5662 ἅπαντα
