4156 6438
128 381 257 443 1133

1009 380 1111 440 AD
1147 372 1739 444 AMPHILOCHIUM
1776 382 2119 455 QUESTIO
2153 379 2447 443 CCXCIX.

3240 377 3376 442 1134

123 494 302 562 φέρων
340 490 510 543 ἐτίθει
544 489 830 560 Πρόνοιαν,
868 490 1108 561 οὐδαμοῦ
1157 492 1331 563 λήθην
1398 494 1693 564 λαμϐάνων
1728 533 1736 557 Α

1834 496 1963 552 actio
1985 497 2054 549 “.
2088 514 2105 547 ι
2144 494 2203 549 Si
2235 494 2361 564 quis
2405 492 2564 547 aliter
2599 492 2715 546 haec
2753 494 2917 548 verba
2968 494 3374 561 interpretetur,

122 583 236 647 τοῦ,
266 600 284 632 ι
320 580 465 649 Ἐγὼ
495 580 551 633 δέ
574 582 692 652 εἰμι
724 579 943 650 σκώληξ
972 585 1067 635 καὶ
1096 583 1197 636 οὐκ
1222 584 1528 656 ἄνθρωπος,
1556 584 1699 639 ϐνειο

1803 601 1977 656 eaque
2011 584 2212 641 referat
2234 585 2299 638 ad
2339 584 2484 637 hunc
2512 582 2688 636 virum
2732 583 3029 638 humilitati
3073 586 3377 649 subditum,

123 676 211 737 δος
261 675 567 745 ἀνθρώπων
626 675 721 728 καὶ
773 674 1112 746 ὲξουθένημα
1146 676 1302 731 λαοῦ.
1344 696 1363 729 ι
1400 679 1461 731 Ei
1509 678 1569 734 δέ
1614 697 1701 744 τις

1835 680 1849 731 i
1884 679 2033 731 dicat
2058 677 2262 745 scripta
2291 684 2343 729 et
2370 676 2511 729 edita
2560 690 2682 729 esse
2712 676 2781 730 ab
2815 690 2882 731 eo
2936 690 3034 730 cor
3066 677 3366 731 contritum

127 767 300 820 ἐθέλοι
336 766 397 819 τὸ
440 767 734 836 εἰρημένον
785 767 1039 822 ὲκλαϐεῐν
1088 770 1182 821 καὶ
1199 770 1286 837 ἐφ’
1331 769 1521 842 ἑτέρου
1554 773 1703 835 τινὸς

1838 768 2243 824 thumiliatum
2296 776 2544 837 gerente,
2596 770 2684 822 hic
2730 784 2952 837 quoque
3010 784 3041 822 a
3101 779 3248 822 recta
3290 770 3378 822 via

125 859 225 926 τὴν
273 858 680 928 ταπεινόφρονα
723 858 925 930 ἀρετὴν
966 859 1399 930 κατορθωκότος,
1427 864 1523 916 καὶ
1560 858 1703 917 εἶναι

128 947 287 1000 τοῦτο
309 947 498 1017 ῶσπερ
535 948 738 1018 στήλην
766 948 861 1001 καὶ
911 946 1237 1022 ὑπογραφὴν
1271 951 1464 1021 ἀνδρὸς
1486 952 1554 1006 ἂν
1574 955 1707 1023 (ppo-

129 1056 281 1107 νημα
313 1042 775 1112 τεταπεινωμένον
808 1043 904 1098 καὶ
936 1044 1393 1115 συντετριμμένον
1421 1046 1705 1117 φέροντος,

131 1128 244 1179 οὐδ’
276 1120 431 1192 οὗτος
451 1128 519 1181 ἂν
541 1130 625 1199 εἴη
656 1132 753 1185 τοῦ
782 1133 1009 1197 εἰκότως
1021 1134 1319 1205 φερόμενος
1345 1136 1451 1203 ἔξω
1482 1154 1496 1169 ·
1525 1155 1712 1192 ταπει-

132 1220 444 1292 νοφροσύνῃ
470 1221 513 1274 δ’
546 1222 662 1285 οὖν,
682 1224 760 1287 ὡς
787 1226 905 1279 ἔστι
947 1226 1282 1297 πολλαχόθεν
1314 1226 1520 1295 λαϐεῖν,
1544 1230 1638 1283 καὶ
1682 1232 1712 1283 ὁ

138 1310 315 1379 μέγας
358 1313 698 1384 ἐκεκόσμητο
733 1317 917 1371 Δαϐίδ.
979 1318 1176 1381 Ἐνίοις
1220 1318 1278 1372 δὲ
1309 1320 1405 1372 καὶ
1451 1322 1531 1384 είς
1582 1320 1715 1390 ὃλην

135 1401 235 1469 τὴν
265 1401 784 1475 ἀνθρωπίνηνφύσιν
805 1407 983 1472 ἔδοξεν
1010 1407 1410 1479 ἐναρμόζεσθαι
1436 1411 1500 1463 τὸ
1528 1412 1710 1483 ῥητόν.

136 1492 291 1563 Δΰτη
326 1496 456 1565 γὰρ,
486 1498 641 1568 φησὶ,
683 1498 770 1554 διὰ
794 1499 893 1570 τὴν
934 1499 1224 1553 ἀσθένειαν
1265 1501 1363 1572 τῆς
1390 1504 1591 1574 σαρκὸς
1621 1504 1717 1558 καὶ

136 1582 251 1636 τῶν
277 1586 406 1657 περὶ
433 1587 492 1639 τὸ
519 1587 680 1657 σῶμα
720 1590 1005 1662 φυομένων
1034 1608 1095 1645 τε
1117 1592 1212 1645 καὶ
1226 1592 1717 1664 ἀναστρεφομένων

138 1675 357 1739 παθῶν,
423 1677 534 1729 οὐδ’
585 1679 768 1733 ὅντινα
815 1681 1010 1751 καιρὸν
1071 1682 1450 1736 ἀνατείνεσθαι
1504 1701 1563 1737 τε
1626 1688 1720 1738 καὶ

137 1765 475 1835 ἀνυψοῦσθαι
492 1769 631 1841 ὑπὲρ
650 1770 849 1842 ἑαυτὴν
874 1771 1119 1836 δύναται,
1134 1773 1300 1826 οἱονεὶ¹
1312 1773 1390 1845 τῷ
1404 1774 1559 1846 βάρει
1584 1774 1719 1829 καθ-

139 1857 409 1929 ελκομὲννη
435 1877 452 1893 ·
488 1862 583 1913 καὶ
636 1862 767 1915 ποτὲ
822 1864 921 1933 μὲν
967 1862 1163 1933 τούτῳ,
1216 1864 1349 1917 ποτὲ
1398 1865 1455 1920 δὲ
1527 1866 1719 1939 ἐκείνῳ
1751 1848 1791 1903 Β

142 1950 509 2023 βαρυνομένη,
542 1955 635 2007 κα)⁵
664 1956 930 2025 μηδέποτε
960 1956 1176 2028 καθαρὰ
1205 1957 1298 2010 τοῦ
1324 1958 1720 2029 διενοχλοῦντὸς

137 2059 203 2093 τε
261 2046 356 2095 καὶ
425 2045 700 2112 βιάζοντος
749 2048 1298 2119 καθεστηκυῖα,μηδὲ
1326 2052 1425 2114 τὰς
1458 2052 1720 2121 μεγίστας

136 2150 204 2186 τε
236 2134 332 2187 καὶ
346 2136 471 2204 περὶ
499 2137 669 2207 αὐτῆς
684 2138 1094 2206 ἀναλογίζεσθαι
1110 2139 1441 2211 δεδυνημένη
1478 2142 1716 2205 ἐννοίας’

140 2225 285 2278 ἀλλὰ
316 2226 494 2289 καλῶς
537 2245 601 2295 γε
639 2228 889 2295 ποιοῦσα,
915 2230 1019 2300 γῆν
1058 2248 1119 2284 τε
1156 2230 1329 2303 αὐτὴν
1382 2233 1475 2286 καὶ
1525 2233 1718 2287 σποδὸν

142 2318 382 2386 ἡγεῖται,
413 2320 508 2371 καὶ
522 2319 749 2384 ἀναξίαν
760 2323 857 2393 τῆς
886 2323 1026 2394 ὑπὲρ
1049 2322 1337 2394 ἄνθρωπον
1369 2324 1686 2390 ἀναϐάσεως
1705 2342 1719 2357 ο

144 2408 237 2461 ἵνα
263 2410 338 2478 μὴ
360 2411 741 2476 μεταλαϐοῦσα
772 2413 867 2468 τοῦ
901 2413 1059 2480 ξύλου
1106 2416 1292 2484 ἐφέσει
1325 2416 1601 2488 θεότητος,
1632 2418 1727 2471 καὶ

144 2500 325 2570 αὐτῆς
352 2502 452 2571 τῆς
483 2505 802 2576 πρεπούσης
839 2508 974 2579 αὐτῇ
1008 2509 1101 2562 καὶ
1138 2510 1584 2580 ὲναρμοζομένης
1624 2510 1731 2564 πά·

143 2592 235 2646 λιν
264 2593 469 2658 τάξεως
500 2601 797 2671 κατενεχθῇ
837 2615 850 2629 ·
893 2600 1139 2654 ἐντεῦθεν
1160 2602 1216 2655 δὲ
1246 2603 1370 2672 ὑψοϊ
1412 2604 1510 2675 τὴν
1552 2604 1732 2676 ψυχὴν

1806 877 1915 915 non
1965 860 2306 927 abhorreret.
2337 856 2585 928 Namque
2639 860 2970 926 humilitate,
3011 869 3071 914 ut
3127 859 3316 913 multis
3347 874 3379 914 e

1807 952 1944 1007 locis
1984 950 2281 1020 colligitur,
2332 964 2564 1020 magnus
2612 960 2841 1005 ornatus
2878 961 2965 1006 est
3018 950 3208 1005 David.
3255 951 3403 1008 Ilaec-

1810 1040 2081 1098 sententia
2108 1040 2361 1110 pluribus
2390 1040 2558 1094 etiam
2587 1041 2706 1095 visa
2731 1049 2816 1095 est
2851 1041 3149 1095 humanam
3182 1040 3249 1096 ad
3278 1057 3382 1095 na-

1812 1144 1990 1189 turam
2021 1142 2289 1203 spectare.
2321 1131 2444 1186 Haec
2474 1132 2640 1196 enim,
2661 1134 2939 1203 inquiunt,
2963 1142 3187 1203 propter
3203 1135 3389 1189 carnis

1778 1226 2184 1280 -inlirmitatem
2271 1238 2571 1293 omnesque
2622 1223 2842 1279 dolores
2895 1225 2990 1293 qui
3046 1225 3101 1278 in
3154 1240 3413 1295 corpore-

1815 1322 2112 1391 gignuntur
2163 1327 2216 1373 et
2259 1316 2510 1372 incidunt
2567 1316 2786 1387 proprio
2851 1318 3095 1387 pondere
3161 1326 3387 1389 gravata

1815 1422 1923 1461 non
1954 1422 2020 1461 ea
2072 1416 2155 1461 est
2186 1421 2306 1476 qum
2378 1405 2462 1459 vel
2521 1406 2589 1459 ad
2623 1406 2899 1459 modicum
2956 1422 3126 1476 supra
3153 1407 3391 1474 seipsam

1814 1498 1947 1569 erigi
1986 1509 2039 1553 et
2069 1499 2240 1553 attolli
2280 1506 2463 1567 queat.
2513 1498 2723 1552 Etenim
2775 1512 2921 1551 nunc
2987 1498 3070 1553 his
3104 1514 3253 1553 nunc
3288 1499 3396 1551 illis

1817 1599 2065 1653 onerata,
2106 1605 2208 1644 nec
2263 1606 2506 1659 unquam
2545 1591 2858 1645 turbatione
2912 1600 2967 1645 et
3027 1592 3397 1660 oppressione

1822 1685 2069 1749 liberata,
2118 1681 2251 1737 nihil
2286 1697 2545 1751 magnum
2574 1682 2641 1735 de
2688 1696 2747 1735 se
2785 1684 3097 1749 excogitat;
3155 1679 3249 1734 sed
3305 1694 3397 1732 se-

1822 1778 2017 1846 ipsam,
2052 1775 2195 1829 haud
2223 1775 2499 1829 immerito
2557 1775 2800 1844 quidem,
2830 1774 2966 1827 nihil
3021 1782 3220 1841 praater
3267 1772 3394 1840 pul-

1825 1888 2001 1927 verem
2035 1879 2089 1925 et
2137 1872 2378 1925 cinerem
2416 1886 2538 1924 esse
2562 1870 2844 1925 existimat
2877 1879 2932 1922 et
2965 1867 3249 1935 indignam
3278 1882 3401 1935 qua:

1819 1980 1982 2033 supra
2006 1963 2284 2019 hominem
2319 1969 2590 2030 assurgat.
2622 1960 2740 2026 Qua
2772 1960 2827 2013 in
2851 1959 3123 2013 sententia
3155 1972 3404 2010 commo-

1819 2064 1989 2117 ratur,
2021 2067 2110 2114 ne,
2163 2051 2435 2120 particeps
2490 2051 2672 2104 crucis
2707 2049 2869 2115 facta,
2928 2048 3231 2115 sitiensque
3281 2047 3401 2100 dei-

1820 2145 1968 2208 tatis,
2002 2142 2221 2197 recedat
2245 2143 2313 2196 ab
2337 2142 2438 2197 ista
2474 2142 2601 2196 vita:
2632 2143 2843 2195 ratione
2862 2156 2986 2210 quae
3020 2142 3197 2209 ipsam
3225 2139 3401 2197 decet.

1817 2235 2054 2306 huicque
2105 2233 2573 2289 accommodatur.
2641 2232 2788 2287 Crux
2820 2242 3001 2287 autem
3060 2233 3114 2285 in
3173 2230 3407 2285 sublime

1825 2326 2188 2381 iertanimam
2226 2334 2281 2379 et
2314 2324 2603 2393 proprium
2634 2325 2816 2379 cibum
2847 2325 2896 2379 ei
2935 2324 3160 2393 praebet,
3186 2333 3240 2376 et
3281 2322 3406 2375 illas

1829 2418 2183 2488 cogitationes
2200 2431 2321 2487 quae
2337 2416 2682 2486 simulatque
2700 2432 2898 2486 corpus
2920 2416 2989 2469 ali
3018 2429 3126 2468 non
3151 2421 3404 2483 possunt.

1832 2510 2079 2579 Namque
2126 2509 2232 2564 hoc
2263 2511 2515 2575 verbum,
2551 2520 2612 2562 ut
2662 2510 2755 2578 qui
2807 2524 2839 2562 a
2865 2509 3004 2562 lacte
3028 2506 3295 2576 depulsus
3328 2514 3411 2560 est

1835 2606 1901 2657 ad
1925 2613 2155 2656 matrem
2184 2617 2341 2656 suam
2382 2642 2398 2657 .
2428 2643 2442 2657 .
2482 2642 2497 2656 .
2534 2642 2547 2655 .
2583 2640 2599 2655 .
2629 2642 2644 2656 .
2673 2643 2687 2656 .

147 2686 248 2736 καὶ
268 2686 456 2755 τρέφει
478 2686 578 2758 τὴν
611 2690 795 2758 ἡδεῖαν
843 2692 1071 2763 τροφὴν,
1102 2693 1319 2758 ὲκείνας
1371 2696 1470 2758 τὰς
1518 2697 1729 2760 ἐννοίας
1761 2696 1825 2759 ἃς
1857 2696 1999 2765 μετὰ
2035 2694 2128 2747 τοῦ
2158 2694 2410 2764 σώματος
2436 2696 2711 2765 τραφῆναι
2732 2694 2793 2746 οὐ
2850 2694 3073 2769 δύναται
3099 2708 3115 2726 ο
3182 2691 3277 2745 καὶ
3304 2691 3413 2760 γὰρ

147 2777 249 2840 τὸ,
278 2796 299 2829 ι
344 2778 435 2841 Ὠς
464 2777 522 2832 τὺ
572 2780 1189 2855 ἀπογεγαλακτισμένον
1224 2788 1318 2840 ἐπὶ
1371 2787 1470 2857 τὴν
1526 2790 1739 2860 μητέρα
1773 2787 2007 2842 αὑτοῦ...
2051 2805 2070 2838 ι

225 2870 318 2939 Τᾦ
374 2870 552 2939 μέντοι
590 2875 670 2935 είς
693 2876 784 2925 τὸν
814 2875 1017 2946 Κύριον
1042 2878 1198 2947 ἡμῶν
1241 2879 1451 2948 Ἰησοῦν
1497 2882 1734 2951 Χριστὸν

1901 2878 2006 2945 Qui
2037 2879 2103 2932 ad
2139 2877 2433 2933 Dominum
2471 2888 2723 2934 nostrum
2767 2879 2956 2933 Jesum
3010 2879 3290 2934 Christum
3328 2881 3414 2934 in-

154 2963 524 3034 μεταφέροντι
584 2965 683 3036 τὴν
725 2968 1045 3038 ἑρμηνείαν,
1075 2970 1169 3024 καὶ
1210 2974 1553 3043 προφητείαν
1594 2970 1736 3028 εἶναι

1834 2972 2273 3041 terpretatiouem
2309 2968 2541 3037 confert,
2597 2972 2870 3040 habetque
2929 2972 3096 3025 vitam
3147 2974 3266 3042 ejus
3290 2990 3418 3043 pro-

148 3055 249 3107 τὶν
293 3056 505 3110 ἐκείνου
535 3058 651 3127 βίον
701 3061 796 3113 καὶ
824 3062 1084 3132 τρόπαιον
1129 3064 1550 3135 ὑπογράφουσαν
1576 3065 1736 3131 δόξαν

1834 3062 2074 3130 phetiam
2126 3075 2232 3129 qua
2269 3067 2531 3128 tropaeum
2582 3062 2898 3115 inscribitur
2942 3062 3009 3115 iis
3033 3062 3126 3130 qui
3163 3064 3270 3116 Deo
3297 3065 3417 3117 lau-

152 3149 491 3219 ποιουμένῳ,
518 3149 638 3203 οὐδὲ
679 3151 839 3206 τοῦτο
879 3153 946 3207 ἂν
996 3154 1207 3222 γένοιτο
1251 3160 1364 3221 τοῖς
1411 3158 1736 3229 δευτερείοις

1835 3156 1958 3207 dem
2006 3152 2334 3215 retribuunt,
2385 3166 2492 3205 non
2545 3152 2591 3204 is
2649 3167 2755 3206 non
2797 3154 3102 3207 secundum
3152 3155 3419 3208 obtinebit

152 3240 573 3309 ἐναριθμεῖσθαι
601 3242 710 3297 τῶν
736 3244 912 3312 ὀρθῶς
936 3247 1189 3316 περὶτῆς
1226 3250 1441 3318 ρήσεως
1472 3252 1736 3323 τεθεωρη-

1859 3243 2038 3297 locum
2085 3243 2226 3296 inter
2257 3258 2353 3297 eos
2381 3243 2477 3310 qui
2506 3242 2607 3295 hac
2631 3241 2699 3296 de
2730 3244 3000 3297 sententia
3037 3254 3179 3297 recte
3211 3246 3422 3313 cogita-

152 3330 358 3383 κότων·
390 3331 577 3402 ῶσπερ
592 3335 699 3405 γὰρ
717 3336 824 3400 τὸ,‹
842 3337 1079 3407 Ὠρυξαν
1100 3342 1288 3411 χεῖράς
1323 3360 1425 3411 μου
1458 3345 1552 3397 καὶ
1569 3345 1736 3409 πόδας

1842 3343 2057 3389 verunt.
2098 3351 2119 3384 ι
2176 3335 2246 3389 Ut
2281 3337 2426 3389 enim
2467 3333 2724 3389 foderunt
2755 3351 2949 3389 manus
2998 3352 3148 3389 meas
3171 3350 3221 3389 et
3260 3337 3422 3404 pedes

157 3438 326 3491 μου,›
353 3424 519 3476 Δαϐὶδ
542 3424 641 3495 μὲν
692 3426 860 3494 λέγει,
888 3429 967 3491 εἰς
998 3429 1232 3499 Χριστὸν
1268 3431 1324 3484 δὲ
1353 3433 1535 3501 ἐξέϐη,
1568 3435 1736 3498 οὕτως

1840 3443 1991 3483 meos
2011 3429 2075 3492 ³³,
2134 3447 2155 3479 ι
2208 3428 2342 3482 dicit
2392 3427 2581 3493 David,
2611 3428 2891 3482 Christmu
2944 3438 3171 3497 spectat,
3207 3430 3287 3483 sic
3320 3431 3422 3482 hor.

154 3516 262 3569 καὶ
280 3518 336 3570 τὸ
354 3516 689 3589 εἰρημένον,‹
711 3519 934 3573 Ἐθεντό
952 3538 1019 3590 με
1039 3524 1097 3574 ἐν
1116 3522 1302 3593 λάκκῳ
1318 3526 1630 3597 κατωτάτω,
1646 3529 1740 3580 καὶ

152 3608 542 3677 διεμερίσαντο
568 3610 637 3662 τὰ
673 3611 863 3680 ἱμάτιά
894 3630 1053 3682 pou,»
1090 3615 1185 3667 καὶ
1213 3617 1386 3686 μυρία
1404 3617 1560 3671 ἄλλα·
1586 3618 1742 3672 τοῦτο

155 3698 224 3750 δὲ
250 3700 343 3751 καὶ
386 3700 414 3751 ὁ
476 3700 687 3764 Παῦλος
727 3703 988 3773 συνορῶν,
1022 3705 1448 3774 αίχμαλωτίζειν
1489 3712 1745 3780 παραινεῖ

157 3790 279 3841 πᾶν
316 3790 493 3860 νόημα
520 3792 599 3855 είς
622 3792 721 3862 τὴν
751 3795 999 3863 ὑπακοὴν
1036 3796 1130 3849 τοῦ
1182 3798 1423 3868 Χριστοῦ
1448 3817 1461 3831 ⁸
1512 3801 1608 3852 καὶ
1636 3801 1744 3872 γὰρ

156 3876 278 3930 οὐδ’
324 3878 510 3951 ὑψώθη
538 3881 771 3950 Χριστὸς
818 3885 846 3936 ὁ
892 3885 1024 3947 Θεὸς
1058 3886 1216 3954 ⁴ἡμῶν
1274 3890 1303 3941 ὁ
1355 3888 1495 3959 ὑπὲρ
1546 3893 1748 3955 παντὸς

158 3967 344 4037 ὕψους
365 3971 459 4022 καὶ
491 3970 668 4041 πάσης
697 3974 968 4044 ὑπεροχῆς
981 3977 1170 4042 τελῶν,
1194 3978 1316 4031 οὑδὲ
1339 3981 1743 4052 ἐμετεωρίσθη*

162 4062 376 4131 μᾶλλον
420 4063 478 4115 δὲ
512 4064 571 4116 τὸ
624 4065 980 4119 ἀποστολικὸν
1027 4071 1235 4121 εἰπεῖν’
1274 4074 1417 4143 «Οὐχ
1453 4074 1750 4143 ἁρπαγμὸν

160 4152 421 4221 ἡγήσατο
445 4153 505 4205 τὺ
534 4149 674 4206 εἶναι
703 4155 796 4209 ἶσα
824 4156 964 4227 Θεῷ,
991 4158 1109 4211 ἀλλ’
1130 4160 1323 4213 ἑαυτὸν
1340 4161 1576 4215 ὲκένωσε
1620 4180 1751 4235 μορ-

160 4245 282 4315 φὴν
317 4245 501 4298 δούλου
527 4246 729 4310 λαϐὼν,
758 4250 854 4301 καὶ
884 4251 1124 4319 σχήματι
1156 4253 1404 4322 εὑρεθεὶς
1436 4254 1512 4318 ὠς
1541 4256 1752 4325 ἄνθρω-

1840 3524 2067 3587 dictum,
2097 3520 2501 3576 descenderunt
2535 3536 2619 3575 me
2652 3522 2702 3573 in
2752 3521 2943 3573 intima
2989 3520 3157 3583 foss-.i,
3191 3534 3245 3573 et
3279 3538 3297 3569 ‹
3336 3520 3424 3572 Di—

1842 3614 2085 3668 viseruut
2112 3612 2215 3668 sibi
2251 3614 2574 3666 vestimenta
2606 3627 2724 3664 mea
2755 3612 2800 3641 "
2841 3629 2858 3661 ι
2905 3619 2959 3663 et
2988 3621 3247 3665 sexcenta
3279 3611 3422 3673 alia;

1843 3703 1986 3773 quod
2021 3714 2075 3756 et
2106 3703 2220 3773 ipse
2263 3702 2518 3772 intelligit
2558 3699 2781 3756 Paulus.
2828 3698 3056 3755 Omnem
3110 3714 3329 3753 sensum
3359 3701 3427 3753 ad

1844 3794 2120 3847 Christum
2182 3794 2442 3858 referens,
2512 3808 2747 3860 namque
2774 3808 2838 3845 ne
2872 3792 3047 3844 elatus
3081 3792 3298 3857 quidem
3330 3789 3431 3842 fuit

1846 3886 2099 3942 Christus
2133 3886 2275 3941 Deus
2304 3896 2488 3941 noster
2526 3887 2617 3956 qui
2646 3900 2809 3953 super
2836 3899 3053 3937 omnem
3081 3883 3427 3936 altitudinem

1849 3990 1903 4033 et
1931 3977 2284 4033 eminentiam
2313 3985 2705 4041 commoratur,
2744 3990 2843 4028 nec
2870 3977 2921 4027 in
2946 3975 3181 4029 sublime
3213 3986 3431 4028 erectus

1853 4068 1971 4123 fuit.
2002 4067 2094 4123 Vel
2144 4070 2326 4138 potius
2363 4067 2723 4137 apostolicum
2777 4066 3007 4119 verbum
3054 4064 3431 4133 hujuscemodi

1852 4169 1937 4215 est
1967 4177 1981 4213 :
2022 4179 2041 4212 ι
2079 4158 2196 4213 Non
2232 4159 2476 4227 rapinam
2537 4159 2837 4213 arbitratus
2885 4164 2970 4211 est
3005 4171 3129 4210 esse
3160 4172 3217 4209 se
3243 4170 3431 4223 atqua-

1857 4252 1962 4307 lem
1994 4250 2130 4316 Deo,
2155 4252 2250 4305 sed
2285 4252 2637 4319 semetipsum
2669 4250 2993 4310 exinanivit,
3027 4248 3257 4301 formam
3290 4249 3431 4302 servi

162 4356 299 4401 πος,
334 4338 698 4391 ἐταπείνωσεν
726 4341 915 4394 ἑαυτὸν
948 4344 1378 4414 μέχριθανάτου·
1405 4366 1423 4398 ι
1461 4351 1556 4402 καὶ
1587 4352 1736 4413 αὐτὸς

1855 4344 2147 4412 accipiens,
2178 4344 2231 4397 itt
2284 4343 2695 4397 similitudinem
2732 4342 3010 4394 hominum
3034 4339 3232 4404 factus,
3257 4353 3311 4395 et
3342 4341 3437 4393 litt-

158 4431 232 4482 δὲ
261 4432 466 4492 ἐκεῖνος
494 4432 636 4483 κατὰ
651 4432 840 4501 καιρὸν
861 4434 957 4486 τοῦ
980 4435 1182 4498 πάθους
1203 4439 1419 4507 φησίνί
1443 4439 1736 4511 Ἢδυνάμηη

1858 4436 2086 4491 miliavit
2142 4436 2495 4504 semetipsum
2548 4450 2719 4503 usque
2772 4434 2839 4486 ad
2890 4433 3199 4486 mortem“.
3244 4452 3261 4483 ι
3318 4431 3435 4501 Ipse

165 4521 561 4589 παρακαλέσαι
598 4522 690 4574 τὸν
731 4524 949 4594 Πατέρα
987 4544 1110 4595 μου,
1152 4528 1244 4580 καὶ
1296 4529 1612 4599 παρέστησε
1662 4548 1731 4601 μο

1857 4530 2020 4582 etiam
2053 4530 2120 4582 ad
2147 4528 2414 4595 passionis
2441 4535 2653 4595 tempus
2682 4526 2822 4579 dixit
2857 4545 2870 4580 :
2922 4544 2940 4576 ι
2984 4526 3204 4578 Possem
3239 4540 3435 4593 rogare

165 4610 431 4672 πλείονας
464 4611 497 4681 ἢ
526 4611 733 4665 δώδεκα
765 4614 1036 4681 λεγεῶνας
1074 4617 1375 4685 ἀγγέλωνί
1402 4619 1541 4685 ἀλλ’,
1572 4619 1632 4672 οῦ
1663 4638 1731 4690 μο

1861 4618 2071 4672 Patrem
2109 4632 2314 4677 meum.
2351 4627 2405 4671 et
2452 4616 2733 4670 exhiberet
2767 4615 2901 4668 mihi
2950 4615 3112 4667 modo
3146 4615 3433 4682 plusquam

165 4700 400 4770 γνώμη,
443 4706 505 4754 τὸ
544 4704 830 4772 ὑψοῦσθαι,
863 4707 1091 4775 μέγεθος
1128 4709 1186 4761 δὲ
1239 4712 1335 4762 καὶ
1384 4710 1736 4780 θαυμασιότη‹

1855 4710 2141 4765 duodecim
2180 4709 2419 4779 legiones
2450 4710 2764 4778 angelorum
2787 4709 2876 4773 ’5';
2919 4726 2935 4757 ι
2972 4708 3088 4770 sed,
3120 4720 3178 4759 ut
3216 4710 3432 4773 opinor,

166 4787 328 4857 ὑπὲρ
349 4788 508 4840 αὑτὸν
537 4790 660 4842 οὔτε
694 4788 763 4862 ἦν
799 4792 922 4846 οὔτε
945 4794 1245 4862 ὑπενοεῖτο,
1274 4797 1396 4850 οὔτε
1442 4800 1604 4862 αὐτὸς
1639 4801 1760 4853 οὐδὲ

166 4880 503 4949 ἐπεστράφη
528 4884 657 4935 ποτὲ
676 4884 1102 4956 ὑπερενεχθῆναι
1126 4889 1322 4959 τούτῳ.
1362 4890 1428 4944 Τί
1451 4891 1561 4962 γὰρ
1586 4891 1653 4945 ἂν
1673 4894 1758 4962 είη

166 4974 688 5044 θαυμασιώτερονῆ
725 4978 910 5045 μεῖζον
939 4978 1039 5046 τῆς
1074 4980 1214 5051 ὑπὲρ
1255 4984 1361 5036 πᾶν
1395 4983 1626 5051 μέγεθος
1665 4985 1760 5037 καὶ

165 5064 406 5132 ἀξίωμα
455 5066 892 5137 ὑπεριδρυμένης
929 5070 1146 5137 φύσεως
1193 5071 1415 5141 θεῖκῆς;
1465 5073 1603 5143 πλὴν
1643 5074 1758 5128 ἀλλ’

165 5158 310 5213 οὐδὲ
326 5158 404 5220 ὡς
417 5158 511 5212 ἄνθ
518 5177 701 5228 ρωπος
715 5163 830 5217 τοῖς
849 5163 1071 5216 κατὰτὰ
1087 5164 1340 5233 περίγεια
1354 5166 1450 5219 καὶ
1470 5166 1569 5237 τὴν
1585 5167 1762 5239 σάρκα

172 5251 438 5322 μεγάλην
465 5252 625 5315 δόξαν
659 5255 749 5306 καὶ
778 5256 941 5323 ϐγκον
977 5256 1465 5326 περιϐεϐλημένοις
1495 5260 1619 5313 οὐδὲ
1640 5262 1765 5313 τού-

168 5360 301 5406 τοις
326 5344 692 5413 συνημιλλᾶτο
710 5346 803 5397 καὶ
824 5346 1233 5415 συνεπορεύετο·
1256 5348 1526 5419 μᾶλλονδὲ
1543 5352 1767 5404 τούναν-

170 5437 303 5489 τίον
334 5434 478 5487 ἆπαν
499 5436 967 5509 ταπεινοφροσύνῃ
984 5439 1077 5491 καὶ
1100 5440 1413 5510 μετριότητι
1436 5442 1554 5494 ὂλον
1575 5444 1767 5496 ἑαυτὸν

171 5526 565 5599 ίέιερρύθμιζε’
585 5528 666 5581 διὸ
684 5529 815 5582 καὶὸ
834 5533 1138 5602 προφήτηςο
1164 5550 1182 5583 ι
1204 5533 1397 5603 Χαῖρε,
1421 5536 1575 5602 φησὶ,
1601 5534 1770 5603 θύγα-

174 5638 287 5692 τερ
317 5619 455 5673 Σιών
477 5637 492 5651 ·
523 5640 542 5672 ι
570 5623 662 5676 καὶ
687 5622 785 5693 τῆς
810 5625 987 5688 αἰτίας
1018 5626 1052 5694 ἡ
1080 5626 1247 5696 χαρὰ,
1274 5646 1292 5678 ‹
1330 5626 1457 5679 Ὅτι
1483 5629 1657 5696 πρᾶος
1675 5630 1770 5683 καὶ

266 5831 315 5861 ³³
353 5826 499 5882 Psal.
530 5845 644 5887 XXI.
673 5831 726 5887 7.

804 5830 1024 5887 ⁵³1³8ϋ1.
1062 5846 1173 5895 XM,
1210 5830 1294 5885 l7.
1371 5830 1410 5861 ⁸³
1449 5830 1579 5884 iltitl.
1619 5832 1699 5887 I9.

1778 5832 1822 5866 "
1855 5829 2053 5900 Philip.
2085 5844 2143 5896 ιι,
2179 5832 2233 5895 ii,
2264 5828 2313 5897 7,
2342 5831 2393 5883 8.

1856 4801 2106 4862 altitudo,
2164 4799 2481 4867 magnitudo
2538 4807 2591 4852 et
2646 4797 2932 4851 admiratio
2976 4796 3029 4849 in
3065 4795 3287 4848 Christo
3336 4810 3437 4848 nec

1857 4902 2031 4954 erant,
2065 4906 2165 4945 nec
2189 4890 2650 4959 suspiciebantur.
2694 4886 2804 4943 Nec
2832 4889 2949 4957 ipse
2987 4887 3242 4955 quaesivit
3297 4902 3438 4955 quo-

1859 4983 2023 5036 modo
2076 4981 2290 5035 caneris
2344 4980 2714 5034 antecelleret.
2756 4979 2896 5044 Quid
2929 4979 3079 5031 enim
3127 4975 3436 5032 mirabilius

1860 5074 1945 5129 vel
1968 5072 2145 5143 maius
2199 5080 2344 5127 esset
2397 5087 2563 5140 quam
2624 5082 2818 5124 natura
2865 5072 3048 5123 divina
3103 5083 3227 5137 quae
3268 5084 3435 5137 super

1859 5180 2078 5220 omnem
2132 5164 2562 5232 magnitudinem
2608 5172 2663 5216 et
2712 5162 3057 5230 majestatem
3105 5160 3441 5213 collocatur?

1864 5258 2131 5313 Praeterea
2185 5255 2441 5311 Christus
2490 5272 2579 5319 ne,
2625 5265 2682 5309 ut
2725 5255 2889 5308 homo
2932 5253 3177 5323 quidem,
3210 5268 3333 5306 cum
3361 5254 3440 5304 cis

1862 5348 1977 5417 qui,
2013 5349 2060 5401 si
2101 5347 2168 5401 ad
2196 5356 2410 5401 terrena
2447 5356 2501 5401 et
2536 5360 2795 5414 corporea
2825 5356 3058 5413 spectes,
3094 5344 3267 5397 multo
3296 5344 3439 5397 fastu

1868 5440 2300 5502 circumdantur,
2387 5439 2769 5499 contendebat,
2835 5445 2929 5490 aut
2988 5435 3438 5490 conversabatur.

1870 5531 1985 5587 lmo
2017 5549 2147 5587 vero
2179 5548 2239 5587 se
2268 5541 2439 5587 totum
2476 5534 2527 5585 in
2576 5532 2884 5585 humilitate
2914 5537 2970 5583 et
2999 5528 3265 5581 modestia
3293 5544 3445 5581 com-

1872 5626 2124 5695 ponebat.
2153 5626 2333 5692 Quare
2355 5625 2652 5695 prephcta:
2683 5622 2959 5691 «Exsulta,
2994 5620 3106 5678 lilia
3133 5616 3288 5686 Sion;
3319 5635 3463 5673 nam.

2472 5829 2557 5883 23‘
2593 5829 2725 5883 ibid.
