4156 6438
773 386 911 452 ιι35
1919 399 2179 461 PHO'I‘II
2211 402 2710 466 mmmam
2733 381 2847 470 'CP.
3896 413 4019 479 U36

766 513 930 551 causa
954 505 1038 552 est
1061 497 1157 552 tibi
1181 499 1385 568 gaudii,
1416 502 1673 571 quoniam
1697 505 1914 575 quietus
1937 515 1992 561 ct
2029 519 2343 565 mansuetus

2465 513 2644 582 jouxoc
2670 515 2794 585 ἥκει
2825 532 2907 570 σοι
2947 517 2977 570 ό
2999 517 3284 588 βασιλεύςο
3316 539 3336 572 ι
3369 523 3431 574 τὸ
3456 522 3536 586 δὲ,
3572 523 4017 592 ἀπογεγαλακτι-

768 589 915 642 venit
940 589 1006 642 ad
1035 597 1086 643 te
1119 605 1212 644 rex
1237 590 1302 644 ".
1335 609 1354 641 ι
1401 591 1515 647 lloc
1552 595 1778 648 verbum
1807 611 1836 649 a
1869 596 2006 650 lacte
2041 598 2329 667 depulsum

2465 604 2664 672 μένον,
2680 607 3046 677 ἐναρμοσθείη
3079 608 3147 661 ἂν
3171 612 3286 673 τοῖς
3307 611 3640 681 εἰρημένοις,
3664 589 3887 664 ὃτι-καὶ
3929 615 4018 683 τὴν

766 693 892 732 cum
940 680 1026 734 his
1053 679 1192 735 forte
1237 693 1580 752 congrueret,
1616 687 1746 754 quia
1781 687 2022 741 animam
2052 703 2215 757 quam
2246 705 2335 744 as-

2465 695 2610 766 ιυχὴν
2638 697 2705 766 ἦν
2753 699 3118 770 προσείληφεν
3162 701 3256 753 ἐπὶ
3302 679 3370 756 to
3413 679 3640 772 ἀρχαῖον
3694 706 3876 773 αὐτὴν
3933 679 4019 758 καὶ

766 782 1076 840 sumpserat
1112 772 1180 826 ad
1233 773 1513 842 antiquam
1543 787 1598 829 et
1627 777 1960 845 primitivam
2009 778 2332 849 dignitatem

2465 789 2757 858 προγονικὸν
2790 791 3141 862 ἐπανήγαγεν
3169 794 3386 862 ἀξξωμα
3419 810 3434 824 ο
3470 795 3631 848 τοῦτο
3663 796 3778 866 γάρ
3818 772 3893 849 ἀν
3939 799 4019 867 εἴη

764 862 1004 928 reduxit,
1054 865 1200 933 quod
1232 865 1371 920 idem
1398 875 1484 921 est
1533 882 1598 922 ac
1621 869 1762 923 lacte
1791 871 2080 940 depulsum
2115 873 2182 926 ad
2218 889 2334 926 ma-

2432 880 2516 942 τδ,
2550 897 2571 931 ι
2592 880 2681 942 Ὠς
2699 880 2761 933 τὸ
2785 882 3398 954 ἀπογεγαλακτισμὲνον
3422 888 3515 939 ἐπὶ
3533 889 3631 957 τὴν
3663 890 3892 959 μητέρα
3926 893 4016 940 αὑ-

774 963 913 1008 trem
961 972 1137 1010 suam.
1189 958 1246 1011 Si
1280 958 1407 1027 quis
1453 971 1634 1016 autem
1671 963 1998 1033 intelligeret
2053 965 2332 1020 Christum

2465 966 2528 1019 οῦ
2557 984 2570 998 ⁸
2595 987 2614 1018 ι
2652 970 2700 1020 εἰ
2728 969 2785 1023 δέ
2820 987 2906 1033 τις
2950 971 3124 1025 ἐθέλοι
3173 976 3314 1026 νοεῖν
3352 975 3434 1028 ὅτι
3469 977 3563 1028 καὶ
3599 976 3699 1040 τὴν
3921 978 4021 1029 τῶν

763 1061 1050 1120 postquam
1074 1062 1241 1122 utque
1266 1053 1426 1116 Deus,
1461 1065 1630 1125 utque
1659 1059 1823 1112 homo
1845 1063 2336 1118 commorationem

2465 1059 2745 1128 ινθρώπων
2779 1063 3127 1133 ἀναστροφὴν
3159 1065 3479 1135 θεοπρεπῶς
3493 1083 3552 1119 τε
3607 1069 3706 1120 καὶ
3735 1069 4021 1137 ἀνθρωπο-

763 1158 922 1196 suam
969 1144 1110 1198 inter
1155 1144 1406 1201 homines
1446 1149 1674 1217 peregit,
1723 1164 1914 1204 rursus
1957 1151 2023 1205 ad
2051 1161 2336 1221 paternum

763 1235 1029 1302 gremium
1070 1251 1135 1290 ex
1165 1253 1278 1306 quo
1323 1254 1580 1307 egressus
1623 1251 1742 1296 erat
1780 1259 2058 1298 reversum
2100 1260 2246 1309 esse,
2291 1247 2339 1300 is

762 1340 981 1394 quoque
1005 1327 1321 1383 verisimilia
1354 1332 1674 1400 conjiceret.
1707 1332 1961 1403 Namque
1994 1336 2123 1390 illuc
2157 1353 2344 1390 recur-

764 1431 912 1481 rens,
952 1425 1008 1471 et
1051 1429 1278 1488 accepto
1330 1436 1495 1490 super
1537 1425 1723 1478 omnia
1763 1426 1993 1492 judicio,
2039 1441 2231 1481 omnes
2286 1428 2342 1480 in

764 1508 1116 1578 semetipsum
1165 1511 1511 1579 justilicavit,
1561 1515 1706 1584 quod
1761 1531 1828 1570 ex
1858 1517 1944 1572 his
1993 1516 2176 1572 verbis
2211 1533 2345 1573 con-

764 1607 874 1654 stat
911 1615 927 1653 :
967 1619 984 1650 ι
1020 1602 1297 1656 Ilestitues
1326 1603 1392 1656 ad
1427 1605 1666 1659 animam
1692 1622 1893 1661 meam.
1927 1626 1948 1660 ι

940 1710 1270 1778 ΟυᾹῖδΤΙΟ
1305 1715 1434 1770 CCC
1475 1716 1669 1788 [σοιτί.
1724 1719 1890 1775 Taur.
1939 1718 2148 1793 CXIII].

799 1801 910 1858 Cur
933 1805 989 1860 in
1020 1809 1144 1861 rubo
1181 1823 1274 1861 nec
1304 1811 1359 1861 in
1391 1809 1512 1932 aliZ
1549 1810 1738 1910 pla’nta
1786 1810 1958 1882 Moysi
2007 1812 2312 1880 apparuerit

1513 1895 1632 1932 eus.

1513 1895 1603 1934 eu:
1620 1895 1632 1932 1

2375 1856 2423 1914 B

2439 1151 2665 1218 πρεπῶς
2693 1153 2918 1217 τελέσας
2963 1156 3128 1208 πάλιν
3170 1156 3263 1208 ἐπὶ
3307 1158 3431 1218 τοὺς
3452 1160 3776 1226 πατρικοὺς.
3801 1153 3884 1212 ὧν
3927 1160 4021 1211 οὐκ

2440 1243 2654 1312 ἐξέστη,
2677 1244 2910 1308 κόλπους
2936 1247 3228 1314 ἐπανῆλθε,
3268 1250 3362 1300 καὶ
3405 1245 3558 1311 οὗτος
3612 1251 3680 1303 ἂν
3717 1250 3792 1302 τά
3839 1252 4022 1302 εἰκότα

2441 1335 2598 1401 ἐρεῖ·
2653 1335 2747 1386 καὶ
2793 1335 2904 1404 γὰρ
2959 1338 3139 1388 ἐκεῖσε
3191 1337 3518 1408 ἀναδραμὼν
3582 1339 3677 1392 καὶ
3733 1339 3839 1410 τὴν
3888 1341 4023 1409 ὑπὲρ

2443 1425 2659 1475 πάντων
2685 1425 2865 1495 κρίσιν
2892 1426 3203 1496 δεξάμενος,
3234 1429 3520 1481 ἐδικαίωσε
3551 1431 3767 1492 πάντας
3799 1433 3864 1483 ἐν
3898 1434 4017 1484 ἐαυ-

2443 1514 2543 1584 τῷ,
2566 1516 2706 1584 ὅπερ
2744 1515 3082 1586 ὑποδηλώσει
3112 1518 3180 1572 ἂν
3209 1521 3304 1573 καὶ
3335 1519 3419 1584 τδ,
3448 1538 3468 1570 ι
3491 1520 3581 1583 Ὠς
3615 1522 4024 1586 ev:an

2444 1605 2536 1656 ἐπὶ
2571 1605 2673 1676 τὴν
2689 1604 2872 1676 ψυχήν
2893 1624 3017 1677 μου.
3045 1627 3064 1659 ι

3006 1719 3335 1774 ΕΡΩΤΗΣίΣ
3376 1723 3455 1778 Τ¹.

2451 1809 2610 1860 Διατί
2633 1809 2701 1862 ἐν
2718 1809 2887 1874 βάτῳ
2917 1810 3014 1862 καὶ
3040 1814 3151 1882 οὐκ
3171 1813 3242 1864 ἐν
3268 1814 3446 1881 ἑτέρῳ
3475 1814 3644 1882 φυτῷ
3665 1813 3749 1881 tri
3782 1817 4026 1870 Ιωῦσεὶ

2943 1881 3264 1935 ὀπτάνεται
3280 1886 3313 1937 ό
3341 1881 3520 1950 Bede;

1655 1991 1796 2040 Edita
1826 2007 1853 2040 a
1875 1992 2000 2041 Maio
2023 1995 2079 2054 (l.
2105 2006 2150 2042 c.
2174 1991 2695 2053 p.152-15I,q.509).
2721 2015 2781 2027 --
2802 1991 2958 2040 Exod.
2982 2005 3050 2052 ιιι,
3077 1992 3126 2041 2.

840 2073 1034 2129 Multas
1068 2075 1140 2130 ob
1165 2089 1397 2140 causas;
1432 2087 1488 2130 at
1521 2077 1843 2148 priusquam
1873 2081 2219 2134 excutiamus
2239 2095 2346 2148 qua

768 2165 838 2219 ile
863 2180 1028 2220 causa
1083 2167 1421 2235 apparuerit,
1459 2169 1640 2222 dicere
1676 2169 1894 2238 expedit
1929 2171 2030 2224 tria
2080 2171 2180 2224 hoc
2205 2186 2349 2241 sym-

774 2258 959 2312 bolum
994 2258 1329 2327 signiﬁcare.
1368 2257 1468 2312 Vel
1501 2269 1559 2312 ut
1588 2261 1757 2316 rubus
1783 2263 2034 2326 ardebat,
2065 2279 2164 2316 nec
2197 2278 2349 2317 com-

773 2348 1094 2412 hurebatnr,
1141 2351 1221 2405 sic
1263 2349 1428 2404 Israel
1477 2352 1778 2405 obnoxium
1825 2354 2102 2421 periculis,
2154 2354 2346 2420 poenis,

773 2439 1118 2509 ﬂammisque
1176 2441 1413 2496 miseria:
1445 2445 1647 2512 quibus
1675 2460 1798 2498 eum
1829 2446 2051 2499 servitio
2076 2445 2348 2512 objectum

774 2532 1009 2604 zEgyptii
1038 2535 1328 2595 vexabant.
1360 2537 1473 2589 sola
1504 2535 1594 2590 Dei
1620 2537 1811 2591 dextra
1839 2554 1869 2591 ο
1909 2547 2082 2592 morte
2104 2547 2159 2590 et
2187 2538 2353 2590 exilio

775 2636 1025 2695 creptum
1076 2628 1264 2682 fuisse.
1293 2626 1390 2680 Vel
1429 2627 1598 2682 Deum
1635 2627 1896 2693 Verbum,
1931 2629 2108 2683 Patris
2144 2630 2350 2693 lumcn,

779 2719 1188 2787 incorporeum,
1221 2719 1530 2773 divinitatis
1581 2722 1757 2790 ignem
1795 2723 2038 2775 terrestri
2069 2731 2122 2774 et
2152 2736 2355 2789 corpu-

779 2823 875 2862 reo
906 2806 1141 2877 Virginis
1201 2810 1324 2862 sinu
1391 2807 1633 2871 fulsisse,
1699 2811 2246 2879 inconsumptamque
2303 2818 2357 2861 et

779 2902 1040 2956 intactam
1079 2898 1348 2967 Virginem
1401 2917 1522 2968 qua:
1563 2911 1886 2970 conceperat
1934 2902 2259 2956 servavisse.
2300 2901 2356 2953 Si

781 2991 958 3046 mavis
1005 2993 1120 3060 ipse
1177 2990 1484 3046 Divinitatis
1537 2993 1677 3063 ignis
1713 2995 1968 3048 humanae
2011 2994 2360 3048 consociatus

783 3093 1017 3146 natura),
1055 3083 1199 3137 illam
1245 3085 1464 3151 quidem
1502 3085 1809 3146 mundabit.
1844 3087 2219 3146 consecrabit,
2251 3102 2360 3139 nou

784 3183 967 3230 autem
1021 3177 1327 3237 comburet.
1365 3191 1463 3230 nec
1494 3177 1710 3232 delebit.
1747 3177 2362 3232 Verumeuimveroluec

785 3263 906 3316 rubi
971 3264 1229 3332 mysterio
1280 3265 1716 3334 praeligurantur,
1762 3267 2060 3336 rubusque,
2117 3283 2216 3321 nec
2250 3267 2359 3322 alia

2521 2078 2617 2129 Διά
2639 2075 2836 2136 πολλάς
2881 2077 3093 2138 αἰτίας·
3147 2077 3346 2147 μᾶλλον
3362 2077 3420 2130 δὲ
3451 2079 3556 2150 πρὸ
3584 2077 3681 2132 τοῦ
3730 2077 4031 2132 ἀποδοῦναι

2449 2167 2548 2229 τὰς
2570 2167 2708 2219 διατί
2741 2167 2896 2234 ὤφθη
2930 2169 3131 2231 αἰτίας,
3168 2169 3391 2238 ἄμεινον
3422 2172 3597 2222 εἰπεῖν
3629 2171 3712 2223 ὅτι
3757 2170 3891 2240 τρία
3915 2171 4031 2221 τινα

2448 2259 2510 2311 τὸ
2563 2258 2832 2328 σύμϐολον
2884 2259 3112 2327 μηνύει·
3153 2260 3186 2330 ἢ
3231 2262 3314 2313 ὅτι
3357 2261 3546 2332 ὥσπερ
3591 2263 3626 2331 η
3672 2261 3839 2332 βάτος
3901 2262 4032 2330 πυρὶ

2453 2353 2920 2421 περιελαμϐἆνετο
2972 2355 3094 2423 μὲν,
3135 2356 3194 2407 οὐ
3225 2356 3542 2410 κατεκαίετο
3579 2357 3658 2418 δὲ,
3689 2355 3836 2408 οῦτιι.
3883 2358 3979 2407 καί
4009 2358 4032 2406 ὁ

2464 2445 2680 2514 Ἰσραὴλ
2701 2445 2917 2507 ἔκδοτος
2946 2447 3058 2507 τοῖς
3085 2450 3412 2518 πειρασμοῖς
3436 2448 3530 2500 καὶ
3575 2449 3694 2509 ταῖς
3737 2448 4031 2517 τιμωρίαις

2455 2538 2546 2588 καὶ
2565 2539 2628 2604 τῇ
2670 2537 2828 2606 φλογὶ
2846 2540 2943 2606 τῆς
2968 2539 3341 2608 ταλαιπωρίας
3399 2541 3466 2610 ἠν
3515 2541 3699 2602 αὐτοῖς
3741 2541 3795 2592 οί
3834 2540 4034 2608 αἰχμα-

2455 2627 2822 2691 ἲιωτεύσαντες
2858 2630 3122 2699 ὑφῆπτον,
3147 2631 3283 2702 μόνῃ
3302 2632 3357 2683 δὲ
3372 2634 3439 2701 τῇ
3461 2631 3554 2684 τοῦ
3581 2630 3722 2685 Θεοῦ
3758 2631 3918 2701 δεξιᾷ
3945 2630 4033 2682 τοῦ

2459 2718 2532 2788 μὴ
2583 2718 2898 2772 διολωλέναι
2943 2721 3037 2772 καὶ
3092 2722 3542 2791 ἀποτεφρωθῆναι
3590 2721 4031 2790 διετηρήθησαν·

2455 2809 2489 2876 ἦ
2527 2809 2656 2860 ὅτιὸ
2688 2808 2818 2870 Θεὸς
2846 2809 3019 2875 Λόγος
3048 2811 3108 2860 τὸ
3129 2810 3244 2876 φῶς
3281 2811 3341 2862 τὸ
3371 2813 3640 2880 πατρικὸν
3673 2812 3850 2863 καὶτὸ
3877 2813 4035 2863 ἇῦὶ.ον

2457 2903 2556 2967 τῆς
2588 2901 2853 2970 Θεότητος
2884 2901 2996 2972 πῦρ
3030 2903 3088 2953 ἐν
3133 2905 3198 2972 τῇ
3229 2905 3406 2973 γεηρᾷ
3452 2921 3511 2956 τε
3566 2904 3659 2955 καὶ
3701 2904 3909 2956 ὑλώδει
3942 2903 4034 2969 τῆς

2459 2993 2738 3062 Παρθένου
2770 2994 2955 3063 μήτρᾳ
3004 2993 3439 3062 περιαστράψαν,
3473 2991 3896 3060 ἀκατάφλεκτον
3952 2995 4039 3040 καὶ

2459 3085 2718 3152 ἀπήμονα
2771 3083 3027 3136 διασώσει
3084 3085 3181 3154 τὴν
3226 3083 3529 3152 δεξαμένην
3584 3083 3763 3135 αὐτό·
3809 3081 3859 3133 εί
3917 3081 4038 3150 βοός

2459 3173 2540 3224 λει
2599 3173 2657 3225 δὲ
2732 3175 2793 3226 τὸ
2854 3174 2986 3227 αὐτὸ
3040 3175 3140 3242 τῆς
3197 3174 3450 3243 θεότητος
3529 3173 3640 3243 πῦρ
3693 3175 3768 3243 τῇ
3829 3174 4040 3243 ἀνθρώ⁴

2461 3264 2592 3334 πίνῃ
2642 3265 3052 3335 προσομιλῆσαν
3107 3264 3313 3334 φύσει,
3363 3261 3717 3333 πυρακτώσει
3782 3265 3886 3333 μὲν
3954 3268 4040 3314 xz".

788 3353 972 3421 planta
1019 3353 1310 3422 subjicitur
1355 3353 1486 3422 igni.
1541 3353 1703 3408 Forte
1746 3357 2006 3422 quoniam
2049 3356 2103 3409 in
2143 3357 2359 3412 deserto

2465 3353 2796 3424 θεοποιήσει,
2817 3354 2880 3406 οὐ
2929 3353 3257 3421 καταφλέξει
3292 3353 3349 3406 δὲ
3380 3352 3478 3405 καὶ
3525 3351 3851 3420 ἐξαφανίσει
3876 3370 3888 3380 ·
3914 3353 4041 3406 ὁ).λὰ

793 3444 940 3500 nulla
995 3443 1100 3497 alia
1140 3443 1322 3512 planta
1368 3443 1727 3512 gignebatur;
1763 3444 1844 3498 vel
1879 3445 2067 3505 etiam.
2104 3455 2162 3500 ut
2195 3446 2363 3500 disca-

794 3551 915 3590 mus
943 3535 1118 3604 iguem
1171 3536 1418 3590 divinum
1455 3550 1579 3591 cum
1607 3544 1852 3589 naturam
1891 3537 2180 3590 humanam
2215 3553 2366 3591 cum-

793 3629 1118 3693 plecteretur
1142 3644 1263 3698 quae
1284 3638 1503 3697 peccata
1531 3644 1630 3684 sua
1656 3640 1714 3684 ut
1743 3631 1932 3700 spinas
1957 3630 2191 3698 projicit,
2219 3630 2366 3697 illam

795 3717 1184 3781 inllammasse,
1227 3736 1332 3774 non
1368 3730 1550 3775 autem
1577 3722 2003 3790 consumpsisse.
2036 3721 2139 3775 Sed
2180 3721 2368 3790 spinas

796 3813 1201 3868 circumdantes
1286 3817 1563 3869 exussisse
1606 3831 1670 3868 ac
1707 3815 1992 3870 delevrsse.
2025 3812 2121 3868 Vel
2147 3815 2202 3868 si.
2220 3815 2368 3868 aliud

799 3919 850 3959 te
877 3908 1050 3974 juvat,
1101 3907 1156 3960 in
1213 3907 1353 3960 rubo
1391 3907 1495 3960 isto
1522 3916 1781 3974 apparent
1808 3906 2080 3976 pleraeque
2105 3906 2366 3975 gentium,

799 3997 1026 4067 abjectia
1078 3999 1146 4053 de
1203 3998 1313 4052 Deo
1368 4000 1728 4067 Opinionibus
1772 4008 2055 4066 correptze,
2106 4006 2160 4052 et
2211 3999 2370 4066 quasi

803 4091 1076 4147 atheismo
1121 4092 1381 4155 obsessaz,
1413 4092 1623 4144 semina
1660 4101 2010 4159 peccatorum
2062 4105 2246 4143 secum
2287 4090 2369 4142 fe-

805 4192 1006 4247 rentes,
1038 4183 1504 4252 putrefactamque
1529 4187 1580 4236 'm
1602 4183 1770 4236 Deum
1791 4183 2221 4244 venerationem,
2247 4197 2367 4252 qua:

804 4275 1078 4329 debebant
1115 4277 1290 4330 sancti
1326 4274 1562 4342 Spiritus
1593 4277 1824 4328 adventu
1853 4286 1907 4328 et
1938 4275 2376 4329 manifestatiune

806 4365 1050 4431 accendi,
1076 4375 1129 4419 et
1159 4366 1384 4434 spiuoso
1441 4365 1532 4418 illo
1577 4365 1897 4434 ingratoque
1973 4379 2162 4418 errore
2219 4381 2378 4416 uiuu-

2465 3449 2733 3516 προτυποῖ
2773 3447 2871 3515 μὲν
2897 3445 2957 3498 τὸ
2989 3445 3083 3497 ἐπὶ
3125 3448 3225 3514 τῆς
3255 3443 3415 3513 βάτου
3455 3444 3758 3512 μυστήριον
3796 3444 3934 3503 tam;
3985 3442 4040 3492 ἄν

2463 3539 2533 3591 τὰ
2570 3536 2826 3590 τοιαῦτα·
2855 3537 2950 3589 καὶ
3004 3538 3038 3606 ἡ
3071 3536 3230 3604 βάτος
3263 3537 3320 3587 δὲ
3367 3533 3731 3587 ὑποϐάλλεται
3790 3533 3871 3602 τῷ
3915 3533 4042 3600 πυρὶ

2466 3629 2561 3683 καὶ
2619 3629 2740 3698 οὐχ).
2769 3627 2936 3697 φυτὸν
2983 3626 3170 3696 ἓτερον
3206 3641 3221 3656 ⁸
3256 3625 3397 3695 τάχα
3449 3625 3549 3694 μὲν
3580 3626 3781 3695 ὅτιπερ
3823 3623 3934 3676 οὐδ’
3983 3619 4040 3689 ἦν

2469 3721 2652 3790 ἐτέρου
2681 3721 2828 3784 τινὸς
2856 3721 2890 3790 ἡ
2921 3719 3128 3788 ἔρημος
3171 3719 3322 3788 παρά
3355 3716 3514 3771 τοῦτο
3538 3716 3710 3786 φυτοῦ
3765 3716 4042 3786 καρποφό-

2471 3831 2563 3886 ρος
2585 3830 2601 3845 ο
2635 3812 2714 3866 ἐτι
2743 3812 2800 3864 δὲ
2848 3812 2944 3866 καὶ
2989 3812 3076 3863 ἶνα
3112 3809 3393 3881 μάθωμεν,
3423 3809 3500 3872 ὡς
3553 3809 3656 3878 τὴν
3694 3809 4042 3879 ἀνθρωπίνην

2471 3906 2634 3975 φύσιν
2665 3904 2726 3956 τὸ
2749 3903 2848 3972 τῆς
2883 3901 3137 3970 θεότητος
3179 3898 3472 3970 περιλαϐὸν
3523 3899 3661 3969 πῦρ,
3689 3899 3860 3952 οἱονεί
3901 3914 4044 3956 τινας

2472 3996 2714 4059 ἀκάνθας
2739 3995 2838 4057 τὰς
2862 3995 3137 4064 ἁμαρτίας
3178 3991 3655 4063 προϐεϐλημένην,
3686 3991 3900 4060 ταύτην
3956 3990 4045 4057 μὲν

2473 4088 2775 4156 ἐφλόγιζεν,
2805 4087 2866 4138 οὐ
2895 4087 3151 4139 κατέκαιε
3181 4083 3238 4136 δέ
3263 4099 3279 4113 ο
3310 4083 3409 4144 τάς
3427 4083 3485 4135 δὲ
3513 4083 3645 4150 περὶ
3670 4083 3856 4151 αὐτὴν
3885 4083 4044 4132 ἀκαν-

2475 4181 2574 4242 θας
2627 4180 2886 4232 κατέκαιε
2940 4177 3035 4230 καὶ
3075 4175 3377 4245 διέφθειρεν
3415 4189 3431 4204 ο
3471 4176 3519 4226 εί
3587 4173 3775 4242 βούλει
3814 4173 3904 4232 δὲ,
3962 4171 4046 4221 καὶ

2476 4272 2706 4339 ἐπείπερ
2737 4271 2806 4324 τά
2848 4269 3026 4339 πλήθη
3045 4269 3152 4322 τῶν
3186 4267 3354 4320 ἐθνῶν
3379 4268 3499 4326 ταῖς
3527 4268 3900 4335 χαμαιπετέσι
3932 4265 4046 4330 τερὶ

2478 4361 2614 4416 Θεοῦ
2649 4361 2929 4431 συρόμενα
2953 4358 3233 4421 διανοίαις,
3269 4359 3363 4412 καὶ
3390 4351 3500 4409 οἷον
3518 4359 3582 4426 τῇ
3603 4356 3870 4425 ἀθεότητι
3900 4373 4044 4423 περι-

809 4456 950 4518 dari,
979 4456 1226 4524 ignisque
1287 4456 1455 4508 divini
1486 4455 1667 4508 radios
1692 4457 1960 4523 accipere.
1999 4473 2017 4505 ι
2056 4454 2192 4523 Ipse,
2219 4463 2364 4522 proul

2481 4452 2779 4523 κεχυμένα,
2815 4449 3033 4512 καὶτὰς
3060 4449 3170 4501 τῶν
3203 4448 3488 4518 ἁμαρτιῶν
3524 4447 3836 4518 ἐκφέροντα
3894 4447 4048 4513 ἐκφύς

811 4551 1018 4602 ilictum
1078 4558 1200 4610 est,
1258 4546 1557 4616 baptizabit
1608 4563 1708 4601 vos
1761 4548 1812 4600 in
1846 4546 2049 4616 Spiritu
2103 4557 2293 4601 sancto
2329 4560 2364 4600 e1

2483 4561 2615 4606 σεις,
2633 4544 2725 4596 καὶ
2748 4542 2846 4611 τὴν
2865 4541 2960 4594 τοῦ
2983 4539 3323 4608 σεϐάσματος
3350 4538 3609 4590 σύστασιν
3625 4537 4048 4606 σαθρὰνέμελὶε

814 4643 921 4709 igni
947 4641 1011 4693 ³⁷.
1053 4658 1070 4690 ι
1114 4637 1183 4693 Ut
1227 4649 1406 4692 autem
1453 4639 1790 4692 manifestior
1852 4639 2159 4706 clariorque
2237 4653 2364 4692 esse

2483 4635 2539 4687 δὲ
2570 4633 2742 4686 ταῦτα
2789 4637 2856 4702 τῇ
2888 4631 2981 4684 τοῦ
3012 4631 3168 4696 ἁγίου
3224 4628 3537 4697 ιίνεύματος
3597 4629 3952 4696 ἐπιφοιτήσει
4002 4643 4048 4676 τε

817 4735 1008 4801 ligura,
1056 4738 1361 4785 memorant
1401 4729 1596 4782 rubum
1627 4732 1849 4790 arsisse,
1886 4746 1990 4782 non
2023 4740 2198 4782 autem
2227 4745 2378 4783 com-

819 4826 1038 4877 bustum
1067 4836 1209 4876 esse.
1243 4819 1488 4889 Namque
1520 4821 1689 4875 rubus
1725 4836 1918 4888 repens
1951 4829 2005 4872 et
2030 4821 2302 4887 spinosus,
2333 4823 2375 4875 si

820 4914 888 4967 ad
925 4925 1174 4968 naturam
1201 4913 1321 4981 ejus
1351 4922 1582 4981 spectes,
1628 4914 1878 4966 iulirmus
1911 4925 2031 4976 cst;
2067 4913 2111 4966 si
2144 4913 2210 4966 ad
2259 4930 2380 4982 spc-

819 5010 983 5068 cicm,
1031 5021 1195 5073 super
1244 5016 1441 5058 terram
1483 5003 1732 5057 diﬁ'nsus.
1774 5004 1904 5069 Quae
1945 5014 2143 5057 cuncta
2186 5007 2381 5058 rubum

827 5099 966 5150 inter
1005 5106 1059 5150 et
1119 5095 1349 5165 gentiles
1429 5095 1676 5163 quaadam
1751 5095 2067 5148 communia
2147 5105 2378 5165 ponunt.

829 5189 1053 5255 Insuper
1109 5185 1210 5238 hac
1259 5184 1475 5252 quidem
1509 5185 1690 5253 planta
1750 5185 1882 5237 nihil
1937 5185 2044 5238 fere
2101 5187 2389 5251 humilius,

827 5294 970 5347 quae,
1025 5278 1237 5332 etiamsi
1268 5283 1547 5345 augescat,
1605 5291 1884 5345 nunquam
1925 5285 2103 5330 tamen
2135 5279 2392 5346 assurgit,

831 5370 1090 5438 humique
1117 5383 1331 5436 semper
1362 5369 1664 5436 proserpit:
1704 5367 1845 5433 ignis
1873 5377 2076 5432 autem,
2101 5369 2213 5421 leve
2243 5373 2397 5438 quiil-

832 5463 957 5513 dam
1010 5475 1133 5513 cum
1190 5459 1408 5520 haheat,
1465 5474 1529 5512 ex
1589 5459 1845 5511 omnibus
1875 5474 1994 5523 qua:
2025 5474 2186 5511 sensu
2228 5462 2400 5527 perci-

837 5558 1056 5620 piuntur
1103 5552 1336 5604 maxime
1380 5552 1446 5602 ad
1497 5549 1708 5603 excelsa
1771 5561 1823 5603 et
1872 5550 2129 5602 sublimia
2209 5553 2395 5602 tendit.

837 5650 958 5712 Quo
1002 5642 1336 5715 signiﬁcatur
1361 5643 1500 5697 hanc
1534 5657 1640 5711 pra:
1670 5641 1881 5695 ueteris
1910 5641 2164 5696 oumibus
2195 5644 2398 5696 consti-

915 5825 958 5858 ³⁵
987 5824 1155 5896 Soph.
1195 5840 1276 5889 ιιι,
1309 5822 1391 5885 Ii,
1472 5821 1513 5853 ³⁷
1554 5819 1720 5876 Marc.
1755 5838 1792 5882 ι,
1834 5823 1887 5877 8.

2490 4727 2580 4780 ml.
2611 4726 2894 4795 ἐλλάμψει,
2921 4725 3020 4792 τῆς
3067 4723 3164 4791 μὲν
3195 4721 3533 4781 ἀκανθώδους
3573 4720 3670 4772 καὶ
3709 4717 4052 4780 ζιζανιὼδους

2489 4819 2913 4889 περιφλέγεσθαι
2957 4816 3052 4868 καὶ
3102 4810 3570 4880 ἀποκαθαίρεσθαι
3612 4810 3854 4875 πλάνης,
3887 4808 4051 4872 tigri;

2487 4909 2581 4962 τοῦ
2622 4906 2803 4960 θεῖκοῦ
2837 4905 3005 4975 πυρὸς
3030 4905 3250 4963 ἀκτῖνας
3294 4897 3670 4968 ὑποδέχεσθαι.
3722 4898 3906 4958 Αὐτὸς
3936 4897 4050 4961 γὰρ,

2491 5002 2646 5069 φησὶ,
2686 4997 2935 5066 βαπτίσει
2971 4997 3112 5064 ὑμᾶς
3144 4996 3200 5045 ἐν
3229 4990 3502 5058 Πνεύματι
3550 4989 3692 5058 ἀγίῳ
3734 4989 3836 5040 καὶ
3882 4985 4012 5054 πυρί
4041 5000 4052 5012 ⁸

2492 5093 2558 5144 ἵν’
2586 5089 2985 5161 ὲμερανέστερόν
3012 5104 3072 5140 τε
3100 5089 3194 5138 καὶ
3233 5083 3668 5153 τηλαυγέστερον
3698 5080 3761 5131 τὸ
3804 5079 4054 5138 είκονιζί-

2495 5200 2654 5252 μενον
2683 5178 3160 5251 προσδιατυπωθῇ,
3184 5178 3218 5246 ἡ
3239 5175 3398 5244 βάτος
3415 5171 3944 5242 παραλαμϐάνεται,
3965 5170 4054 5218 ὑπ·

2493 5273 2833 5345 ηρετουμένη
2866 5273 2984 5340 μὲν,
3009 5271 3070 5322 οὐ
3088 5268 3394 5338 φλεγομὲνη
3415 5264 3563 5333 δὲτῷ
3592 5264 3748 5332 πυρῦ
3774 5263 4057 5331 χαμερπής

2493 5386 2552 5420 τε
2568 5369 2676 5435 γάρ
2695 5369 2810 5419 ἐστι
2835 5366 2926 5417 καὶ
2952 5362 3271 5430 ἀκανθώδης
3291 5361 3383 5424 καὶ
3394 5358 3492 5428 τὴν
3523 5358 3820 5410 ὑπόστασιν
3839 5354 4056 5415 deﬂevi;

2499 5461 2592 5511 καὶ
2623 5459 2765 5509 κατὰ
2788 5457 2886 5525 τὴν
2914 5455 3036 5523 ὕψιν
3063 5451 3410 5521 διηπλωμένη
3447 5449 3543 5516 τῆς
3576 5449 3680 5515 γῆς
3709 5464 3720 5476 ⁸
3755 5447 3887 5496 καθ’
3915 5446 3952 5497 ἀ
3981 5460 4057 5493 και

2502 5552 2597 5620 τὴν
2671 5549 2962 5615 ἀναλογίαν
3021 5548 3156 5615 πρὸς
3215 5545 3384 5611 αὐτὴν
3443 5539 3698 5601 διασώζει
3771 5537 3847 5587 τὰ
3925 5535 4055 5595 ἔθνη.

2510 5643 2628 5694 Ἔτι
2672 5641 2728 5693 δὲ
2763 5639 2856 5693 τοῦ
2896 5639 3135 5691 τοιούτου
3193 5636 3291 5706 μὲν
3353 5632 3522 5702 euro-3
3579 5628 3766 5699 σχεδόν
3819 5644 3879 5680 τι
3927 5627 4057 5678 οὑόιι
