4156 6438
750 389 888 454 113‘.)
1907 387 2172 447 PHOTII
2212 389 2355 448 PAT

2458 387 2718 448 ARCII/E
2746 388 2855 448 ΕΡ.
3893 392 4023 456 1140

744 522 842 561 cor
883 503 1184 556 Pharaonis
1231 503 1282 554 in
1334 501 1594 556 duritiam
1652 503 1723 558 sit
1786 519 2178 567 conversurus,
2223 507 2356 568 sed,

2462 507 2618 560 ακάἰ
2661 509 2775 568 καὶ,
2812 503 2971 561 (Οἶδα
2998 507 3078 558 ὅτι
3107 506 3206 558 οὐκ
3234 507 3524 560 ἀκούσεταί
3555 524 3648 560 σου
3676 508 3907 573 Φαραώ·
3943 511 4023 560 6-,:

744 597 892 669 quod
924 596 991 649 ad
1022 597 1166 649 illam
1201 597 1365 650 istum
1403 595 1754 650 inclinantem
1783 606 1838 651 et
1862 613 2188 652 conversum
2215 614 2324 651 non

2458 592 2580 649 οὖτο
2637 596 2924 666 σκληρυνῶ
2972 597 3076 662 τὴν
3117 597 3343 662 καρδίαν
3399 595 3620 647 αὺτοῦ-ι
3649 598 3749 648 καὶ
3787 599 3905 665 γὰρ
3943 601 4020 654 τὸ,

745 691 950 743 relevet
1004 703 1102 741 nec
1132 687 1394 752 refrenet.
1433 702 1502 741 ne
1551 688 1802 742 humana:
1831 698 2041 743 natura:
2095 690 2327 744 liberum

2458 688 2771 756 ’κ.ίηρυνῶ,
2825 689 2925 757 οὐχ
2956 689 3040 740 ὅτι
3085 690 3250 751 αὐτὸς
3279 687 3377 755 τὴν
3415 686 3510 737 τοῦ
3557 689 3760 756 Φαραὼ
3793 687 4023 756 καρδίαν

744 780 1034 834 arbitrium
1092 777 1324 831 auferat.
1364 777 1680 848 ASgyptiutn
1747 790 1938 834 contra
1989 782 2328 836 voluntatem

2458 784 2772 836 ιεταπλάσει
2827 784 2908 844 είς
2937 782 3306 852 σκληρότητα,
3351 781 3478 834 ἀλλ’
3531 782 3614 832 ὅτι
3646 781 3785 849 πρὸς
3815 781 4024 847 ταύτην

745 872 1071 926 inclinatum
1106 885 1211 924 non
1258 881 1434 924 mutat
1468 885 1567 924 nec
1595 871 1865 926 convertit
1887 872 1955 925 ad
1987 873 2187 925 malam
2230 888 2331 926 vo-

748 966 1050 1028 luntatem;
1091 963 1194 1016 hoc
1217 962 1359 1015 enim
1409 963 1683 1031 significat
1744 964 2026 1016 indurabo.
2078 963 2333 1019 Continet

747 1053 887 1108 forte
921 1056 1211 1124 quemdam
1252 1056 1418 1108 alium
1443 1057 1634 1109 eadem
1667 1057 1826 1111 lectio
1860 1071 2082 1112 sensum
2114 1075 2128 1110 :
2161 1057 2332 1110 Indu-

748 1147 899 1210 rabo,
935 1147 987 1202 id
1017 1156 1120 1213 est,
1155 1148 1306 1202 durae
1327 1156 1382 1201 et
1424 1147 1646 1202 indocili
1695 1149 1864 1202 menti
1909 1149 2043 1202 dura
2075 1148 2331 1203 inducam

2431 875 2596 930 αὑτοῦ
2627 876 2886 947 ρέποντος
2920 877 3016 927 καὶ
3073 875 3580 944 συνεστραμμένου,
3615 875 3741 926 οὐδὲ
3791 875 4026 942 ἀναχαι-

2437 969 2596 1032 τίζει,
2637 969 2724 1020 ἵνα
2766 969 2842 1037 μὴ
2877 966 3103 1036 περιέλῃ
3153 968 3254 1035 τῆς
3303 967 3652 1033 ἀνθρωπίνης
3684 965 3915 1032 φύσεως
3975 969 4026 1015 τὸ

2437 1057 2800 1122 αὐτεξούσιονο
2831 1059 2927 1110 καὶ
2972 1057 3111 1126 παρ’
3150 1057 3523 1108 ἑκούσιοντοῦ
3553 1055 3868 1121 Αίγυπτίου
3921 1054 4027 1120 ὡρ-

2441 1150 2677 1220 μηκότος
2705 1190 2722 1214 ,
2773 1150 2836 1202 οὑ
2893 1148 3186 1215 μεταϐαλεῖ
3243 1147 3362 1200 οὐδὲ
3396 1148 3730 1215 μεταστήσει
3782 1147 3926 1213 πρὸς
3973 1145 4028 1194 τὴ

748 1251 805 1294 et
839 1241 1147 1295 istiusmodi
1178 1240 1411 1294 feritatis
1436 1242 1626 1310 digna.
2201 1282 2204 1285 -

2458 1242 2712 1293 ικούσιον·
2747 1240 2907 1293 τοῦτο
2941 1241 3047 1310 γάρ
3075 1242 3191 1292 ἐστι
3216 1240 3298 1302 τὸ,
3330 1237 3850 1305 σκληρυνῶ.Ἐχοι
3884 1237 3941 1288 δ’
3970 1237 4028 1287 ἄν

750 1351 872 1387 τινα
899 1335 994 1386 καὶ
1036 1334 1226 1404 ἑτέραν
1254 1335 1287 1403 ή
1322 1334 1468 1398 λέξις
1489 1333 1628 1403 αὕτη
1659 1334 2152 1404 παραδηλουμένην
2216 1334 2591 1403 περιπέτειαν·
2619 1332 2949 1400 σκληρυνὼ
2985 1333 3095 1402 γὰρ
3160 1331 3281 1384 ἀντὶ
3329 1330 3449 1394 τοῦ,
3482 1328 3708 1400 σκληρῷ
3771 1329 3873 1381 καὶ
3903 1327 4027 1380 ἀτε-

755 1429 952 1499 ράμονι
981 1429 1079 1497 τὴν
1129 1427 1360 1498 γνώμην
1410 1429 1525 1480 ὄντι
1557 1429 1769 1499 σκληρὰ
1799 1428 1946 1498 αὐτῷ
2002 1430 2188 1493 ἐπάξω
2235 1432 2330 1482 καὶ
2363 1430 2464 1499 τῆς
2489 1429 2584 1482 τοῦ
2615 1430 2817 1500 τρόπου
2841 1428 3125 1498 ὠμότητος
3162 1427 3384 1491 ἐπάξια.

826 1519 901 1572 Ita
950 1534 1102 1588 ergo,
1152 1520 1294 1574 sicut
1330 1520 1610 1584 dlximus,
1669 1522 1974 1590 prmvidens
2023 1522 2166 1576 Deus
2216 1522 2339 1577 illos

2508 1521 2667 1574 Οὕτω
2694 1522 2760 1591 δὴ
2785 1521 2878 1574 οὖν
2909 1519 3167 1583 ἐνταῦθα,
3207 1518 3395 1588 ὥσπερ
3423 1519 3658 1588 ἔφημεν,
3689 1518 3953 1588 προειδδς
3975 1518 4030 1569 τὺ

757 1612 978 1681 proprio
1015 1621 1165 1664 motu
1199 1621 1255 1666 et
1287 1613 1506 1680 propria
1531 1612 1807 1667 voluntate
1829 1611 2074 1667 Roboam
2096 1614 2342 1667 desertu-

2458 1613 2589 1665 ἐῖον
2622 1611 2699 1674 ὡς
2735 1613 2792 1678 ἐξ
2825 1612 3036 1673 οἰκείας
3075 1610 3261 1681 ὁρμῆς
3309 1609 3404 1662 καὶ
3441 1609 3725 1679 θελήσεως
3780 1612 4024 1676 ἀποστή-

757 1721 847 1759 ros
875 1720 1016 1767 esse,
1073 1719 1403 1774 servumque
1445 1714 1502 1759 et
1562 1715 1869 1774 apostatam
1933 1703 2222 1760 Jeroboam
2252 1721 2342 1760 se-

2458 1723 2621 1759 πονται
2649 1705 2749 1775 μὲν
2779 1704 2871 1756 τοῦ
2921 1703 3184 1774 Ῥοσοὰμ,
3219 1702 3648 1771 ἀκολουθήσουσι
3672 1703 3734 1756 δὲ
3753 1702 3834 1771 τῷ
3861 1702 4031 1768 δούλῳ

758 1797 1007 1864 qnendos
1048 1812 1190 1862 esse,
1223 1806 1277 1852 et
1326 1797 1676 1852 dividendam
1718 1812 1840 1853 esse
1869 1807 2082 1868 gentem
2118 1799 2171 1853 in
2202 1799 2342 1854 duas

2458 1800 2533 1851 ιαὶ
2561 1796 2844 1866 ἀποστάτῃ
2884 1796 3168 1866 Ἰεροϐοὰμ
3213 1796 3309 1849 καὶ
3352 1795 3752 1864 μερισθήσεται
3784 1797 3846 1847 τὸ
3885 1796 4032 1856 ἔθνος

758 1895 965 1953 partes,
1011 1887 1174 1956 hujus
1228 1887 1502 1958 (inquam)
1558 1889 1930 1958 cognitionem
1963 1891 2105 1944 sicut
2131 1899 2186 1944 et
2219 1905 2341 1944 om-

2458 1895 2519 1955 :i;
2547 1891 2813 1960 τμήματα
2839 1888 2953 1954 δύο,
2980 1888 3172 1941 τούτου
3194 1889 3294 1959 τὴν
3325 1889 3532 1955 γνῶσιν
3557 1888 3752 1957 ὥσπερ
3790 1889 3892 1938 καὶ
3931 1887 4034 1936 τῶν

761 1979 915 2032 nium
946 1979 1180 2033 aliorum
1218 1995 1613 2048 praeoccupans
1644 1981 1810 2046 Deus,
1837 1997 1962 2051 quae
1993 1981 2182 2037 futura
2211 1991 2341 2037 sunt

2458 1983 2616 2036 ἱλλων
2645 1983 2899 2037 ἁπάντων
2930 1979 3277 2051 προειληφὼς
3303 1982 3334 2032 ό
3364 1979 3522 2045 Θεὸς,
3567 1979 3948 2048 προαγορεύει
3976 1977 4034 2026 τὸ

761 2070 1095 2137 praenuntiat
1137 2079 1192 2125 et
1218 2072 1349 2125 dicit
1381 2089 1396 2125 :
1441 2071 1697 2127 Scindam
1733 2090 1960 2144 regnum
2009 2083 2186 2140 tuum,
2215 2091 2343 2145 pro-

2458 2077 2730 2147 ἐσόμενον,
2761 2075 2854 2128 καί
2909 2091 3043 2145 φησι
3070 2090 3088 2108 ο
3118 2072 3406 2144 Διαρῤήξω
3455 2074 3558 2139 τὴν
3612 2070 3925 2140 βασιλείαν,
3950 2071 4033 2122 διὰ

763 2171 884 2229 pter
905 2162 1043 2217 duas
1069 2179 1266 2218 causas
1290 2163 1402 2233 jam
1438 2166 1810 2234 supradictas.
1841 2167 1898 2221 Si
1940 2167 2086 2222 enim
2118 2167 2229 2221 Deo
2267 2169 2343 2221 ita

765 2267 979 2321 semper
1005 2254 1278 2321 loquente,
1309 2266 1362 2309 et
1379 2256 1444 2309 ad
1467 2258 1821 2327 semetipsum
1848 2259 2034 2312 omnia
2052 2257 2341 2324 referente,

767 2353 1003 2396 attamen
1045 2344 1118 2396 illi
1177 2346 1244 2398 ad
1300 2347 1438 2400 alios
1490 2363 1611 2402 sese
1659 2357 2038 2402 convertentes
2093 2350 2346 2414 deos,et

768 2436 1040 2488 Astartem
1094 2451 1217 2505 qua:
1265 2437 1500 2493 Artemis
1562 2440 1706 2508 apud
1753 2440 1973 2495 Graecos
2020 2450 2246 2494 vocatur
2291 2449 2347 2495 et

767 2523 1008 2581 (Iliamos
1041 2535 1096 2581 et
1143 2543 1362 2583 muscas
1406 2531 1672 2596 colentes,
1709 2532 1830 2587 istis
1860 2548 1974 2586 sua:
2001 2533 2128 2586 vitae
2161 2534 2344 2602 provi-

769 2619 1012 2674 dentiam
1030 2629 1085 2675 et
1122 2620 1468 2678 durationcm
1500 2625 1891 2690 attribuerunt,
1925 2625 1992 2679 ad
2021 2626 2152 2695 quid
2175 2627 2348 2680 auda-

769 2713 870 2765 cia:
905 2728 1012 2766 non
1057 2716 1356 2780 venissent,
1392 2717 1438 2770 si
1467 2732 1534 2770 ex
1565 2729 1880 2772 sanctarum
1930 2717 2345 2788 Scripturarum

771 2803 1024 2869 lectione,
1081 2806 1191 2862 illis
1229 2808 1355 2862 data
1410 2808 1605 2863 fuisset
1652 2811 1871 2866 occasio
1914 2811 2162 2878 quaedam
2202 2812 2351 2880 σεοεί-

770 2897 943 2961 tandi,
984 2898 1148 2951 alium
1173 2899 1464 2967 quemdam
1491 2917 1610 2955 esse
1632 2901 1794 2955 finem
1826 2903 2006 2971 pinnis
2033 2901 2347 2969 facientem,

771 2995 826 3038 et
854 3001 920 3039 ex
952 2987 1062 3040 alio
1100 2989 1340 3056 quodam
1394 2991 1667 3045 malorum
1703 3006 1842 3045 onus
1872 2992 2107 3047 venire?
2154 2991 2350 3046 Videas

771 3087 951 3131 autem
1007 3079 1059 3132 in
1108 3081 1408 3134 tentatione
1462 3081 1596 3148 justi
1646 3080 1749 3136 Job
1804 3083 1974 3137 Deum
2021 3085 2353 3137 tentationes

775 3170 1185 3237 permittentem
1217 3179 1272 3226 et
1322 3174 1459 3226 lines
1491 3175 1760 3242 quosdam
1809 3175 2095 3229 tentationi
2147 3175 2355 3229 consti-

774 3270 970 3326 tuens;
1006 3262 1153 3315 verbi
1181 3265 1374 3328 gratia,
1404 3265 1507 3318 hoc
1545 3267 1705 3319 datur
1738 3267 1832 3321 tibi
1861 3275 2091 3332 tentare,
2112 3266 2165 3320 in
2201 3267 2351 3320 illum

2444 2167 2543 2228 τὰς
2570 2166 2976 2238 προειρημένας
3001 2165 3311 2236 ἔμπροσθεν
3337 2165 3515 2226 αίτίας
3543 2164 3657 2216 δύο.
3705 2165 3771 2216 Εἰ
3805 2162 3918 2230 γὰρ
3948 2163 4035 2212 καί

2444 2259 2588 2314 οὓτω
2617 2258 2710 2311 τοῦ
2739 2258 2895 2310 Θείου
2939 2255 3215 2326 πανταχοῦ
3245 2256 3490 2323 λέγοντος
3515 2255 3613 2308 καὶ
3638 2257 3720 2317 είς
3757 2256 3957 2307 ἑαυτὸν
3981 2255 4036 2303 τὸ

2445 2355 2554 2406 πᾶν
2577 2352 2958 2420 ἀναφέροντος,
2977 2351 3036 2402 οὐ
3054 2349 3289 2402 διέλιπον
3319 2349 3468 2402 αὑτοὶ
3483 2349 3621 2417 πρὸς
3643 2347 3871 2416 ἐτέρους
3901 2349 4032 2398 ἁπο-

2446 2446 2730 2516 τρέχοντες
2748 2444 2927 2506 θεοὺς,
2945 2443 3040 2496 καὶ
3053 2445 3120 2513 τῇ
3157 2441 3424 2511 Ἀστάρτῃ
3445 2442 3566 2511 ἦτις
3591 2441 3710 2492 ἐστὶ
3739 2439 3872 2507 παρ’
3913 2438 4035 2490 Ἐλ-

2447 2538 2606 2606 λησιν
2663 2538 2950 2606 Ἄρτεμις,
2987 2535 3087 2588 καὶ
3123 2534 3201 2604 τῷ
3229 2535 3433 2602 Χαμὼς
3453 2533 3548 2584 καὶ
3583 2533 3704 2592 ταῖς
3733 2531 3928 2599 μυίαις
3945 2531 4037 2579 λα-

2447 2629 2753 2701 τρεύοντες,
2773 2627 3046 2688 κάκείνοις
3064 2626 3161 2695 τῆς
3179 2625 3388 2678 ὲαυτῶν
3409 2624 3554 2692 ζωῆς
3573 2624 3676 2694 τὴν
3697 2621 3966 2692 πρόνοιάν
3987 2636 4036 2669 τε

2451 2724 2547 2776 καὶ
2579 2721 2676 2788 τὴν
2701 2719 2962 2788 διαμονὴν
2993 2719 3408 2787 περιάπτοντες,
3439 2715 3494 2767 τί
3514 2715 3616 2766 οὐκ
3633 2713 3699 2766 ἂν
3726 2712 4040 2778 ἐτόλμησα-ι

2452 2814 2504 2865 εἴ
2535 2811 2655 2865 τινὰ
2686 2811 2848 2862 ποθεν
2869 2807 3050 2861 λαϐεῖν
3084 2807 3342 2877 ἀφορμὴν
3374 2806 3534 2874 ἔσχον
3577 2807 3644 2857 ἐκ
3675 2803 3783 2871 τῆς
3835 2801 3946 2854 τῶν
3974 2802 4042 2850 ἱε-

2457 2903 2564 2972 ρῶν
2592 2900 2941 2972 Γραμμὰτων
2971 2899 3234 2960 διανοίας,
3253 2897 3330 2960 ὡς
3361 2897 3517 2959 ἄλλος
3546 2898 3632 2960 τίς
3671 2900 3828 2950 ἐστιν
3865 2896 4042 2954 αὐτοῖς

2452 2994 2480 3044 ὀ
2511 2991 2609 3053 τὰς
2640 2987 2916 3058 τιμωρίας
2975 2987 3201 3057 ὁρίζων,
3233 2987 3328 3038 καὶ
3356 2986 3416 3050 ἐξ
3453 2987 3642 3056 ἑτέρου
3695 2986 3849 3046 τινὸς
3875 2987 3911 3054 η
3943 2985 4040 3035 τῶν

2455 3082 2714 3151 χειρόνων
2743 3081 2926 3142 αὐτοῖς
2969 3079 3161 3132 ἕπεται
3191 3078 3333 3148 φορά
3365 3094 3380 3142 ;
3408 3077 3567 3141 Ἴδοις
3590 3078 3650 3130 δ’
3680 3078 3751 3130 ἂν
3785 3077 3882 3129 καὶ
3911 3079 4043 3127 κατὰ

2452 3173 2515 3224 τὸ
2545 3173 2898 3242 πειρατήριον
2921 3169 3013 3222 τοῦ
3046 3169 3257 3223 δικαίου
3290 3167 3409 3222 Ἰὼϐ
3430 3169 3522 3221 τὸν
3539 3169 3670 3220 Θεὸν
3700 3167 4042 3236 συγχωροῦν.

2454 3279 2524 3313 τα
2546 3263 2676 3324 τοὺς
2726 3262 3074 3332 πειρασμοὺς
3131 3261 3228 3314 καὶ
3259 3262 3417 3331 ὅρους
3472 3259 3625 3320 τινὰς
3680 3258 4043 3326 καθορίξοντα

776 3361 958 3407 autem
1003 3369 1070 3408 ne
1108 3371 1331 3408 manum
1378 3357 1659 3411 extendas.
1690 3357 1881 3412 Omnia
1913 3360 2061 3412 enim
2103 3360 2172 3412 ab
2205 3359 2354 3413 onmi

2458 3353 2533 3424 τῷ
2559 3352 2893 3426 πειράζοντν
2921 3349 3052 3419 οἷον,
3091 3353 3231 3407 Τάδε
3255 3352 3456 3406 δίδοται
3489 3368 3573 3403 σοι
3603 3350 3898 3418 πειράσαι,
3927 3349 4043 3400 τού·

777 3446 985 3512 potenti
1029 3447 1243 3510 dextra,
1293 3450 1456 3502 modo
1480 3450 1700 3519 quidem
1745 3451 2036 3520 adjuvante
2073 3459 2127 3504 et
2152 3466 2355 3519 coope-

779 3544 956 3602 rante,
1003 3538 1165 3592 modo
1207 3539 1560 3607 permittente
1595 3550 1650 3594 et
1693 3556 1803 3595 non
1844 3541 2194 3610 impediente,
2226 3560 2362 3614 pen-

777 3627 926 3682 dent.

855 3806 1065 3864 Similis
1095 3815 1276 3863 autem
1297 3809 1481 3879 aliquo
1511 3811 1674 3866 modo
1706 3811 1919 3865 videtur
1938 3821 1993 3864 et
2021 3812 2138 3866 haec
2163 3811 2359 3867 lectio:

789 3923 808 3955 ε
846 3904 913 3956 Et
969 3903 1177 3957 addidit
1221 3900 1377 3956 furor
1432 3903 1649 3958 Domini
1705 3905 1868 3961 irasci
1920 3914 2110 3960 contra
2171 3904 2362 3967 Israel,

783 3995 1188 4063 commovitqne
1247 3992 1415 4048 David
1467 3996 1521 4050 in
1570 3998 1650 4050 eis
1701 3996 1973 4052 dicentem
2014 4012 2030 4052 :
2068 3997 2363 4051 Dinumera

784 4085 1036 4139 Israel”.
1081 4101 1100 4135 ›
1141 4082 1336 4136 Incitat
1385 4085 1532 4138 enim
1579 4085 1750 4140 David
1785 4087 1854 4140 ad
1906 4086 2074 4140 Israel
2116 4086 2367 4140 dinume-

783 4177 1019 4231 randum
1071 4179 1196 4248 quia
1241 4194 1368 4249 erga
1397 4177 1534 4247 justi
1574 4177 1778 4246 judicis
1806 4176 1944 4230 iram
1983 4184 2047 4231 et—
2068 4176 2362 4231 vindictam

786 4273 1044 4325 Israelita:
1088 4286 1186 4340 pro
1217 4271 1457 4338 peccatis
1494 4271 1608 4325 suis
1639 4270 1914 4324 debitores
1944 4277 2140 4334 erant;
2174 4279 2228 4323 et
2258 4285 2364 4323 non

786 4371 870 4416 est
924 4361 1064 4416 alius
1120 4361 1406 4430 impellens
1453 4359 1711 4415 Davidem
1750 4375 1815 4414 ac
1852 4359 1942 4413 ille
1990 4359 2082 4428 qui
2113 4359 2367 4414 irascitur

787 4463 978 4507 contra
1037 4454 1198 4507 Israel
1264 4463 1318 4507 et
1365 4454 1459 4522 qui
1506 4467 1701 4524 pinnas
1769 4452 1823 4506 in
1855 4453 2006 4506 illum
2043 4452 2367 4507 inducturus

786 4555 926 4600 erat.
958 4546 1167 4600 Etenim
1195 4549 1402 4614 peccati
1435 4562 1535 4602 nos
1565 4562 1690 4600 reos
1720 4546 1947 4608 scimus,
1987 4546 2364 4599 testimonium

789 4638 951 4689 etiam
987 4638 1400 4705 perhibentibus
1453 4637 1655 4691 divinis
1705 4635 1946 4701 Litteris,
1998 4637 2364 4691 accidentium

2459 3464 2550 3500 του
2583 3447 2639 3498 δὲ
2685 3449 2758 3517 μὴ
2783 3446 2917 3518 ἅψῃ.
2951 3445 3137 3499 Πάντα
3163 3445 3272 3516 γὰρ
3295 3445 3391 3512 τῆς
3417 3442 3933 3511 παντοκρατορικῆς
3963 3441 4043 3503 ἐξ·

2457 3541 2628 3610 ἧπται
2659 3539 2860 3605 δεξιᾶς,
2893 3538 2964 3591 τὰ
3025 3538 3124 3606 μὲν
3183 3534 3732 3605 ἀντιλαμϐανομένης
3781 3535 3882 3586 καὶ
3915 3550 4042 3600 συμο

2461 3629 2829 3700 πραττούσης,
2869 3628 2941 3682 τὰ
2988 3628 3046 3681 δὲ
3079 3626 3517 3697 παραχωρούσης
3573 3625 3672 3676 καί
3714 3625 3823 3676 οὐκ
3850 3625 4041 3689 ἀπειρ-

2460 3722 2687 3792 γούσηςο

2535 3813 2921 3882 Παραπλήσιον
2951 3810 3009 3863 δέ
3043 3826 3160 3872 πως
3213 3805 3353 3861 εἶναι
3376 3808 3526 3861 δοκεῖ
3571 3808 3669 3859 καὶ
3715 3806 3806 3867 τὸ,
3835 3824 3854 3854 ι
3885 3805 4047 3868 Πρω.

2463 3906 2615 3958 έθετο
2628 3905 2766 3976 ὀργὴ
2789 3904 2996 3973 Κυρίου
3008 3903 3100 3956 τοῦ
3123 3901 3443 3970 θυμωθῆναι
3463 3902 3560 3954 ἐπὶ
3577 3898 3821 3969 Ἰσραήλ.
3841 3899 3952 3950 Καὶ
3967 3901 4049 3948 ἐτ-

2465 3999 2644 4050 έσεισε
2670 3997 2762 4049 τὸν
2807 3995 2970 4049 Δαὸὶδ
3004 3996 3084 4058 εἰς
3110 3993 3308 4055 αὐτοὺς
3349 3991 3544 4058 λέγων,
3582 3991 3928 4059 ’Δρίθμησον
3969 3988 4047 4038 τὶν

2478 4089 2719 4158 Ἰσραήλ.
2757 4108 2775 4141 ι
2809 4087 3071 4142 Ἐπισείει
3111 4086 3222 4156 γὰρ
3270 4085 3364 4137 τὸν
3392 4083 3560 4136 Δαϐὶδ
3615 4081 3933 4152 ἀριθμῆσαι
3973 4080 4046 4131 τὲ·-

2479 4181 2714 4252 Ἰσραὴλ,
2751 4182 2834 4234 ὅτι
2853 4180 2945 4232 τοῦ
2970 4179 3180 4232 δικαίου
3206 4176 3396 4248 κριτοῦ
3417 4176 3557 4245 ὀργὴ
3587 4176 3685 4228 καὶ
3712 4173 3962 4242 τιμωρία
3985 4173 4050 4237 τί·

2479 4274 2694 4345 Ἰσραὴλ
2710 4275 2775 4342 ἐφ
2791 4269 2897 4336 ὀἷς
2923 4273 3168 4341 ἥμαρτον
3190 4268 3622 4340 ἐκεχρεὼστητο·
3643 4267 3741 4319 καὶ
3767 4267 3870 4318 οὐκ
3893 4265 4042 4322 ἄλλος

2466 4367 2551 4428 τίς
2577 4369 2726 4418 ἐστιν
2742 4367 2769 4417 ὀ
2783 4365 3052 4417 ἀνασείων
3074 4363 3165 4413 τὸν
3182 4360 3370 4423 meta,
3396 4358 3511 4412 ἀλλ’
3540 4361 3568 4411 ὁ
3585 4357 3944 4428 ὠργισμένος
3966 4358 4050 4423 μὲν

2466 4457 2543 4527 τῷ
2587 4456 2827 4528 Ἰσραὴλ,
2862 4455 3177 4521 ἐπενεγκεῖν
3221 4451 3279 4504 δὲ
3317 4449 3526 4520 μέλλων
3568 4450 3759 4510 αὐτοῖς
3789 4450 3894 4517 τὴν
3946 4463 4051 4498 ποι-

2467 4553 2586 4620 νήν.
2620 4549 2729 4602 Καὶ
2754 4548 2863 4617 γὰρ
2891 4547 2992 4613 τῆς
3019 4547 3117 4615 μὲν
3151 4544 3426 4613 ἁμαρτίας
3456 4544 3656 4603 αὐτοὺς
3691 4542 3858 4611 ίσμεν
3893 4560 3954 4594 τε
3984 4544 4051 4593 αἱ·

2467 4641 2760 4705 τίους,κα⁹ι
2785 4639 2855 4692 τὰ
2906 4639 3026 4691 θεῖα
3079 4637 3544 4704 διαμαρτύρονται
3578 4635 3781 4703 Λόγια,
3837 4637 3953 4686 τῶν
4006 4635 4051 4685 οὲ

790 4741 971 4782 autem
1001 4728 1158 4782 nobis
1191 4744 1288 4796 pro
1326 4729 1564 4797 peccatis
1598 4728 2012 4781 tribulationum
2046 4727 2226 4780 divina
2263 4741 2356 4780 vo-

2464 4731 2772 4803 έρχομένων
2802 4731 2935 4799 ἡμῖν
2959 4729 3056 4794 ἐφ’
3103 4722 3184 4788 οἷς
3217 4727 3668 4796 ἐξαμαρτάνομεν
3719 4725 4050 4795 θλιϐερὼνή

792 4822 978 4875 luntas
1015 4830 1101 4875 est
1151 4829 1363 4873 auctor.
1404 4817 1540 4873 Justi
1583 4820 1732 4872 enim
1783 4824 1868 4872 est
1907 4817 2110 4886 judicis
2150 4832 2367 4886 pcenam

2467 4824 2587 4878 θεία
2634 4823 2817 4893 ψῆφος
2846 4821 3196 4892 δημιουργός
3255 4817 3445 4889 κριτοῦ
3500 4818 3610 4885 γὰρ
3641 4816 3891 4879 δικαίου,
3932 4816 4050 4884 πρὸς

794 4926 892 4982 pto
958 4913 1223 4979 gravitate
1274 4910 1461 4965 delicti
1517 4917 1792 4975 statuere;
1825 4909 2028 4963 etenim
2081 4908 2175 4962 irae
2202 4925 2356 4963 causa

2465 4917 2566 4986 τὴν
2590 4913 2701 4968 τῶν
2727 4915 2905 4985 ἔργων
2944 4914 3228 4984 βαρύτητα
3258 4913 3354 4965 καὶ
3379 4912 3480 4980 τὴν
3510 4910 3609 4962 ἐπ’
3641 4911 3849 4971 αὐτοὺς
3889 4926 4050 4976 τιμω-

795 5014 945 5068 sunt,
978 5005 1071 5074 qui
1105 5012 1502 5074 peccaverunt;
1550 5003 1632 5056 ira
1657 5011 1836 5057 autem
1874 5001 1994 5056 istis
2029 5002 2369 5070 punitionem

795 5097 1036 5162 induxit,
1097 5097 1278 5150 medio
1322 5104 1540 5164 sumpto
1585 5093 1774 5158 David,
1806 5109 1967 5163 quem
2002 5093 2101 5162 ipsi
2132 5091 2371 5147 offende-

797 5199 941 5255 rant,
981 5201 1202 5261 propter
1233 5189 1381 5260 quod
1413 5199 1469 5244 et
1501 5191 1616 5260 ipse
1638 5189 1691 5243 in
1724 5188 1890 5243 Deum
1917 5197 2256 5258 peccaverat,
2288 5196 2368 5240 et-

799 5282 943 5336 enim
969 5282 1358 5344 dinumeravit,
1400 5281 1650 5349 quamvis
1684 5280 1836 5334 illum
1887 5281 2049 5335 citius
2075 5280 2198 5334 aliis
2243 5295 2377 5333 con-

801 5377 1173 5442 demnaverit;
1208 5376 1339 5430 dicit
1365 5375 1511 5429 enim
1541 5391 1556 5428 :
1599 5372 1880 5428 Percussit
1914 5390 2008 5428 cor
2055 5374 2221 5428 David
2249 5389 2376 5428 eum

807 5478 1027 5540 pr0pter
1056 5469 1240 5537 p0pnli
1271 5467 1672 5522 recensionem.
1698 5465 1858 5531 Quali
1885 5482 2012 5521 vero
2041 5482 2140 5536 pro
2180 5467 2378 5522 delicto

2471 5009 2592 5082 ρίαν
2625 5008 2987 5079 ἁρμόζεσθαι.
3016 5007 3125 5060 Καὶ
3154 5006 3262 5074 γὰρ
3315 5004 3414 5073 τῆς
3449 5004 3549 5071 μὲν
3579 5003 3752 5070 ὀργῆς
3788 5003 3840 5053 οἱ
3887 5003 4055 5070 ἡμιβ-

2469 5103 2696 5172 τηκότες
2729 5101 3022 5169 παραίτιον
3053 5101 3087 5168 ἡ
3114 5098 3170 5151 δὲ
3195 5098 3334 5168 ὀργὴ
3389 5096 3600 5158 τούτοις
3653 5095 3756 5164 τὴν
3785 5094 4054 5163 τιμωρίαν

2472 5193 2750 5263 ἐπήγαγε,
2792 5192 2958 5262 μέσου
3006 5187 3573 5260 παραλαμϐανομένου
3625 5184 3717 5238 τοῦ
3757 5185 3957 5246 Δαϐιδ,
3989 5187 4054 5241 εἰς

2471 5286 2532 5338 ὃν
2564 5287 2759 5338 ἐκεῖνοι
2798 5283 3231 5354 προσέκρουσαν,
3254 5280 3341 5333 διὰ
3366 5279 3428 5331 τδ
3469 5279 3566 5331 καὶ
3606 5276 3773 5329 αὐτὸν
3802 5279 4051 5345 map-.1;-

2473 5378 2629 5430 κέναι
2677 5375 2818 5445 Θεῷο
2855 5377 2946 5427 καὶ
2984 5374 3094 5445 γὰρ
3120 5371 3447 5443 ἠρίθμησενο
3478 5372 3529 5423 εἰ
3584 5371 3680 5421 καὶ
3711 5368 3925 5421 θᾶττον
3966 5368 4052 5418 αἰο·

2473 5469 2564 5524 τὸν
2594 5469 2698 5538 πρὸ
2710 5469 2817 5522 τῶν
2829 5469 3003 5521 ἄλλων
3029 5465 3407 5519 κατεδίκασεν·
3429 5463 3566 5532 φησὶ
3588 5463 3749 5532 γάρ·ι
3780 5461 4050 5523 Ἐπάταξί

805 5561 1036 5630 populus
1067 5576 1255 5630 ρωπος
1280 5562 1410 5615 dare
1425 5560 1680 5631 dignatus
1700 5561 1823 5614 est?
1847 5575 2026 5613 nonne
2045 5559 2268 5614 evidens
2297 5574 2356 5614 es

2476 5562 2673 5632 καρδία
2703 5560 2868 5613 Δαὸὶδ
2896 5560 3058 5614 αὑτὸν
3092 5559 3175 5611 ὃτι
3206 5556 3482 5626 ἠρίθμησε
3525 5555 3614 5606 τὸν
3646 5555 3798 5606 λαόν.
3845 5573 3864 5602 ι
3908 5553 4052 5605 lIoiz;

809 5671 910 5725 pro
938 5655 1333 5710 insurrectione
1362 5663 1553 5711 contra
1596 5653 1764 5708 David
1793 5669 1955 5709 suum
1988 5667 2190 5723 regem,
2251 5667 2378 5706 cum

2487 5653 2543 5706 δὲ
2564 5652 2908 5722 παρανομίας
2929 5649 3233 5719 τηνικαῦτα
3257 5650 3286 5701 ό
3316 5647 3441 5708 λαὸς
3473 5647 3726 5714 ὑποςχεῖν
3755 5648 4052 5699 ἐδικαιοῦττ

815 5750 1014 5819 rejecta
1041 5750 1277 5819 legitima
1301 5759 1358 5804 ct
1391 5749 1538 5820 justa
1562 5754 1854 5816 potestate,
1887 5746 1941 5799 in
1970 5745 2211 5802 favorem
2239 5744 2351 5800 illiu

2489 5743 2781 5816 τιμωρίαν,
2809 5745 2843 5815 ἢ
2886 5742 3128 5815 δηλονότι
3155 5741 3254 5808 τῆς
3315 5739 3730 5799 ἐπαναστάσεως
3765 5737 3881 5807 τῆς
3935 5738 4053 5789 κατὰ

886 5866 931 5897 ⁸³
965 5863 1136 5922 Exod.
1167 5880 1280 5932 xiv,
1317 5863 1371 5918 4.
1479 5863 1521 5894 ³⁸
1546 5859 1706 5920 Num.
1741 5874 1869 5928 xxv,
1908 5860 1960 5915 4.
