4156 6438
767 369 909 436 1143

1953 377 2213 440 ΡΗΟΤΙΙ
2241 382 2746 443 PATBIARCHIE
2767 384 2878 445 (ΖΡ.

3878 380 4009 444 ll“

751 483 1066 551 regnavisse
1102 483 1433 552 accepimus,
1467 495 1577 539 tam
1608 485 1721 542 cito
1747 502 1780 542 e
1818 487 1972 559 lapsu
2011 504 2073 544 se
2116 490 2316 554 attulit,

2437 491 2564 544 ιατά
2606 491 2706 561 τὴν
2763 493 2992 564 καρδίαν
3049 491 3465 546 πεπολιτεῦσθαι
3511 494 4010 562 μεμαρτυρημένος

752 575 1176 644 ιιωιιίιειιιίειιιυε
1205 585 1260 629 et
1316 575 1574 647 lacrymis
1623 587 1854 634 conatus
1886 591 1972 634 est
2008 580 2192 636 delere
2222 583 2330 634 ini-

753 666 1018 732 quitatem
1050 682 1226 728 suam,
1261 682 1443 722 nonne
1487 677 1699 737 oportet
1743 686 1840 725 nos
1872 671 1967 740 qui
2022 686 2130 726 non
2161 676 2329 729 semel

755 764 967 810 tantum
1000 757 1318 825 cecidimus,
1352 759 1447 814 sed
1479 761 1743 815 continuo
1770 761 2028 828 labimur,
2060 764 2243 819 facere
2269 775 2330 820 ut

752 847 902 916 largo
924 846 1052 902 ﬂetu
1085 857 1132 902 el
1163 851 1397 905 contrito
1423 852 1588 907 corde
1615 862 1834 922 peccata
1861 864 2048 909 nostra
2074 859 2330 912 emende-

753 939 917 994 tnus'!
971 941 1367 1011 Argumentum
1406 959 1627 1014 quoque
1681 944 1786 999 hoc
1826 956 1905 999 est
1961 961 2032 999 ne
2073 947 2327 1016 quidam,

750 1030 954 1084 virtute
985 1031 1249 1102 insignes,
1280 1048 1404 1088 cum
1436 1034 1491 1088 in
1511 1049 1605 1090 eos
1635 1049 1851 1091 errores
1879 1035 2202 1102 deciderint,
2233 1038 2330 1108 qui

754 1131 884 1175 sunt
908 1122 1164 1189 hominis,
1196 1124 1541 1195 semetipsos,
1574 1129 1724 1182 omni
1747 1127 1996 1198 deposita
2025 1144 2121 1199 spe
2143 1168 2160 1193 ,
2203 1146 2330 1200 pes-

753 1212 1044 1280 sumdent;
1072 1217 1167 1270 sed
1208 1220 1391 1287 potius
1421 1218 1707 1274 attendant
1732 1219 1948 1275 beatum
1993 1222 2143 1276 hunc
2173 1222 2330 1277 Davi-

752 1303 900 1369 dem,
943 1317 1148 1376 quanto
1191 1309 1398 1365 scelere
1443 1311 1746 1378 astrictum,
1774 1327 1938 1382 quam
1963 1314 2073 1368 cito
2097 1315 2328 1370 salutem

755 1395 1045 1464 invenerit,
1077 1407 1135 1453 ut
1163 1408 1219 1453 et
1243 1401 1346 1470 ipsi
1370 1401 1562 1456 eodem
1583 1402 1765 1457 studio
1791 1404 2113 1472 excitentur,
2140 1421 2329 1461 assur-

755 1497 906 1558 gant,
932 1491 1344 1561 emendatisque
1391 1491 1639 1548 moribus
1675 1492 1834 1547 unice
1863 1493 2082 1548 demum
2125 1509 2328 1552 consu-

756 1579 947 1642 lentes,
991 1583 1229 1651 priorem
1267 1584 1631 1652 integritatem
1674 1600 1845 1655 usque
1887 1586 2090 1642 colant.
2123 1585 2328 1642 Forsan

754 1685 976 1740 quoque
1003 1681 1156 1726 tanto
1177 1683 1402 1742 peccato
1427 1674 1761 1743 permittitur
1780 1677 2138 1732 succumbere
2160 1677 2328 1732 David

757 1776 826 1817 ne
868 1761 1039 1816 Judaei
1117 1764 1398 1818 audientes
1456 1780 1651 1835 magna
1705 1782 1826 1836 qua:
1886 1767 1955 1821 de
2016 1767 2110 1821 illo
2157 1784 2328 1824 sacra:

758 1856 1053 1925 Scriptura:
1085 1865 1373 1919 testantur,
1407 1871 1472 1911 es
1509 1873 1667 1927 aequo
1697 1859 1846 1912 illum
1881 1873 2006 1914 cum
2037 1859 2146 1913 Deo
2183 1861 2332 1914 cole-
2363 1841 2406 1894 Β

757 1957 914 2013 rent;
947 1948 1147 2003 etenim
1184 1949 1372 2002 eadem
1404 1948 1471 2002 de
1513 1964 1679 2003 causa
1722 1949 1921 2020 Moysis
1959 1965 2159 2022 corpus
2199 1952 2330 2006 sub-

758 2046 971 2106 reptum
997 2047 1114 2104 est;
1141 2038 1503 2109 ignotumque
1531 2055 1699 2108 usque
1748 2041 1814 2094 ad
1855 2055 2092 2109 praesens
2117 2051 2330 2110 tempus

758 2146 790 2183 a
819 2129 947 2185 liliis
991 2129 1149 2186 Israel
1205 2140 1449 2194 vocatur,
1510 2132 1782 2201 Divosque
1824 2131 2020 2186 Paulus
2069 2132 2210 2186 idem
2261 2133 2330 2186 de

759 2221 1053 2290 semepliso
1102 2220 1343 2275 declarat
1387 2222 1574 2275 dicens
1618 2241 1631 2275 :
1686 2240 1704 2272 ι
1751 2219 1827 2276 Ne
1873 2222 2164 2292 quisquam
2220 2236 2340 2277 sese

760 2311 1208 2366 scandalizaverit
1262 2327 1428 2380 super
1478 2327 1564 2366 me
1621 2322 1843 2381 propter
1906 2313 2050 2382 quod
2099 2312 2247 2367 violet
2283 2324 2340 2370 et

759 2403 946 2468 audit;
978 2421 997 2454 ι
1031 2411 1086 2457 et
1107 2404 1286 2472 reipsa
1319 2403 1602 2474 gentilium
1632 2403 1855 2472 quidam
1919 2419 2024 2457 una
2073 2403 2338 2458 vidissent

761 2494 1005 2564 prodigia
1033 2509 1155 2566 quae
1197 2497 1315 2565 ipse
1342 2505 1398 2550 et
1428 2495 1707 2550 Barnabas
1734 2496 2116 2566 perpetrabant
2147 2503 2207 2549 ut
2231 2494 2334 2552 diis

762 2601 920 2641 sacra
949 2586 1127 2644 facere
1158 2595 1611 2659 properaverunt.

948 2873 1277 2941 QUIESTIO
1307 2875 1509 2930 CCCI“
1546 2875 1734 2948 [CoisL
1775 2877 1938 2932 Taur.
1964 2876 2173 2948 CXVI].

834 2964 1012 3031 Quare
1081 2967 1221 3022 Deus
1291 2970 1698 3040 primogenitum
1781 2968 1956 3024 Israel
2022 2971 2263 3026 vocavit?

2431 580 2587 644 Θεοῦ,
2621 581 2805 634 πεσὼν
2832 576 2989 645 οὗτος
3015 582 3208 636 θᾶττον
3237 583 3439 653 ἀνέστη
3463 583 3560 635 καὶ
3585 583 3675 635 διά
3711 584 4010 650 μετανοίας

2430 672 2526 724 καὶ
2552 673 2804 744 δακρύων
2828 674 3156 728 ἐσπούδασεν
3172 673 3477 743 ἐκκαθᾶραι
3491 673 3554 727 τὸ
3576 673 4014 742 ὀλίσθημανπιῖκ

2431 761 2494 814 ού
2529 761 2636 833 χρὴ
2655 763 2750 816 καὶ
2770 765 2920 833 ἡμᾶς
2961 765 3062 834 οὐχ
3091 763 3239 827 ἀπαξ
3276 764 3568 827 πεσόντας,
3593 763 3733 816 ἀλλά
3761 764 3859 818 διὰ
3879 781 4014 816 παν-

2429 853 2519 916 τὸς
2540 853 2858 918 πίπτοντας,
2887 855 3112 924 θερμοίς
3138 858 3253 918 τοῖς
3279 855 3517 924 δάκρυσι
3553 856 3649 907 καὶ
3676 871 4010 925 συντετριμ-

2433 946 2570 1017 μένῃ
2593 945 2791 1016 καρδίᾳ
2816 946 3137 1013 ἀπαλείφειν
3166 945 3459 1015 πειρᾶσθαι
3487 947 3558 999 τὰ
3586 947 4008 1016 ἁμαρτήματας

2428 1035 2509 1087 ἐτι
2537 1035 2615 1098 δὲ,
2649 1035 2734 1088 ἵνα
2754 1035 2830 1105 μὴ
2856 1035 3060 1105 δήποτέ
3086 1051 3232 1098 τινες
3253 1033 3364 1086 τῶν
3396 1036 3454 1086 ἐν
3476 1034 3876 1104 κατορθώμασι
3904 1033 4014 1085 δια·

2430 1125 2778 1196 λαμπόντων,
2810 1120 2900 1179 οἷα
2925 1126 2991 1195 δὴ
3002 1117 3082 1179 9τά
3109 1123 3426 1198 ἀνθρώπινα
3463 1127 3544 1188 είς
3575 1126 3944 1196 παράκτωμά
3962 1143 4013 1177 τι

2429 1218 2900 1290 κατωλισθηκότες
2923 1217 3237 1285 ἀπογνώσει
3268 1219 3496 1279 ἑαυτοὺς
3525 1218 3621 1271 καὶ
3670 1217 4014 1287 ἀπελπιστία

2430 1309 2745 1378 παραδῶσιν
2768 1326 2783 1340 ο
2815 1310 2932 1364 ἀλλ’
2969 1309 3188 1380 ἔχοντες
3231 1310 3324 1363 τὸν
3358 1309 3633 1378 μακάρων
3663 1309 3882 1360 ἐκεῖνον
3907 1310 4013 1360 Δα-

2430 1401 2517 1455 6ὶδ
2555 1401 2890 1471 τηλικαύτην
2925 1401 3023 1471 μὲν
3054 1401 3402 1471 παρανομίαν
3449 1399 3841 1470 είργασμένον,
3873 1399 4014 1452 οὗτοι

2427 1493 2486 1546 δὲ
2534 1495 2759 1562 ταχείαν
2822 1492 2922 1563 τὴν
2958 1491 3258 1561 θεραπείαν
3306 1490 3610 1562 εὑρημένον
3633 1534 3652 1556 ,
3705 1493 3803 1544 καὶ
3861 1494 4015 1545 αὐτοὶ

2429 1583 2569 1653 πρὸς
2583 1584 2677 1636 τὸν
2697 1584 2882 1653 ὅμοιον
2897 1583 3226 1636 διαναστῶσι
3259 1583 3438 1652 ζῆλον,
3460 1584 3556 1636 καὶ
3579 1583 3674 1635 τοῦ
3705 1583 4012 1652 πτώματος

2428 1675 2850 1745 ἀνασφαλέντες,
2885 1676 2980 1728 καὶ
3030 1676 3130 1745 τῆς
3190 1675 3476 1746 μετανοίας
3527 1675 3642 1726 ὅλοι
3695 1678 4014 1742 γεγονότες.

2431 1766 2540 1820 τῶν
2586 1767 2864 1837 προτέρων
2913 1765 3143 1836 ἔχωνται
3198 1766 3644 1835 κατορθωμάτων
3679 1783 3694 1797 ·
3767 1767 3908 1829 ἴσως
3958 1769 4011 1820 δὲ

2437 1858 2531 1911 καὶ
2562 1861 2836 1929 συγχωρεῖ
2857 1859 2887 1912 ὁ
2915 1857 3048 1920 Θεὸς
3077 1859 3157 1921 εἰς
3187 1859 3462 1929 ἁμαρτίαν
3484 1861 3674 1910 πεσεῖν
3703 1858 3799 1910 τὸν
3826 1859 4014 1922 Δαδὶδ,

2437 1949 2526 2004 ἶνα
2548 1949 2624 2019 μὴ
2645 1951 2746 2013 τάς
2775 1949 2877 2019 τῆς
2919 1951 3071 2020 ἱερᾶς
3100 1949 3323 2018 Γραφῆς
3350 1949 3480 2019 περὶ
3507 1948 3676 2002 αὑτοῦ
3705 1951 4016 2018 μαρτυρίας

2435 2041 2498 2096 τὸ
2535 2042 2804 2096 Ἰουδαίων
2827 2043 2980 2106 ιθνος
3008 2042 3298 2104 ἀκούοντες
3325 2042 3405 2103 είς
3423 2040 3556 2093 Θεὸν
3585 2041 3757 2094 αὑτὸν
3784 2043 4021 2108 ἀναστή-

2437 2152 2572 2189 σωσι
2596 2151 2612 2167 υ
2642 2133 2737 2188 καὶ
2765 2135 2876 2206 γάρ
2905 2133 3080 2187 καὶτὸ
3110 2133 3385 2194 Μωῦσέως
3409 2130 3569 2201 σῶμα
3602 2131 3695 2184 διά
3721 2132 3824 2202 τὴν
3848 2132 4018 2201 αὐτὴν

2437 2224 2617 2278 αἰτίαν
2652 2224 2968 2296 μετατεθὲν,
2991 2224 3269 2291 ἄγνωστον
3301 2221 3465 2292 μέχρι
3494 2221 3592 2275 καὶ
3612 2221 3860 2291 τήμερον
3885 2239 4019 2290 χρη-

2439 2313 2653 2385 ματίζει
2677 2315 2793 2376 τοῖς
2817 2314 2877 2380 ἐξ
2935 2312 3184 2383 Ἰσραήλ’
3217 2312 3365 2367 καὶὸ
3397 2311 3686 2374 Θεσπέσιος
3717 2312 3777 2365 δὲ
3806 2313 4018 2374 Παῦλος

2433 2401 2673 2455 τοιοῦτόν
2700 2419 2754 2454 τι
2793 2401 2924 2472 περὶ
2951 2399 3117 2456 αὐτοῦ
3141 2400 3395 2470 ὑποδηλοί
3423 2400 3622 2453 λαλῶν
3646 2401 3803 2454 «Ἵνα
3838 2405 3920 2470 μή
3941 2419 4019 2463 τις

2434 2492 2818 2563 ὑπολογίσηταί
2841 2510 2924 2554 τις
2943 2492 3074 2562 περὶ
3095 2491 3231 2563 ἐμοῦ
3251 2491 3390 2561 ὑπὲρ
3404 2491 3433 2544 ὅ
3459 2491 3649 2560 βλέπει
3674 2493 3771 2544 καὶ
3790 2492 3985 2544 ἀκούει
4004 2508 4018 2521 ·

2434 2586 2569 2641 ἀλλὰ
2596 2586 2688 2639 καί
2707 2602 2849 2648 τινες
2868 2583 2974 2638 τῶν
3000 2584 3418 2650 Ἐλληνιζόντων
3435 2584 3558 2636 ἐπεὶ
3584 2583 4018 2653 τερατουργοῦνε

2436 2695 2537 2739 τας
2559 2671 2700 2728 εἶδον
2731 2675 2894 2729 αὐτόν
2914 2693 2974 2728 τε
3006 2677 3103 2730 καὶ
3135 2675 3444 2747 Βαρνάϐαν,
3472 2674 3550 2738 ὡς
3598 2672 3744 2737 Oso't;
3772 2675 4017 2744 προσφέ-

2441 2785 2552 2839 ρειν
2579 2766 2770 2830 θυσίας
2800 2765 2881 2838 ῶρ
2891 2783 3094 2837 μησαν.

2972 2879 3310 2943 ΕΡΩἹἨΣἹΣ
3347 2879 3464 2933 TI‘.

2443 2972 2602 3024 Διατί
2625 2969 3000 3037 πρωτότοκον
3031 2970 3065 3022 ὀ
3098 2968 3248 3034 Θεὸς
3287 2969 3394 3022 τὸν
3441 2970 3682 3038 Ἰσραὴλ
3715 2968 3979 3022 ἐκάλεσε
4001 3008 4016 3029 ,

1855 3079 1999 3130 Edita
2021 3095 2048 3129 a
2068 3081 2192 3129 Maio
2223 3081 2280 3143 (Ι.
2300 3093 2346 3130 c.
2365 3094 2416 3142 q.
2442 3081 2547 3142 100,
2569 3080 2675 3138 101,
2697 3093 2748 3140 q.
2775 3078 2907 3140 l32).

835 3163 978 3219 Deus
1010 3164 1172 3219 Israel
1201 3164 1621 3235 primogenitum
1653 3174 1832 3225 vocat.
1860 3180 1983 3220 cum
2016 3163 2236 3233 Moysen
2268 3163 2335 3217 ad

2511 3162 2867 3231 Πρωτότοκον
2897 3159 2955 3212 δὲ
2979 3160 3009 3212 δ
3045 3159 3179 3221 Θεὸς
3212 3159 3305 3212 τὸν
3371 3156 3588 3229 Ἰσραὴλ
3636 3157 3817 3221 καλεῖ,
3861 3160 4018 3227 ἡνίκα

765 3257 1102 3312 Pharaonem
1121 3258 1290 3320 misit,
1311 3256 1379 3310 ad
1395 3257 1792 3312 ostendendum
1811 3265 2072 3327 quantum
2096 3271 2340 3311 amorem

765 3356 821 3401 et
838 3357 1095 3416 quantam
1111 3347 1430 3401 charitatem
1445 3363 1572 3417 erga
1587 3348 1738 3402 illum
1767 3349 2017 3404 habebat.
2038 3347 2131 3403 Sic
2159 3349 2341 3417 aliquo

767 3437 931 3491 modo
972 3436 1038 3491 ad
1077 3437 1294 3507 Moysen
1344 3437 1707 3506 loquebatur:
1762 3437 2008 3508 Loquere
2051 3438 2340 3491 Pharaoni.

771 3527 1046 3593 Quantum
1067 3536 1122 3580 tu
1155 3542 1394 3580 amorem
1409 3540 1539 3596 erga
1553 3526 1722 3579 lilium
1750 3537 1901 3580 tuum
1925 3524 2343 3594 primogenitum

770 3616 937 3672 babes
955 3624 1010 3670 et
1024 3630 1229 3678 servas,
1253 3625 1464 3671 tantum
1481 3625 1607 3685 puta
1620 3626 1674 3671 et
1696 3616 1865 3670 Deum
1883 3604 2083 3679 habere
2103 3629 2226 3683 erga
2246 3627 2344 3682 po-

770 3707 956 3779 pulum
978 3707 1160 3763 Israel.
1185 3706 1372 3778 Itaque
1390 3722 1496 3761 non
1519 3709 1897 3776 acquiescente
1919 3707 2013 3761 illo
2036 3705 2341 3760 liberationi

767 3810 823 3853 et
854 3799 1046 3854 redimi
1092 3799 1283 3862 Israel,
1316 3811 1506 3853 contra
1534 3800 1923 3867 primogenitos
1963 3795 2264 3852 Pharaonis
2286 3801 2341 3847 et

772 3889 1153 3961 Egyptiorum
1189 3890 1348 3961 plaga
1398 3890 1579 3943 irruit.
1612 3907 1631 3941 ι
1666 3887 1808 3944 Deus
1857 3897 2036 3943 autem
2093 3903 2218 3944 cum
2269 3887 2342 3943 sit

769 3985 1014 4037 omnium
1077 3986 1320 4051 gentium
1384 3980 1556 4035 factor
1616 3989 1670 4035 et
1727 3988 1954 4043 auctor,
2012 3980 2087 4034 ita
2145 3988 2228 4034 est
2286 3988 2342 4033 et

769 4079 1015 4131 omnium
1051 4073 1410 4145 providentia.
1453 4073 1817 4143 Sequentibus
1866 4081 2045 4126 autem
2093 4071 2346 4141 tempori-

772 4171 894 4234 bus,
923 4184 1114 4224 omnes
1145 4178 1330 4239 gentes
1354 4168 1420 4221 ad
1449 4167 1694 4220 eamdem
1721 4165 2081 4236 cognitionem
2110 4178 2342 4218 conver-

771 4277 934 4318 surus
961 4270 1080 4318 erat
1131 4268 1186 4315 et
1234 4268 1661 4322 convocaturus,
1715 4267 1769 4312 et
1811 4257 1950 4312 lilios
2000 4266 2053 4310 et
2102 4255 2343 4310 heredes

773 4355 961 4424 gratias
986 4353 1318 4408 redditurus.
1343 4351 1484 4405 Ante
1518 4351 1641 4405 illas
1671 4361 1852 4405 autem
1884 4357 2096 4418 gentem
2133 4347 2342 4402 Israeli-

774 4447 935 4501 ticam
977 4445 1159 4514 elegit,
1193 4453 1250 4498 ut
1285 4457 1377 4512 per
1408 4441 1553 4495 illam
1585 4455 1775 4495 omnes
1805 4440 1940 4493 alias
1965 4437 2292 4492 conduceret
2323 4452 2336 4489 :

771 4539 917 4608 quod
947 4545 1001 4590 et
1029 4536 1404 4590 demonstrant
1430 4532 1682 4602 apostoli,
1712 4532 1803 4601 qui
1833 4531 2050 4599 quidem
2081 4544 2147 4584 ex
2173 4527 2338 4583 Israel
2367 4521 2410 4578 D

773 4629 878 4685 orti
922 4635 1051 4683 sunt
1077 4627 1320 4682 omnium
1363 4635 1546 4678 autem
1596 4623 1845 4692 magistri
1891 4631 1944 4675 et
1984 4620 2342 4674 conductores

777 4721 901 4777 lacti
932 4731 1079 4784 sunt,
1129 4727 1414 4789 propterea
1480 4715 1738 4771 lsraelitis
1805 4729 1906 4768 vox
1963 4713 2340 4782 primogenitus

777 4813 972 4868 donata
1009 4821 1114 4866 est.
1169 4810 1286 4864 Non
1347 4811 1548 4877 recepit
1591 4817 1772 4862 autem
1826 4807 1902 4859 illi
1949 4806 2343 4875 primogenitus

779 4907 991 4978 pietatis
1045 4904 1455 4976 perfectionem,
1513 4901 1697 4971 itaque
1747 4902 1916 4954 durus
1978 4905 2032 4951 et
2093 4896 2344 4950 indocilis

778 5001 955 5054 factus
985 5006 1199 5052 estnon
1227 4997 1400 5048 solum
1427 4995 1482 5047 in
1512 4991 1767 5063 Egypto,
1797 4990 1889 5044 sed
1911 4995 2108 5057 etpost
2137 4987 2340 5040 cxitunt

778 5093 833 5146 in
863 5091 1100 5144 deserto.
1141 5087 1364 5156 Propter
1393 5084 1539 5155 quod
1571 5082 1984 5152 perfectioribus
2014 5093 2122 5133 non
2150 5079 2343 5148 digna-

779 5196 867 5238 tus
894 5190 978 5236 est
1001 5180 1269 5251 mysteriis
1307 5189 1360 5232 et
1386 5193 1480 5246 per
1505 5176 1676 5246 legem
1710 5173 1934 5230 secundi
1961 5171 2168 5226 ordinis
2199 5183 2345 5223 sem-

780 5291 875 5347 per
909 5274 1230 5328 iustituitur.
1279 5272 1415 5326 Cum
1461 5269 1605 5324 enim
1637 5267 1810 5337 legem
1853 5264 2037 5332 digito
2081 5261 2175 5316 Dei
2204 5260 2342 5315 scri-

780 5381 925 5440 ptam
954 5407 970 5432 ,
1017 5365 1322 5434 tabulisque
1359 5362 1613 5416 humanis
1661 5359 1910 5413 uianibus
1949 5370 2056 5409 non
2080 5351 2344 5408 confectis

779 5456 1122 5525 insculptum,
1156 5455 1323 5523 legem
1352 5451 1507 5504 nobis
1535 5463 1564 5502 a
1593 5447 1811 5502 Christo
1839 5445 2070 5499 dandam
2110 5443 2350 5512 ﬁguran-

782 5556 923 5608 tem,
953 5545 1183 5615 populus
1229 5541 1509 5602 Hebraeus,
1543 5547 1760 5608 propter
1801 5536 1956 5590 vituli
1987 5535 2133 5588 aurei
2165 5542 2348 5586 trans-

785 5636 1116 5708 gressionem
1170 5642 1222 5687 et
1274 5631 1645 5700 impietatem,
1696 5644 1804 5681 non
1866 5627 2118 5696 dignatus
2187 5623 2350 5677 fuerit

786 5727 1049 5796 accipere,
1081 5725 1286 5792 accepit
1314 5721 1610 5777 secundant
1646 5735 1808 5789 quam
1841 5718 2050 5787 Moyses
2084 5716 2280 5770 tabulis
2319 5731 2349 5768 λ

787 5838 846 5878 sc
874 5821 1055 5892 politis
1086 5819 1381 5888 inscripsit.
1415 5815 1472 5872 Si
1534 5815 1676 5870 enim
1727 5814 1872 5883 ipsas
1922 5827 1953 5870 α
1982 5811 2091 5866 Deo
2118 5808 2348 5878 scriptas

2441 3254 2530 3308 τὸν
2558 3255 2764 3324 Μωῦσῆ
2797 3250 3094 3307 ἀπέστελλε
3154 3250 3292 3320 πρὸς
3330 3251 3424 3303 τὸν
3459 3250 3687 3321 Φαραὼ,
3739 3251 4018 3304 ἐνδεικνύ-

2447 3363 2607 3415 μενος
2656 3345 2757 3414 τὴν
2809 3345 3034 3414 ἀγάπην
3095 3342 3190 3397 καὶ
3255 3344 3493 3413 στοργὴν
3549 3344 3685 3413 ὅσην
3729 3338 3848 3412 εἶχε
3896 3346 4019 3411 περὶ

2443 3437 2633 3490 αὐτόν’
2686 3437 2886 3489 ὡσανεὶ
2939 3436 3093 3504 ἔλεγε
3143 3435 3220 3506 τῷ
3270 3435 3525 3488 Μωῧςεῖ·
3569 3452 3588 3485 ι
3619 3434 3883 3501 Λάλησον
3943 3432 4017 3499 τῷ

2441 3527 2673 3597 Φαραὼ,
2702 3527 2785 3580 ὃτι
2827 3525 3053 3595 Ἦλίκην
3084 3526 3148 3579 σὺ
3180 3526 3415 3594 στοργὴν
3467 3525 3596 3595 περὶ
3628 3525 3722 3577 τὸν
3767 3525 3862 3576 σὸν
3911 3525 4019 3574 υἱὸν

2441 3617 2533 3670 τὸν
2562 3615 2908 3688 πρωτότοκον
2946 3616 3091 3685 εχεις
3126 3615 3221 3668 καὶ
3249 3615 3550 3684 διατηρεῖς,
3583 3614 3684 3684 τὴν
3727 3612 3907 3684 αὐτὴν
3938 3615 4019 3665 ἐν-

2441 3709 2552 3762 νόει
2581 3709 2677 3762 καὶ
2705 3707 2842 3778 πρὸς
2871 3707 2934 3760 τὸ
2965 3707 3123 3776 γένος
3157 3705 3252 3759 τοῦ
3300 3705 3520 3776 Ἰσραὴλ
3539 3704 3686 3775 ἔχειν
3727 3704 3829 3756 τὸν
3857 3704 4016 3756 Θεόν’

2441 3801 2520 3855 διδ
2551 3801 2647 3854 καὶ⁸
2667 3799 3020 3863 ἀπειθοῦντος
3051 3799 3191 3869 πρὸς
3221 3799 3322 3870 τὴν
3350 3799 3668 3869 ἐλευθερίαν
3700 3799 3806 3851 καὶ
3837 3799 4018 3852 ἄνοδον

2441 3893 2536 3946 τοῦ
2579 3891 2816 3964 Ἰσραὴλ,
2845 3891 2986 3946 κατὰ
3009 3889 3120 3944 τῶν
3148 3890 3512 3961 πρωτοτόκων
3539 3889 3635 3942 τοῦ
3671 3891 3883 3961 Φαραὼ
3927 3893 4017 3943 καὶ

2441 3988 2550 4041 τῶν
2581 3987 2896 4057 Αἰγυπτίων
2941 3986 3162 4054 ἀφίεται
3194 3987 3228 4055 ἡ
3280 3984 3462 4054 πληγή
3488 4000 3502 4014 ο
3547 4004 3566 4037 ι
3613 3985 3695 4039 ἔτι
3747 3985 3810 4038 δὲ
3841 3989 3869 4038 ὁ
3892 3986 4018 4048 Θεὸς

2442 4075 2628 4148 ἐπειδὴ
2667 4078 2923 4132 ἀπάντων
2943 4077 3091 4129 ἐστὶν
3120 4075 3290 4129 ἐθνῶν
3326 4075 3573 4144 πλάστης
3604 4077 3704 4128 καὶ
3748 4076 4014 4146 δημιουρ-

2442 4169 2557 4237 γὸς,
2595 4167 2738 4221 οὕτω
2768 4166 2862 4220 καὶ
2891 4165 3112 4219 πάντων
3140 4165 3447 4235 προνοητής
3467 4179 3483 4194 ·
3513 4166 3732 4234 χρόνοις
3766 4164 3814 4216 δ’
3863 4165 4016 4217 ὑστέ-

2443 4278 2556 4331 ροις
2582 4261 2652 4313 τά
2707 4259 2835 4330 εθνη
2884 4257 3063 4312 πάντα
3116 4256 3255 4329 πρὸς
3305 4256 3408 4325 τὴν
3461 4255 3677 4310 οἰκείαν
3720 4256 4015 4324 ἐπίγνωσιν

2442 4350 2666 4422 ἔμελλεν
2699 4348 3048 4420 ἐπιστρέφειν
3103 4347 3202 4401 καὶ
3259 4346 3446 4400 καλεῖν
3491 4346 3590 4398 καὶ
3641 4346 3806 4410 υἱοὺς
3852 4347 4014 4400 αὐτοῦ

2443 4447 2535 4498 καὶ
2562 4445 2932 4516 κληρονόμους
2980 4442 3079 4512 τῆς
3132 4441 3354 4511 χάριτος
3383 4441 3747 4510 ἀποφαίνεινο
3799 4442 3908 4512 πρὸ
3964 4443 4014 4494 δὲ

2439 4532 2645 4586 τούτων
2688 4533 2749 4586 τὸ
2805 4532 2954 4595 ἔθνος
2979 4529 3261 4596 ἐξελέξατο
3297 4528 3389 4583 τοῦ
3449 4531 3668 4600 Ἰσραὴλ
3717 4531 3801 4594 ὡς
3860 4533 3930 4584 ἂν
3955 4532 4015 4583 δι’

2439 4623 2606 4677 αὑτοῦ
2648 4624 2931 4693 συναγάγῃ
2953 4622 3047 4676 καὶ⁸
3079 4624 3209 4685 τοὺς
3249 4621 3463 4684 ἀλλους.
3504 4623 3614 4675 Καὶ
3665 4622 3930 4691 δηλοῦσιν
3971 4625 4014 4674 οἱ

2441 4715 2728 4769 ἀπόστολοι
2775 4714 2934 4767 τοῦτο
2975 4711 3035 4777 ἐξ
3091 4713 3310 4784 Ἰσραὴλ
3363 4715 3461 4784 μὲν
3515 4713 3745 4780 φύντες,
3801 4716 4015 4768 πάντων

2439 4805 2496 4859 δὲ
2525 4805 2636 4858 τῶν
2668 4803 2839 4858 ἐθνῶν
2860 4801 3168 4857 διδάσκαλοι
3195 4803 3290 4856 καὶ
3340 4804 3680 4869 συναγωγεῖς
3708 4804 4014 4872 γεγενημέ-

2443 4912 2548 4949 νοι·
2577 4895 2666 4949 διά
2697 4893 2855 4947 τοῦτο
2877 4895 2990 4958 τοῖς
3013 4893 3374 4963 Ἰσραηλίταις
3405 4895 3438 4962 ἡ
3467 4894 3853 4962 πρωτότοκος
3885 4895 4008 4962 Exa-

2446 4987 2600 5058 ρίσθη
2635 4987 2809 5056 φωνή.
2859 4987 2934 5038 Οὐ
2969 4985 3253 5055 Λαμϐάνει
3281 4985 3338 5038 δὲ
3383 4987 3412 5038 ὁ
3469 4985 3822 5053 πρωτότοκος
3869 4979 4016 5045 οῦτκ

2441 5079 2512 5132 τά
2578 5080 2680 5149 τῆς
2711 5077 2992 5140 εὐσεϐείας
3059 5076 3558 5146 τελεώτεραοδιότι
3619 5077 3870 5145 σκληρὸς
3929 5078 4016 5130 καὶ

2443 5168 2672 5238 ἀπειθὴς
2692 5167 2940 5236 γέγονεν,
2970 5166 3031 5219 οὐ
3067 5165 3208 5217 κατὰ
3229 5164 3328 5235 τὴν
3347 5162 3628 5232 Αἴγυπτον
3660 5166 3849 5234 μόνον,
3882 5167 4015 5218 ἀλλὰ

2447 5262 2583 5334 μετά
2611 5259 2709 5329 τὴν
2736 5259 2795 5324 ἐξ
2819 5257 3091 5325 Αἰγύπτου
3113 5256 3291 5320 ἔξοδον
3323 5257 3382 5306 ἐν
3407 5258 3471 5325 τῇ
3505 5256 3604 5326 ὲρή
3618 5275 3723 5325 μῳ.
3786 5258 3886 5310 Διὸ
3914 5259 4014 5309 τῶν

2447 5352 2545 5422 μὲν
2597 5349 2946 5418 τελειοτέρων
3001 5347 3102 5399 οὐκ
3157 5344 3404 5409 ἀξιοῦται
3441 5347 3784 5416 μυστηρίων,
3834 5347 3929 5399 διὰ
3967 5348 4016 5398 δέ

2442 5421 2536 5494 τοῦ
2568 5438 2829 5510 δευτέραν
2858 5437 3010 5501 τάξιν
3036 5437 3250 5506 ἔχοντος
3271 5421 3440 5505 ’νόμου
3474 5438 3613 5498 τέως
3643 5437 4014 5503 παιδαγωγεί-

2443 5547 2553 5583 ται.
2627 5527 2779 5580 Ἐπεὶ
2833 5526 2938 5584 ,καὶ
2984 5525 3075 5577 τὸν
3134 5524 3383 5592 δακτύλῳ
3439 5522 3576 5574 Θεοῦ
3625 5524 4016 5591 γεγραμμένη

2444 5622 2605 5690 νόμον
2634 5617 2796 5682 πλαξε
2841 5633 2902 5670 τε
2950 5616 3389 5687 ἀχειροποιήτοις
3436 5614 3620 5666 ἐντετυ
3634 5613 3914 5683 πωμένον,
3963 5615 4013 5674 ὃς

2443 5715 2533 5766 τὶν
2562 5712 2831 5782 ἡμέτερον
2870 5710 2962 5762 καὶ
2995 5709 3134 5761 κατά
3182 5706 3416 5778 Χριστὸν
3474 5704 3786 5776 προετύπου
3848 5707 4008 5772 νόμον

2442 5807 2544 5861 οὐκ
2574 5803 2818 5870 ἀξιοῦται
2847 5801 3099 5867 δέξασθαι
3139 5801 3198 5853 τὸ
3251 5797 3520 5852 Ἰουδαίων
3581 5797 3729 5861 ἔθνος
3780 5797 3877 5850 δια
3923 5797 4006 5864 τὴν
