4156 6438
166 410 303 476 1145

955 417 1056 478 AD
1096 419 1693 484 AMPHILOCIIIUM
1736 427 2081 498 QUIESTIO
2111 431 2357 506 CCClIl,
2392 434 2622 494 CCCIV.

3279 443 3419 509 1146

157 524 290 595 περὶ
328 524 421 579 τδν
478 525 678 595 μόσχον
727 525 1045 579 δυσσέὃειάν
1078 543 1135 578 τε
1194 528 1288 580 καὶ
1344 530 1723 599 παρανομίαν,

1835 534 2047 592 tabulas
2099 548 2154 591 et
2195 540 2387 594 melius
2418 556 2579 606 quam
2620 541 2688 593 ab
2720 543 2972 601 humanis
3004 550 3255 608 manibus
3279 557 3416 623 poli-

158 614 428 685 λαμϐάνει
456 615 514 668 δὲ
540 616 632 669 τὸν
656 616 907 686 δεύτερον
937 618 1032 671 καὶ
1062 617 1123 670 δν
1151 619 1395 688 Μωῦσῆς
1425 621 1624 685 πλαξὶν
1658 623 1724 687 ἃς

155 703 318 765 αὐτὸς
343 702 630 767 ὲλάξευσεν
662 706 986 775 ἐγεγράφει.
1040 707 1105 760 Εἰ
1125 708 1233 779 γὰρ
1267 709 1439 772 αύτάς
1459 709 1556 774 τὰς
1594 710 1725 763 θεο-

154 808 401 862 γραφους
431 794 649 857 πλάκας
676 794 868 851 ἔλαϐον
889 796 985 849 καὶ
1012 800 1259 868 κρεῖττον
1295 798 1329 869 ἢ
1370 801 1515 852 κατά
1541 802 1726 871 χειρὸς

152 884 318 954 ἔργον
373 884 854 957 ἑκλελαξευμένας,
908 887 1049 957 τάχα
1110 887 1178 942 ἂν
1205 889 1297 942 καὶ
1346 887 1505 954 θεοὺς
1549 892 1723 956 αὑτάς

152 974 385 1045 ἡγοῦντο
414 978 509 1030 καὶ
534 977 626 1029 ἐπὶ
652 978 838 1047 μεῖζον
863 979 965 1049 τὴν
990 976 1143 1032 θείαν
1167 979 1288 1033 κατ’
1334 982 1517 1035 αὐτῶν
1552 982 1725 1053 ὀργὴν

150 1067 364 1138 ἀνῆψαν
386 1084 401 1099 ·
429 1069 546 1123 ἀλλ’
578 1069 807 1135 ἐκείνοις
837 1072 935 1141 μὲν
982 1070 1052 1125 δι’
1088 1071 1153 1144 ἢν
1200 1071 1303 1144 ἔφη
1315 1089 1413 1143 μεν
1442 1073 1622 1127 αἰτίαν
1656 1075 1726 1126 τὰ

150 1160 465 1229 τελειότερα
505 1160 568 1213 οὐ
612 1162 973 1233 παραδίδοται
1017 1143 1125 1218 τῶν
1177 1143 1516 1235 μυστηρίων.
1567 1143 1723 1231 ξἙτΰ

150 1251 475 1320 ὲσχάτωνδὲ
500 1253 725 1324 ἡμερῶν
774 1254 1064 1326 ἄνθρωπος
1088 1255 1334 1325 γεγονὼς
1380 1257 1410 1309 δ
1446 1255 1541 1309 τοῦ
1590 1256 1746 1309 Θεοῦ-

148 1342 346 1410 Λόγος.
374 1344 470 1397 καὶ
497 1343 725 1413 θέμενος
752 1345 824 1399 τὰ
851 1345 979 1416 εθνη
1006 1349 1084 1410 εἰς
1144 1348 1317 1412 υἰοὺς,
1363 1348 1579 1402 δίδωσιν
1622 1350 1723 1401 αύ-

148 1436 264 1497 τοῖς
289 1434 473 1488 οὐκέτι
514 1435 613 1505 τὴν
673 1437 733 1488 tv
788 1436 947 1505 τύπῳ
995 1438 1091 1491 καὶ
1144 1439 1273 1508 σκιᾷ
1320 1439 1722 1492 παλαιωθήσαν

151 1522 431 1594 λατρείαν,
462 1525 598 1579 ἀλλὰ
630 1528 726 1580 καί⁵
752 1528 811 1581 ὲν
837 1527 1066 1600 ἀληθείᾳ.
1093 1530 1188 1582 καὶ
1235 1529 1526 1600 πράγματι
1584 1532 1711 1585 νεά-

149 1614 350 1677 ζουσάν
375 1632 435 1668 τε
470 1619 564 1670 καὶ
593 1618 1010 1689 ἑνακμάζουσαν
1039 1620 1102 1674 τὸ
1132 1621 1235 1689 τῆς
1271 1621 1553 1685 εὐσεϐείας
1582 1624 1722 1693 ἀκή-

150 1721 318 1775 ρατον
374 1706 598 1771 κάλλος.
633 1709 859 1763 Πάντων
933 1710 1067 1778 γοῦν
1124 1712 1552 1782 υἱοθετηθέντων
1599 1716 1709 1767 τῶν

148 1796 342 1861 ἐθνῶν,
375 1799 602 1863 εἰκότως
644 1800 674 1851 ό
708 1803 814 1873 πρὸ
845 1802 1026 1856 αὐτῶν
1049 1804 1130 1866 εἰς
1179 1805 1452 1858 υἱοθεσίαν
1502 1806 1719 1877 κληθεὶς

1837 636 1918 681 tas
1944 630 2265 698 accepisset,
2284 648 2377 685 eas
2415 650 2539 687 mox
2590 644 2650 689 ut
2690 635 2820 691 deos
2848 640 3131 697 habuisset
3162 653 3218 698 et
3246 645 3413 703 Deum

1829 729 2017 774 contra
2043 737 2103 777 se
2140 724 2207 777 ad
2240 724 2501 793 majorem
2550 728 2683 782 iram
2715 732 3028 787 excitasset.
3060 735 3170 790 Illis
3195 737 3413 806 quidem

1827 820 2051 879 propter
2114 830 2278 883 quam
2342 816 2580 871 diximus
2646 835 2867 876 causam
2917 824 3239 893 perfectiora
3304 844 3413 883 non

1829 910 1955 955 sunt
1990 904 2185 957 tradita
2251 909 2529 977 mysteria.
2592 908 2917 969 Novissimis
2968 926 3149 971 autem
3194 919 3409 982 diebus,

1829 992 1993 1047 homo
2022 993 2222 1049 factum
2252 997 2344 1050 Dei
2388 997 2647 1065 Verbum,
2687 1006 2941 1073 gentibus
2970 1008 3024 1059 in
3060 1008 3407 1076 adoptionem

1828 1083 2061 1139 ﬁliorum
2096 1090 2340 1153 vocatis,
2392 1091 2498 1144 illis
2542 1108 2650 1147 non
2698 1095 2811 1164 jam
2858 1098 3043 1167 figuris
3079 1111 3137 1154 et
3172 1103 3410 1155 tenebris

1830 1178 2069 1247 antiquis
2102 1180 2486 1235 obumbratum
2518 1187 2724 1237 cultum
2758 1187 2925 1252 dedit,
2975 1190 3068 1243 sed
3102 1191 3155 1243 in
3184 1194 3410 1247 veritate

1827 1267 1969 1320 etin
2011 1283 2175 1338 opere
2220 1272 2604 1337 virescentem,
2655 1286 2708 1330 et
2745 1293 2939 1347 purum
2982 1282 3199 1350 pietatis
3245 1284 3410 1338 deco-

1828 1374 1942 1413 rem
1974 1362 2383 1430 producentem.
2414 1364 2683 1423 Omnibus
2710 1384 2840 1440 ergo
2875 1374 3139 1441 gentibus
3175 1376 3227 1427 in
3262 1378 3407 1430 ado-

1828 1453 2065 1520 ptionem
2101 1454 2333 1508 ﬁliorum
2388 1460 2629 1524 vocatis,
2674 1463 2869 1516 merito
2896 1464 2989 1532 qui
3024 1474 3149 1519 ante
3189 1466 3310 1520 illas
3349 1467 3403 1520 in

1829 1542 2176 1611 adoptionem
2220 1557 2445 1602 vocatus
2483 1559 2591 1613 est,
2647 1551 2881 1619 populus
2923 1552 3086 1607 Israel
3130 1554 3405 1625 primoge-

1828 1632 1976 1687 nitus
2016 1634 2233 1688 dicitur.
2274 1635 2371 1691 llic
2402 1648 2581 1692 autem
2615 1648 2668 1693 et
2696 1640 2799 1694 hoc
2838 1656 3054 1694 mecum
3090 1643 3398 1706 considera,

1830 1724 1925 1778 Dei
1967 1723 2203 1781 Verbum
2252 1743 2317 1782 ex
2363 1731 2569 1784 semine
2602 1730 2779 1785 .David
2831 1735 3054 1787 veniens
3097 1735 3399 1788 secundum

1830 1815 2220 1871 humanitatem
2271 1831 2515 1889 apparet.
2556 1820 2656 1875 Per
2686 1822 2834 1876 illum
2866 1832 3046 1878 autem
3089 1839 3251 1878 omne
3283 1826 3400 1894 pri-

148 1890 499 1955 πρωτότοκος
526 1890 746 1959 ἐλέγετο
792 1892 889 1945 τοῦ
948 1894 1167 1965 Ἰσραὴλ
1199 1894 1347 1959 λαός.
1380 1889 1505 1949 Ὧδε
1528 1898 1583 1951 δέ
1634 1916 1724 1969 μοι

1827 1909 2158 1975 mogeuitum
2184 1878 2425 1980 Egi-pd,
2454 1921 2512 1965 ut
2538 1913 2699 1981 impia
2726 1922 2781 1967 et
2802 1914 3078 1967 incredula
3100 1878 3397 1983 generatio,

147 1982 245 2032 καὶ
296 1980 480 2051 ἕτερον
533 1983 757 2036 σκόπει⁸
815 1984 872 2037 ’0
926 1984 1021 2038 τοῦ
1069 1984 1205 2039 θεοῦ
1255 1986 1431 2055 Λόγος
1458 1989 1523 2041 ὲκ
1553 1989 1722 2059 σπέρ-

1818 1998 1976 2051 morti
2005 2008 2059 2053 et
2098 2003 2431 2070 corruptlnni
2490 1980 2795 2072 subjectum
2828 2004 2949 2059 fuit.
2984 1980 3125 2061 Cum
3155 2021 3287 2076 ergo
3330 1980 3399 2061 ea

151 2091 322 2142 ματος
368 2077 617 2146 φαίνεται
697 2078 836 2133 κατά
906 2079 970 2132 τὸ
1030 2079 1371 2151 ἀνθρώπινον
1438 2083 1717 2149 ἐληλυθὼς

1818 2083 1981 2140 Israel
2011 2098 2167 2144 ortus
2190 2093 2261 2144 sit
2299 2090 2675 2163 Egyptiorum
2711 2095 3025 2150 interfector
3071 2098 3399 2167 primogeui‘

161 2162 383 2236 Ἰσραήλ
401 2182 417 2196 ·
446 2166 514 2219 δι’
537 2167 705 2221 αὑτοῦ
737 2168 794 2221 δὲ
826 2169 1172 2240 πρωτότοκον
1226 2172 1373 2225 ἅπαν
1397 2172 1707 2240 Αἰγυπτια-

1818 2185 2015 2240 torum,
2059 2180 2481 2248 primogenitum
2510 2194 2563 2238 et
2593 2183 2754 2240 Israel
2791 2196 2969 2240 vocat.
3001 2187 3116 2243 Hoc
3149 2187 3397 2258 Evange-

147 2256 270 2322 κδν,
302 2259 579 2313 τουτέστιν
607 2261 803 2325 ἀσεεὲς
836 2262 930 2315 καὶ
960 2259 1119 2316 ἄθεον
1163 2262 1434 2333 γέννημα,
1493 2263 1573 2333 τῷ
1616 2264 1715 2319 θα-

1818 2268 1933 2325 |ista
1964 2273 2225 2328 describit
2256 2277 2446 2330 dicens
2480 2292 2494 2327 :
2548 2297 2567 2328 ι
2608 2277 2681 2331 Ex
2717 2279 2951 2351 Egyplo
2984 2282 3175 2336 vocavi
3224 2256 3396 2336 lilium

147 2347 298 2418 νάτῳ
329 2350 423 2403 καὶ
440 2352 507 2421 τῇ
536 2352 712 2422 φθορᾷ
752 2352 1137 2422 ὐποὸέσληται.
1192 2354 1345 2407 Ἐπεὶ
1374 2351 1468 2407 οῦν
1517 2358 1581 2408 ὲκ
1613 2355 1708 2409 τοῦ

1818 2373 1991 2414 meum
2014 2364 2077 2415 ”.
2120 2382 2140 2415 ι
2175 2364 2304 2432 Quae
2335 2378 2463 2423 sunt
2490 2384 2622 2439 ergo
2671 2372 2896 2425 meliora
2934 2374 3212 2442 pensanda
3244 2383 3393 2427 sunt.

159 2440 381 2533 mima);
444 2442 546 2511 εφυ
573 2444 603 2497 ό
657 2444 766 2497 τῶν
825 2446 1212 2513 Αἰγυπτιακῶν
1278 2446 1572 2518 ἀναιρέτης
1616 2451 1983 2517 πρωτοτόκων
2011 2494 2027 2517 ,
2072 2458 2422 2525 πρωτότοκον
2478 2462 2571 2515 καὶ
2618 2462 2710 2515 τὸν
2768 2440 2986 2533 Ίσραηλ
3042 2466 3218 2519 καλεῖ.
3282 2466 3397 2525 Καὶ

146 2529 309 2624 τοῦτο
351 2532 459 2604 ἄρα
504 2535 608 2624 καὶ
653 2537 683 2588 ό
722 2536 1121 2608 Εὑαγγελιστὴς
1173 2538 1520 2609 ἀναγράφειο
1568 2557 1587 2591 ι
1646 2539 1736 2604 Ἐξ
1771 2542 2050 2611 Αἰγύπτου
2114 2550 2346 2603 ἐκάλεσα
2382 2553 2472 2605 τὸν
2498 2553 2627 2606 Υἰόν
2660 2571 2786 2624 μου.
2836 2529 3275 2612 ιἘπισκεπτέον
3299 2552 3397 2611 οῦν

147 2622 372 2691 ἄμεινον
422 2623 631 2677 τούτων
654 2666 669 2679 .

1964 2728 2290 2794 ρυΑεετιο
2333 2731 2531 2785 cccw
2566 2714 2754 2803 [σοεει.
2791 2732 2951 2786 ταην.
2980 2733 3256 2805 cxvui];

2065 2824 2339 2888 Quomodo
2367 2826 2483 2878 ια’ιὶ
2515 2837 2757 2881 enarrem
2784 2828 3009 2897 gloriam
3034 2828 3167 2884 Dei?

693 2738 1025 2792 ΕΡΩἸἨΣΙΣ
1054 2739 1172 2793 ΤΔ’.

218 2823 353 2892 Πῶς
372 2829 426 2881 οι
453 2826 699 2895 οὐρανοὶ
734 2827 1076 2899 διηγοῦνται
1097 2829 1286 2896 δόξαν
1315 2830 1423 2887 τοῦ
1455 2829 1609 2886 Θεοῦ
1625 2845 1646 2897 ;

852 2966 1044 3017 Edita:
1066 2967 1193 3018 Maio
1215 2968 1274 3032 (Ι.
1299 2980 1348 3020 c.
1370 2983 1420 3032 p.
1440 2969 1522 3031 b7,
1540 2969 1623 3031 98,
1645 2981 1697 3032 q.
1715 2968 1883 3030 8!).—
1902 2967 1957 3016 In
1977 2964 2107 3014 Psal.
2129 2977 2245 3014 mu
2276 2965 2451 3027 (Grac.
2483 2965 2610 3027 xIx),
2645 2966 2693 3017 1.

218 3071 286 3125 Οἱ
317 3071 375 3125 δὲ
401 3070 619 3143 οὐρανοὶ
648 3071 721 3144 μὴ
750 3071 963 3143 ἔχοντες
1014 3074 1186 3143 στόμα
1216 3076 1526 3146 διηγοῦνται
1558 3074 1716 3139 δόξαν

1888 3072 2047 3136 Cteli,
2074 3088 2199 3127 cum
2248 3088 2311 3127 os
2354 3088 2460 3126 non
2511 3074 2767 3137 habeant,
2795 3074 3020 3142 gloriam
3053 3073 3147 3130 Dei
3179 3091 3397 3133 annun-

143 3162 305 3226 Θεοῦ,
334 3162 467 3217 διότι
496 3164 561 3216 ὲκ
588 3164 848 3232 μεγέθους
893 3165 989 3218 καὶ
1036 3165 1298 3236 καλλονῆς
1349 3167 1663 3238 κτισμάτων
1690 3168 1720 3219 ὁ

1827 3164 1967 3218 tiant
2000 3163 2052 3216 in
2092 3178 2159 3218 eo
2186 3178 2349 3218 sensu
2384 3164 2527 3233 quod
2566 3180 2632 3219 ex
2664 3167 3041 3234 magnitudine
3066 3178 3120 3223 et
3146 3170 3395 3225 multitu-

143 3267 528 3325 γενεσιουργος
564 3254 885 3325 θεωρεῖται,
911 3255 1006 3309 καὶ
1056 3256 1118 3309 τὸ
1174 3258 1305 3326 περὶ
1334 3258 1474 3312 αύτά
1534 3256 1721 3327 θαῦμα

1825 3257 1951 3309 dine
1982 3263 2286 3309 creatarum
2319 3270 2500 3309 rerum
2541 3266 2733 3309 auctor
2776 3259 3117 3327 dignoscitur
3157 3270 3211 3315 et
3260 3262 3396 3317 isto-

142 3350 261 3411 τοῖς
313 3365 376 3418 γε
410 3347 696 3417 φρονοῦσιν
726 3349 806 3411 εἰς
844 3350 937 3402 τὸν
994 3350 1337 3420 Δημιουργὸν
1390 3351 1717 3419 ἀναφέρεται

1824 3362 1944 3401 rum
1970 3348 2258 3401 admiratio
2295 3362 2325 3399 a
2356 3348 2692 3417 sapientibus
2735 3350 2800 3403 ad
2834 3361 3112 3407 auctorem
3158 3352 3396 3410 refertur

143 3437 243 3491 καὶ
270 3436 551 3490 διαϐαίνειο
586 3435 726 3489 ὥστε
754 3438 803 3490 οἱ
860 3438 1077 3507 ούρανοί⁵
1104 3439 1225 3507 οὐχὶ
1274 3440 1505 3509 ῥήμασι,
1572 3441 1717 3509 πρά-

140 3543 321 3597 γμασι
338 3527 395 3581 δὲ
426 3528 526 3596 τήν
545 3544 603 3579 τε
632 3526 859 3597 δύναμιν
886 3526 1313 3598 ἀνακηρύττουσι
1330 3528 1425 3580 τοῦ
1445 3529 1715 3599 Δημιουρ-

140 3618 273 3685 γοῦ,
310 3617 407 3671 καὶ
449 3616 585 3685 πρὸς
613 3616 917 3684 δοξολογίαν
948 3616 1326 3685 παρακαλοῦσι
1379 3619 1510 3680 τοὺς
1541 3617 1716 3687 ὀρθῶς

139 3708 328 3772 αὐτοῖς
354 3706 674 3778 ἑνορῶντας·
732 3708 781 3759 εἰ
808 3707 863 3758 δὲ
893 3723 995 3759 κατ
1012 3707 1024 3727 ⁹
1055 3706 1313 3777 ἑπιδολὴν
1338 3705 1573 3776 θεωρίας
1597 3708 1716 3760 ἑθε-

139 3800 333 3872 λήσοις
377 3800 598 3864 ἐννοεῖν,
628 3797 882 3870 εὑρήσεις
921 3798 1189 3866 οὐρανοὺς
1212 3799 1340 3860 τοὺς
1362 3798 1711 3861 ἀποστόλους,

138 3888 192 3943 οῖ
243 3888 571 3958 διηγήσαντο
625 3885 686 3938 τὸ
745 3885 1073 3952 Εὑαγγέλιον
1130 3882 1226 3937 τοῦ
1279 3883 1516 3955 Χριστοῦ
1562 3887 1714 3958 πάσῃ

136 3982 208 4051 τῇ
239 3978 548 4048 οἰκουμένῃ,
569 3978 664 4029 καὶ
681 3975 921 4040 δοξάζειν
946 3975 1038 4027 τὸν
1057 3973 1190 4027 Θεὸν
1208 3973 1299 4027 τὸν
1317 3975 1455 4044 ὑπὲρ
1476 3975 1631 4045 ἡμῶν
1644 3977 1713 4030 τὰ

135 4072 387 4142 ἡμέτερα
414 4068 770 4132 ἀναλαϐόντα,
793 4064 1075 4130 ύπέδειξάν
1099 4082 1160 4119 τε
1186 4066 1279 4118 καὶ
1307 4066 1708 4137 καθηγήσαντο’

137 4164 192 4216 εἰ
224 4162 405 4232 βούλει
458 4162 535 4225 δὲ,
573 4160 900 4231 διηγήσαντο
925 4161 974 4212 οἰ
1020 4158 1238 4227 οὐρανοὶ
1286 4157 1385 4228 τὴν
1411 4157 1567 4223 δόξαν
1615 4158 1708 4211 τοῦ

135 4252 279 4307 Θεοῦ
302 4252 457 4324 ἡμῶν
490 4250 746 4322 Χριστοῦ,
776 4250 941 4320 ἡνίκα
971 4248 1080 4302 τῶν
1111 4248 1392 4319 πατρικῶν
1439 4250 1514 4320 μὴ
1543 4266 1712 4303 κενω-

138 4342 259 4404 θεὶς
304 4342 540 4405 κόλπων,
585 4340 650 4392 ἐκ
676 4338 951 4408 Παρθένου
1002 4336 1179 4404 σάρκα
1201 4336 1384 4389 λαϐεῖν
1438 4336 1710 4407 κατηξίω-

1821 3450 1876 3495 et
1927 3440 2198 3504 ascendit;
2257 3440 2331 3493 ita
2389 3450 2447 3494 ut
2498 3441 2622 3494 coeli
2678 3457 2785 3495 non
2845 3443 3047 3509 verbis,
3092 3444 3187 3498 sed
3234 3444 3394 3500 factis

1820 3530 2098 3585 Creatoris
2141 3530 2435 3598 potentiam
2474 3532 2766 3598 praedicent
2807 3542 2862 3585 et
2894 3533 2959 3585 ad
3002 3534 3153 3587 illum
3193 3535 3394 3604 glorifi-

1820 3622 2052 3677 candum
2089 3622 2208 3676 illos
2244 3621 2335 3690 qui
2384 3622 2545 3676 rectis
2594 3623 2770 3677 oculis
2817 3623 2872 3677 in
2911 3624 3043 3679 istos
3098 3626 3394 3694 respiciunt

1820 3711 2129 3765 hortentur.
2162 3710 2216 3763 Si
2251 3724 2429 3764 autem
2462 3728 2626 3779 supra
2654 3712 2889 3766 visibilia
2916 3728 3152 3769 mentem
3180 3718 3392 3773 elevare

1819 3801 2077 3864 volueris,
2115 3802 2281 3855 caelos
2314 3802 2554 3855 invenies
2602 3803 2877 3869 apostolos
2915 3819 3037 3857 esse
3088 3806 3181 3873 qui
3215 3805 3393 3859 Evan-

1821 3892 2023 3961 gelium
2071 3890 2271 3946 Christi
2320 3892 2371 3944 in
2414 3892 2664 3945 universa
2715 3901 2857 3945 terra
2910 3895 3387 3961 annuntiaveruut,

1816 3993 1872 4039 et
1909 3985 1974 4037 ad
2004 3985 2172 4038 Deum
2201 3984 2294 4053 qui
2326 3998 2488 4053 supra
2520 3985 2891 4053 nosmetipsos
2939 3995 3124 4039 nostra
3169 4001 3387 4040 assum-

1818 4073 1926 4143 psit
1982 4072 2391 4142 glorillcandum
2423 4072 2724 4127 docuerunt
2773 4084 2828 4127 et
2877 4073 3271 4128 instruxerunt.
3325 4076 3381 4128 Si

1814 4177 1992 4220 autem
2050 4164 2309 4228 volueris,
2367 4165 2767 4217 annuntiabant
2818 4165 2939 4217 cmli
2999 4165 3225 4233 gloriam
3290 4166 3383 4219 Dei

1816 4255 1985 4311 nostri
2031 4254 2161 4309 Jesu
2205 4254 2437 4319 Christi,
2469 4269 2617 4316 cum,
2656 4264 2881 4322 paterno
2913 4255 3034 4308 sinu
3086 4271 3194 4309 non
3229 4256 3384 4310 dere-

1814 4351 1968 4415 licto,
2018 4365 2083 4403 ex
2134 4347 2355 4418 Virgine
2403 4348 2673 4402 incarnari
2716 4348 2969 4417 dignatus
3005 4358 3089 4402 est
3132 4358 3186 4403 et
3225 4351 3380 4404 illum

138 4449 261 4496 σεν,
290 4433 386 4485 καὶ
404 4426 552 4500 εῖχεν
578 4429 741 4481 αὑτὸν
758 4430 791 4498 ἡ
807 4428 1051 4497 Βηθλεὲμ
1074 4427 1168 4479 καὶ⁵
1194 4426 1255 4479 τὸ
1279 4426 1563 4498 σπήλαιον·
1585 4427 1704 4480 τότε

1818 4443 2088 4497 Bethleem
2120 4453 2173 4495 et
2200 4456 2437 4510 praesepe
2466 4441 2792 4494 habuerunt.
2817 4439 2971 4495 Tunc
2994 4441 3137 4495 enim
3162 4456 3382 4509 praeser-

133 4528 252 4598 γάρ
295 4526 379 4597 δὴ,
409 4526 529 4578 τότε
557 4525 592 4593 ἠ
623 4524 681 4575 tv
707 4523 819 4583 τοῖς
847 4520 1092 4601 οὐρανοῖς
1115 4518 1488 4589 ἀριθμουμένη
1528 4519 1705 4587 φύσις,

132 4618 298 4673 τοῦτο
324 4616 423 4687 μὲν
449 4618 484 4685 ἠ
520 4615 710 4684 ὁρατὴ,
757 4612 912 4666 τοῦτο
956 4610 1014 4664 δὲ
1051 4610 1196 4680 καὶὴ
1251 4610 1390 4681 ὑπὲρ
1415 4611 1476 4662 τὸ
1498 4610 1709 4681 ὁρώμε-

132 4726 252 4775 νον,
295 4704 611 4777 ύπηρετεῖτό
636 4721 695 4757 τε
725 4704 819 4758 καὶ
851 4702 1221 4774 καθυπούργει
1271 4702 1348 4771 τῷ
1392 4700 1703 4772 θαύματι’ή

134 4804 245 4876 μὶν
265 4801 423 4856 οἱονεί
443 4818 562 4854 τινα
580 4799 794 4869 κήρυκα
817 4797 994 4850 κοινὸν
1008 4797 1097 4849 τὸν
1109 4796 1311 4866 ἀστέρα
1331 4795 1705 4865 χειροτονοῦσα

133 4896 233 4951 καὶ
251 4892 619 4966 προδάλλουσα
635 4888 998 4959 ἀνακηρύττει
1016 4887 1109 4940 τοῦ
1130 4887 1397 4941 Δεσπότου
1418 4886 1515 4954 τὴν
1525 4884 1700 4951 δόξαν,

132 4988 237 5041 καὶ
295 4985 386 5038 τὸν
442 4983 817 5055 κρυπτόμενον
861 4980 1082 5049 βασιλέα
1108 4980 1188 5033 δι’
1234 4978 1352 5041 ἑνὸς
1406 4978 1701 5048 δορυφόρου

131 5075 622 5150 προπομπεύουσαο
658 5074 693 5144 ἡ
734 5073 792 5126 δὲ
856 5071 1057 5141 πλῆθος
1091 5071 1349 5141 στρατιᾶς
1398 5068 1701 5137 προδαλλοο

136 5170 283 5240 μένη
309 5168 401 5221 τδν
428 5167 665 5235 Κτίστην
697 5163 1009 5226 αἰνούντων,
1049 5161 1146 5215 καὶ
1198 5159 1305 5213 τῶν
1358 5160 1700 5229 τελουμένων

129 5261 197 5315 τδ
257 5256 440 5328 θαῦμα
476 5256 846 5327 διηγουμένων
884 5255 961 5324 τῷ
1018 5253 1222 5324 ᾅσματι
1250 5267 1265 5283 ο
1314 5251 1525 5323 ῥηθεῖεν
1552 5250 1597 5303 δ’
1632 5250 1700 5303 ἂν

129 5352 239 5405 οὐκ
267 5349 570 5409 ἀπεικότως
624 5347 673 5399 οἰ
701 5345 920 5414 ἄγγελοι
966 5344 1186 5413 οὐρανοὶ
1216 5382 1232 5406 ,
1266 5341 1360 5396 ἆτε
1404 5342 1468 5411 δὴ
1496 5340 1699 5395 ἀνωθεν

130 5441 435 5511 ἀφιγμένοι
483 5438 618 5509 πρὸς
671 5438 739 5490 τά
774 5436 1009 5503 ὲπίγεια⁶
1059 5437 1107 5487 εἰ
1138 5435 1195 5487 δὲ
1254 5434 1348 5487 καὶ
1398 5432 1490 5485 τὸν
1548 5431 1698 5500 ἠλιον

130 5531 514 5594 ἐθέλοις.ἰδιῖν
557 5526 745 5597 έπὶτῷ
788 5525 1104 5596 Δεσποτικῷ
1151 5524 1311 5578 πάθει
1366 5521 1695 5592 σκυθρωπά-

129 5626 320 5691 ζοντα,
350 5624 443 5677 καὶ
466 5622 533 5692 τῇ
561 5619 816 5674 ἀποθέσει
841 5618 936 5671 τοῦ
966 5615 1319 5688 περικαλλοῦς
1342 5614 1549 5669 ἐκείνου
1580 5630 1694 5683 φω-

207 5842 255 5875 ³⁶
282 5840 519 5908 Oscam,
542 5838 614 5909 2;
667 5837 856 5894 Matth.
892 5851 954 5902 ιι,
988 5834 1073 5891 15.

1817 4534 1914 4587 tim
1960 4540 2225 4587 creaturae
2253 4546 2373 4600 quae
2402 4530 2455 4584 in
2487 4530 2641 4586 caelis
2688 4540 3045 4585 numerantur
3086 4540 3195 4585 tam
3246 4532 3380 4586 visi-

1812 4623 1949 4679 biles
1987 4638 2147 4689 quam
2196 4622 2529 4687 invisibiles,
2581 4622 2845 4676 miraculo
2897 4622 3277 4676 ministrabant
3321 4634 3377 4677 et

1812 4715 2136 4768 serviebant.
2163 4713 2271 4767 Illa:
2298 4716 2513 4783 quidem
2536 4715 2677 4768 sicut
2701 4728 3002 4781 praeconem
3029 4729 3370 4768 communem

1811 4804 2019 4858 stellam
2057 4805 2316 4874 eligentes
2353 4813 2407 4859 et
2438 4804 2849 4874 praemittentes,
2894 4804 3106 4857 Domini
3147 4805 3373 4875 gloriam

1809 4904 1864 4948 et
1888 4896 2264 4950 absconditum
2313 4911 2493 4964 regem
2548 4911 2645 4966 per
2695 4910 2862 4949 unum
2910 4896 3191 4950 custodem
3241 4911 3373 4950 con-

1808 4989 2163 5051 coinitantes,
2233 4988 2543 5057 pradicant.
2612 4984 2704 5041 [lae
2764 5001 2893 5040 vero
2970 4987 3371 5042 multitudinem

1807 5085 2078 5138 exercitus
2114 5082 2504 5152 praemittentes
2536 5081 2603 5135 ad
2631 5080 2961 5156 laudandum
2994 5080 3161 5134 Deum
3204 5090 3261 5136 et
3304 5083 3372 5135 ad

1806 5184 2025 5244 cperata
2065 5174 2334 5228 mirabilia
2378 5174 2607 5227 canticis
2653 5173 2996 5226 celebranda.
3038 5173 3188 5227 Dicet
3233 5172 3372 5228 forte

1806 5266 2002 5335 aliquis
2024 5266 2159 5321 satis
2186 5266 2553 5320 verisimiliter
2600 5269 2823 5333 angelos
2848 5278 2968 5318 esse
2984 5265 3173 5327 cmlos,
3201 5264 3372 5334 siqui-

1804 5358 1924 5412 dem
1956 5373 1988 5411 e
2033 5359 2174 5413 coelo
2201 5366 2465 5413 venerunt
2492 5357 2559 5410 ad
2582 5351 2818 5411 terrena.
2847 5353 2904 5408 Si
2938 5371 3066 5410 vero
3105 5365 3161 5411 et
3198 5357 3368 5410 solem

1804 5448 2042 5503 volueris
2106 5448 2284 5503 videre
2355 5456 2576 5517 propter
2650 5446 2989 5501 Dominicam
3060 5447 3368 5517 passionem

1802 5540 2183 5610 pallescentem
2203 5582 2218 5607 ,
2269 5550 2325 5595 et
2375 5540 2620 5608 deposito
2652 5540 2990 5609 praepulcln‘o
3017 5554 3114 5593 suo
3144 5538 3368 5603 lumine,

1801 5629 2136 5685 divinitatem
2171 5637 2223 5685 et
2278 5629 2573 5699 pOtentiam
2624 5628 2880 5698 patientis
2930 5626 3363 5694 annuntiantcm,
