4156 6438
793 371 929 438 1147

1927 368 2187 428 ΡΠΟΤΙΙ
2225 369 2724 431 ΡΛΤΒΙΑΠΟΗᾸΞ
2757 372 2862 431 GP;

3899 373 4018 434 1153

795 498 901 537 non
951 482 1106 551 longe
1153 479 1221 533 ab
1259 480 1702 549 interpretatione
1746 480 2043 533 secundum
2097 481 2352 535 visionem

2461 482 2549 543 τὸς
2583 484 2682 552 τὴν
2742 483 2968 553 θεότητα
3019 484 3115 538 καὶ
3141 484 3241 552 τὴν
3288 483 3519 553 δύναμιν
3564 483 3662 536 τοῦ
3725 485 4019 551 πᾶσιν-νιος

792 573 979 628 fueris.

925 768 1252 835 QIUESTIO
1290 768 1465 823 CCCV
1496 770 1686 841 [CoisL
1729 771 1889 825 Taur.
1922 771 2178 842 CXVIII].

792 858 928 923 Quid
980 862 1091 910 sit:
1132 878 1150 910 ι
1189 857 1486 928 Increpasti
1533 872 1708 929 gentes
1760 871 1809 915 et
1863 864 2015 930 periit
2072 865 2344 930 impius?»

2457 545 2852 639 ἀναγγέλλοντα
2945 577 3108 644 ἐγγὺς
3139 545 3208 628 ἂν
3232 577 3405 642 γένοιο
3425 545 3526 629 ’καὶ
3567 580 3667 647 τῆς
3898 577 4020 628 θεν

2460 663 2581 732 ρίαν
2617 665 2988 730 ἀναπτύξεως.

3008 777 3339 830 ΕΡΩΤῐῐΣῐΣ
3372 779 3494 832 TE".

2470 865 2530 919 Τί
2556 866 2774 920 ἐστιν(
2797 868 3340 1004 Ἑπετίμηὲἒὲτὲἒς
3369 872 3595 936 ἔθνεσι,
3624 871 3724 924 καὶ
3753 871 4018 924 ἀπώλετο

3211 955 3242 992 ε
3321 958 3386 1004 ς;
3418 959 3438 990 ι

3211 955 3386 1004 εσης;
3418 959 3438 990 ι

1757 1085 1892 1136 Edita
1913 1103 1939 1138 a
1969 1088 2090 1137 Maio
2113 1090 2169 1151 (l.
2192 1104 2236 1138 c.
2261 1091 2420 1153 p.98,
2453 1091 2556 1155 99).
2579 1118 2639 1130 —
2665 1095 2718 1144 In
2742 1096 2872 1146 Psal.
2907 1113 2975 1153 Ix.
2998 1099 3047 1148 6.

869 1186 1075 1241 Verba:
1099 1185 1420 1257 «Increpasti
1443 1195 1628 1256 gentes
1657 1199 1712 1243 et
1750 1191 1906 1260 periit
1929 1193 2148 1259 impius,
2173 1214 2191 1244 ι
2218 1194 2361 1248 clare

791 1280 893 1333 hoc
942 1281 1259 1349 designant,
1313 1283 1546 1344 scilicet,
1607 1296 1730 1337 cum
1799 1285 2090 1354 increpata:
2159 1287 2361 1342 fuerint

791 1379 974 1437 gentes
1002 1381 1053 1424 et
1086 1371 1152 1423 ab
1183 1387 1369 1426 errore
1415 1373 1512 1426 via:
1559 1390 1672 1428 sua:
1721 1375 1788 1429 ad
1847 1376 2254 1445 ingrediendum
2308 1380 2361 1434 in

789 1463 930 1515 ovile
974 1463 1177 1517 Christi
1232 1466 1466 1519 reductae
1530 1466 1752 1533 fuerint,
1799 1469 1948 1522 illum
1978 1471 2090 1538 .qui
2146 1488 2246 1527 nos
2295 1475 2361 1527 ad

792 1553 1114 1621 impietatem
1169 1555 1424 1615 vocabat,
1489 1557 1541 1610 id
1596 1566 1717 1618 est,
1774 1559 2049 1614 diabolum
2112 1564 2356 1630 periisse.

789 1639 990 1709 Impius
1017 1643 1160 1695 enim
1194 1643 1297 1696 dici
1326 1654 1500 1711 potest
1525 1647 1616 1711 qui
1651 1647 1813 1717 impie
1841 1650 1969 1718 agit,
1997 1658 2052 1703 et
2079 1652 2170 1718 qui
2204 1653 2354 1706 illum

788 1731 855 1785 ad
897 1732 1222 1800 impietatem
1273 1735 1461 1789 trahit.
1517 1735 1686 1804 Magis
1741 1739 1957 1792 obvium
2024 1738 2161 1794 forte
2213 1751 2358 1795 esset

2491 1201 2584 1266 Τδ,
2595 1221 2614 1253 ι
2636 1203 3000 1274 Ἐπετίμησας
3019 1205 3314 1268 {Gnatam
3328 1203 3574 1257 ἀπώλετο
3587 1206 3616 1255 ὁ
3631 1201 3860 1272 ἀσεϐὴς,
3873 1206 4020 1268 »φασὶ

2457 1291 2618 1344 τοῦτο
2634 1293 2848 1360 δηλοῦν,
2871 1293 2945 1357 ὡς
2989 1296 3047 1346 ἐν
3069 1293 3146 1362 τῷ
3166 1295 3555 1362 ὲπιτιμηθῆναι
3573 1295 3645 1345 τὰ
3663 1294 3797 1360 έθνη
3819 1295 3917 1344 καὶ
3933 1292 4020 1357 τῆς

2457 1385 2662 1448 οίκείας
2693 1385 2994 1453 ἀποστῆναι
3030 1386 3261 1453 πλάνης,
3290 1385 3542 1452 γενέσθαι
3567 1403 3628 1437 τε
3653 1385 3756 1451 τῆς
3792 1385 4018 1449 ποίμνης

2458 1477 2731 1546 Χριστοῦ,
2794 1479 2823 1529 ὁ
2877 1477 3012 1542 πρὸς
3065 1477 3320 1530 ἀσέϐειαν
3374 1476 3573 1538 αὐτοὺς
3625 1475 4019 1540 ἐκκαλούμενος

2457 1568 2702 1622 ἀπώλετο
2751 1567 3014 1629 διάϐολοςο
3069 1567 3272 1638 ἀσεϐὴς
3326 1567 3436 1636 γὰρ
3472 1568 3637 1630 αὐτὸς
3669 1585 3729 1619 τε
3759 1569 3788 1620 ὸ
3811 1566 4018 1618 ἀσεϐῶν

2455 1663 2538 1730 εἴη
2571 1662 2636 1715 ἂν
2661 1662 2754 1714 καὶ
2781 1664 2810 1716 6
2845 1660 3032 1714 τοῦτον
3059 1662 3233 1714 ἕλκων
3291 1662 3428 1731 πρὸς
3471 1662 3571 1729 τὴν
3627 1659 3914 1712 ἀσέϐειαν·
3942 1660 4018 1726 εἴη

2454 1750 2500 1802 δ’
2528 1751 2594 1803 ἂν
2618 1751 2910 1819 ἐγγύτερον
2949 1748 3026 1810 ὡς
3049 1749 3142 1801 τοῦ
3175 1749 3427 1818 Σωτῆρος
3458 1748 3936 1816 ἐπιδεδημηκότας
3957 1749 4016 1813 τῇ

788 1822 967 1877 dicere
991 1823 1156 1891 quod,
1186 1841 1306 1878 cum
1335 1825 1583 1880 Christus
1603 1828 1655 1880 in
1685 1840 1823 1882 terra
1841 1833 2100 1886 manserit
2119 1842 2172 1886 et
2193 1833 2352 1887 simul

2448 1844 2546 1908 τῇ,
2580 1845 2672 1893 καὶ
2716 1841 2908 1904 κοινῶς
2932 1841 3177 1903 ἅπαντας
3219 1841 3502 1901 Ἰουδαίους
3527 1857 3586 1892 τε
3635 1840 3733 1892 καὶ
3762 1838 4020 1907 Ἕλληνας

787 1927 976 1967 omnes
1007 1911 1225 1968 Iudaeos
1262 1923 1316 1968 et
1343 1913 1563 1969 ϐιαιως
1588 1917 1849 1974 barbaros
1871 1920 1936 1974 ad
1970 1922 2218 1976 eamdem
2256 1939 2354 1978 vo-

2455 1933 2549 1984 καὶ
2591 1931 2897 2001 βαρϐάρους
2922 1932 3013 1984 ἐπὶ
3034 1933 3132 2000 τὴν
3161 1931 3366 1992 οἰκείαν
3392 1931 3878 2000 προσκαλωμὲνου
3913 1932 4020 1982 txi-

785 2003 991 2058 caverit
1018 2004 1376 2072 cognitionem
1397 2045 1411 2064 ,
1447 2015 1519 2068 et,
1553 2017 1612 2059 ut
1656 2008 1726 2060 ita
1758 2009 1956 2072 dicam,
1991 2027 2087 2079 pro
2116 2014 2352 2079 peccatis

2456 2041 2674 2090 γνωσιν,
2723 2027 2816 2076 καὶ
2863 2024 3026 2076 οίονεὶ
3058 2023 3168 2076 τῶν
3214 2021 3405 2092 πρώην
3457 2023 3639 2082 αὐτοῖς
3670 2020 4018 2089 ἠσεϐημένων

786 2099 855 2149 ab
890 2097 994 2152 illis
1045 2108 1199 2151 antea
1242 2098 1568 2162 commissis,
1628 2101 1918 2154 salutarem
1973 2112 2026 2156 et
2058 2103 2349 2172 perfectam

787 2187 1208 2254 increpationem
1236 2204 1327 2256 per
1349 2189 1675 2258 baptismum
1705 2192 1995 2257 induxerit,
2042 2195 2353 2264 quicunque

785 2293 905 2334 sese
935 2279 1194 2334 doeibiles
1226 2290 1280 2334 et
1317 2281 1561 2335 sinceros
1592 2282 1657 2334 ad
1692 2283 2116 2351 increpationcm
2150 2286 2354 2339 habue-

787 2382 935 2435 runt,
969 2372 1035 2426 de
1078 2383 1227 2441 parte
1266 2375 1595 2428 salvatorum
1653 2376 1777 2430 facti
1823 2390 1982 2441 sunt,
2026 2381 2117 2449 qui
2171 2391 2350 2436 autem

785 2478 968 2531 animo
1021 2479 1257 2533 demisso
1336 2481 1758 2550 iucrepationem
1831 2498 2194 2554 acceperunt,
2255 2505 2354 2546 nec

787 2568 1036 2636 baptismi
1073 2571 1522 2638 puriﬁcationem,
1582 2589 1682 2630 nec
1713 2576 1857 2645 quod
1887 2593 1953 2631 ex
1989 2579 2081 2633 illo
2111 2582 2354 2648 procedit

787 2658 968 2712 lumen
1003 2659 1120 2714 fidei
1159 2674 1536 2731 susceperunt,
1574 2665 1648 2719 illi
1686 2678 1746 2720 ut
1780 2668 1928 2737 impii
1972 2679 2025 2723 et
2054 2672 2354 2739 perditione

785 2751 929 2820 digni
967 2753 1262 2819 perierunt.
1303 2756 1428 2808 Scio
1461 2768 1639 2811 autem
1674 2761 1919 2814 eamdem
1967 2776 2150 2816 vocem
2184 2765 2347 2828 sumi,

788 2844 1078 2906 pxazsertim
1154 2845 1293 2912 apud
1347 2847 1561 2915 aliquos
1612 2848 1804 2904 doctos
1854 2861 2185 2918 extraneos,
2251 2869 2348 2922 pro

786 2931 1009 2995 honore,
1059 2934 1344 3002 splendore
1364 2946 1418 2988 et
1447 2937 1637 3004 gloria.
1668 2938 1981 3008 Signiﬁcare
2020 2956 2148 3010 ergo
2174 2951 2350 3011 potest

787 3023 874 3076 hic
903 3023 1075 3088 locus,
1107 3025 1151 3079 si
1183 3026 1342 3080 verba
1378 3026 1430 3079 in
1478 3029 1585 3082 isto
1628 3043 1789 3083 sensu
1819 3031 2174 3100 accipiantur,
2205 3035 2350 3102 quod

784 3114 1032 3182 gentibus
1060 3131 1091 3169 a
1121 3115 1340 3172 Christo
1387 3119 1666 3174 honoratis
1715 3132 1769 3174 et
1795 3121 2112 3190 gloriﬁcatis
2159 3164 2176 3187 ,
2213 3124 2353 3180 ﬁlios

783 3207 998 3275 quidem
1030 3217 1083 3261 et
1113 3209 1351 3265 haeredes
1391 3212 1475 3265 sui
1506 3212 1658 3280 regni
1695 3212 1788 3281 qui
1815 3213 2075 3270 docibiles
2109 3214 2348 3280 fuerunt,

785 3296 987 3364 posuit,
1022 3297 1114 3366 qui
1170 3314 1350 3354 autem
1407 3301 1719 3356 haereditate
1749 3301 1954 3373 indigni
1989 3312 2044 3359 et
2072 3305 2348 3376 adoptioni

784 3401 909 3442 cum
937 3400 1117 3443 essent
1146 3390 1320 3460 impii,
1350 3393 1645 3461 perierunt.

963 3522 1285 3588 ρυΑΞδτιο
1321 3527 1517 3583 CCCVI
1551 3527 1733 3601 [CoisL
1765 3531 1927 3586 Taur.
1960 3529 2170 3603 CXIX].

787 3635 962 3699 Quare
989 3639 1128 3707 magi
1155 3655 1220 3692 ea:
1258 3639 1472 3694 Oriente
1500 3652 1549 3695 et
1585 3642 1820 3707 Perside,
1857 3661 1958 3696 non
1984 3661 2100 3698 vero
2128 3659 2192 3697 ea:
2230 3643 2346 3696 alia

859 3707 1065 3772 regione
1092 3719 1203 3782 ιιιιιΔ
1230 3720 1378 3778 gente
1430 3712 1497 3763 ad
1543 3710 1874 3768 Dominicum
1918 3726 2136 3782 partum
2186 3714 2347 3782 primi

855 3780 1164 3830 accesserint
1181 3779 1207 3831 .’
1798 3795 1800 3797 '

787 3909 1034 3960 Editarum
1070 3925 1099 3962 a
1123 3911 1300 3962 Wolﬁo
1339 3915 1587 3966 tricesima
1611 3931 1738 3969 nona
1763 3921 1899 3983 (Cur.
1925 3918 2108 3983 Philol.
2133 3925 2172 3968 t.
2205 3919 2266 3979 V,

2453 2113 2792 2182 καθαρτικήν
2818 2131 2879 2166 τε
2906 2115 3001 2166 καὶ
3056 2113 3405 2181 τελειῶτικὴν
3435 2115 3758 2181 ἐπιτίμησιν
3807 2114 3905 2179 τὴν
3941 2113 4016 2162 δέ

2452 2209 2544 2261 τοῦ
2576 2209 2947 2278 βαπτίσματος
2991 2210 3306 2276 ἐπάγοντοςο
3339 2210 3452 2262 ὅσοι
3489 2210 3585 2276 μὲν
3646 2207 3922 2269 εὐπειθῶς
3964 2225 4014 2258 τε

2455 2301 2549 2354 καὶ
2581 2301 2883 2369 εἰλικρινῶς
2930 2300 3028 2369 τὴν
3081 2301 3401 2369 ἐπιτίμησιν
3433 2299 3703 2363 ἐδέξαντο,
3757 2293 4017 2362 οὗτοιτῆς

2459 2394 2674 2463 μερίδος
2703 2393 2808 2444 τῶν
2841 2393 3162 2461 σωζομένων
3189 2392 3459 2457 ἐγένοντο·
3486 2393 3536 2441 εί
3560 2390 3619 2442 δέ
3649 2407 3737 2451 τις
3764 2390 3901 2456 πρὸς

2453 2485 2767 2553 ἐπιτίμησιν
2792 2485 3224 2552 ἀπεδυσπέτησε.
3251 2485 3389 2552 μήτε
3406 2483 3496 2535 τὸν
3520 2483 3617 2534 τοῦ
3647 2481 4017 2548 βαπτίσματος

2452 2576 2733 2646 καθαρμὸν
2765 2577 2899 2644 μήτε
2928 2574 3024 2644 τὴν
3052 2574 3120 2627 δι’
3152 2573 3314 2626 αὑτοῦ
3341 2576 3439 2639 τῆς
3469 2573 3706 2634 πίστεως
3730 2569 4017 2640 προσδεξὰ-

2457 2684 2615 2736 μενος
2646 2666 2934 2734 έλλαμψιν,
2985 2660 3138 2727 οὗτος
3187 2664 3263 2727 ὡς
3305 2663 3510 2733 ἀσεϐής
3567 2679 3630 2715 τε
3674 2663 3774 2714 καὶ
3804 2661 4014 2728 ὀλέθρου

2453 2757 2728 2810 ἀπολεῖται
2756 2757 2924 2822 ἄξιος·
2960 2752 3077 2809 οἶδα
3111 2756 3168 2808 δὲ
3207 2756 3484 2824 ἐπιτιμίας
3508 2755 3662 2822 παρά
3691 2770 3755 2820 γε
3794 2753 4016 2820 pilus-.3

2453 2853 2562 2911 τοῖς
2591 2850 2694 2912 ἔξω
2727 2853 2907 2917 σοφοῖς
2934 2850 3034 2920 τὴν
3064 2848 3230 2918 τιμὴν
3261 2850 3355 2901 καὶ
3381 2848 3478 2916 τὴν
3519 2847 3883 2915 περιφάνειαν
3917 2845 4018 2895 ὀνο-

2456 2942 2768 3010 μαζομένην
2799 2941 2892 2993 καὶ
2918 2942 2979 2993 τδ
3011 2939 3310 3009 περίδοξον·
3357 2938 3503 3005 λέγοι
3535 2937 3600 2989 ἂν
3627 2932 3724 2988 οὗν
3753 2936 3814 2987 τὸ
3846 2934 4016 3004 ῥητὸν,

2452 3031 2584 3092 είτις
2613 3031 2712 3098 τὴν
2737 3029 2880 3094 λέξιν
2907 3031 2986 3092 είς
3038 3029 3194 3082 τοῦτο
3241 3029 3302 3081 τὸ
3339 3028 3744 3097 σημαινόμενον
3798 3025 4018 3093 μεταλά-

2453 3120 2559 3181 ϐοι.
2621 3120 2696 3182 ὼς
2752 3119 2845 3172 τοῦ
2885 3118 3119 3190 Χριστοῦ
3175 3121 3505 3190 τιμήσαντος
3556 3120 3653 3171 καὶ
3695 3117 4016 3182 deﬁciam;

2452 3210 2519 3262 τὰ
2544 3209 2692 3279 ἔθνη,
2749 3211 2899 3272 υἱοὺς
2931 3211 3039 3278 γὰρ
3071 3209 3438 3277 κληρονόμους
3484 3207 3584 3276 τῆς
3645 3204 3818 3260 αὑτοῦ
3876 3209 4020 3274 past-

2452 3300 2600 3364 λείας
2623 3302 2748 3362 τοὺς
2773 3298 3124 3367 πειθομένους
3150 3298 3320 3362 ἔθετο,
3381 3299 3431 3351 οἳ
3464 3297 3678 3360 ἀνάξιοι
3741 3296 3840 3348 τοῦ
3897 3295 4017 3364 κλή-

2375 3380 2418 3438 C
2455 3409 2550 3462 ρου
2583 3396 2677 3445 καὶ
2701 3391 2800 3462 τῆς
2831 3389 3124 3454 υἱοθεσίας,
3175 3390 3392 3452 ἀσεϐεῖς
3423 3390 3575 3452 ὄντες
3604 3388 3960 3442 ἀπολοῦνται.

2969 3524 3301 3577 sparum:
3355 3523 3492 3591 τςν.

2451 3637 2837 3713 Διᾴᾴτίρμᾴτοι
2865 3637 2940 3713 ἐξ,
2973 3635 3302 3713 Ἀνατομῶν
3328 3637 3426 3689 καὶ
3464 3633 3739 3713 Περσῶν.
3783 3635 3888 3713 καὶ
3920 3635 4016 3713 σίνε

2523 3709 2590 3773 ἐξ
2636 3706 2840 3776 ἐτέρας
2869 3708 3061 3776 χώρας
3090 3707 3128 3774 ἢ
3166 3709 3381 3776 ἔθνους
3419 3706 3497 3772 τῷ
3541 3706 3898 3768 Δεσκοτιιῷ
3940 3710 4022 3758 td-

2526 3797 2612 3846 κῳ
2647 3775 3090 3847 παραιὴύνασι
3119 3775 3335 3844 πρῶτοι
3351 3793 3376 3841 ;

2300 3933 2352 3982 p.
2383 3915 2609 3968 693—697.
2651 3912 2872 3964 Galland.
2971 3909 3082 3972 710,
3109 3909 3216 3970 7H,
3246 3924 3299 3960 ιι.
3330 3908 3408 3971 II,
3447 3922 3498 3972 q.
3530 3909 3668 3974 119).
3692 3936 3759 3948 -ν
3780 3909 3860 3960 De
3883 3909 4018 3972 Iasi!

2301 3981 2601 4021 nitentibus-
2629 3975 2798 4021 Matth.
2819 3988 2873 4021 ιι.

1875 3993 1940 4030 ex
1969 3981 2176 4031 Oriente
2207 3975 2601 4031 advenientibus.
2629 3975 2798 4024 Matth.
2819 3988 2873 4034 ιι,

859 4077 1039 4133 Variis
1063 4078 1133 4134 de
1155 4082 1337 4138 causis
1376 4083 1430 4138 id
1465 4083 1669 4140 factum
1701 4103 1824 4144 esse
1853 4091 2072 4159 opinor.
2107 4092 2352 4146 Primum

787 4172 1006 4240 quidem
1034 4175 1104 4224 ita
1159 4180 1439 4231 oraculum
1485 4180 1704 4249 aliquod
1738 4182 2115 4251 propheticum
2160 4184 2353 4252 imple-

790 4269 1004 4320 verunt,
1036 4261 1108 4315 ita
1136 4263 1380 4318 habens:
1417 4282 1435 4315 ι
1474 4265 1647 4336 Reges
1677 4269 1918 4325 Arabum
1943 4280 1998 4324 et
2026 4271 2181 4325 Saba:
2209 4273 2352 4327 dona

788 4347 1011 4402 all'erent
1039 4353 1103 4404 ³⁸.
1129 4370 1146 4401 ι
1197 4350 1374 4406 Persa:
1423 4354 1568 4407 enim
1609 4363 1738 4410 tunc
1780 4360 2042 4427 temporis
2080 4375 2350 4413 summam

789 4443 1110 4503 potestatem
1165 4440 1216 4491 in
1262 4442 1512 4510 regiones
1559 4443 1680 4497 illas
1725 4447 2051 4501 exercebant
2099 4465 2113 4501 :
2161 4449 2351 4502 eadem

2521 4088 2619 4141 Διὰ
2643 4085 2865 4148 πολλὰς,
2896 4082 3070 4154 οἶμαι.
3107 4081 3304 4145 αίτίας.
3329 4082 3554 4152 Πρῶτον
3598 4082 3704 4150 μὲν
3731 4085 3849 4150 γὰρ
3893 4099 4012 4151 προ·

2454 4180 2678 4250 φητείαν
2707 4181 2828 4230 τινὰ
2862 4176 3210 4245 ἐξεπλήρουν.
3251 4175 3351 4244 τὴν
3375 4175 3672 4240 λέγουσανο
3715 4192 3739 4226 s
3780 4173 4017 4233 Βασιλεῖς

2463 4269 2708 4340 ’Λράϐων
2740 4269 2836 4322 καὶ
2877 4267 3027 4320 Σαϐἆ
3072 4265 3221 4335 δῶρα
3257 4263 3638 4335 προσάξουσιν.
3675 4283 3694 4314 ι
3753 4266 3870 4318 Καὶ
3921 4265 4017 4331 γὰρ

2449 4365 2498 4414 oi
2536 4363 2743 4430 Πέρσαι
2773 4359 3075 4428 τηνικαῦτα
3112 4359 3219 4409 τῶν
3257 4357 3448 4426 χωρῶν
3479 4357 3714 4409 ὲιιείκων
3731 4357 3800 4410 τὸ
3836 4359 4017 4425 κράτος

2450 4448 2614 4520 εἶχον.
2645 4452 2805 4520 Φέρει
2830 4451 2888 4503 δὲ
2933 4453 2966 4518 ἡ
3011 4448 3234 4502 ἐκείνων
3271 4448 3340 4512 γῆ
3382 4447 3652 4516 ἐπίσημον
3702 4463 3765 4498 τε
3829 4448 4012 4515 χρυσον

790 4534 918 4574 vero
944 4529 1088 4576 terra
1116 4533 1168 4576 et
1203 4541 1396 4578 aurum
1423 4531 1959 4595 praestantissimum,
1993 4543 2049 4586 et
2078 4536 2348 4603 myrrham

2450 4544 2542 4595 καὶ
2567 4541 2809 4610 σμύρναν
2844 4541 2938 4592 καὶ
2996 4539 3230 4592 λίϐανον.
3253 4539 3460 4600 Ἄλλως
3486 4555 3545 4588 τε
3571 4537 3630 4589 δὲ
3663 4540 3762 4589 καὶ
3793 4539 3893 4606 τῆς
3923 4541 4010 4605 μὲν

787 4621 842 4665 et
892 4613 1019 4666 thus
1068 4614 1290 4680 profert.
1346 4618 1514 4672 Porro
1589 4619 1961 4690 Egyptiorum
2010 4623 2235 4691 imperio
2282 4626 2348 4678 ad

2447 4630 2757 4696 Αἰγυπτίων
2785 4627 3061 4697 βασιλείας
3089 4627 3170 4685 είς
3235 4625 3552 4693 ’Δσσυρίους
3595 4625 4008 4694 διαλελυμένης.

786 4705 1035 4772 Assyrios
1065 4708 1343 4769 translato,
1375 4709 1726 4778 Assyriorum
1761 4728 1884 4764 vero
1918 4714 2010 4766 illo
2043 4716 2107 4767 ad
2155 4714 2348 4769 Persas

2444 4720 2552 4773 τῶν
2607 4703 2909 4786 Ἀσσυρίων
2965 4716 3024 4768 δὶ
3067 4717 3146 4776 εἰς
3184 4716 3398 4783 Πέρσας
3441 4714 3877 4784 μεταῤῥυείσης,
3927 4715 4010 4765 καὶ

787 4795 1059 4861 devolulo,
1091 4797 1485 4867 Persarumque
1525 4803 1744 4872 regibus
1787 4813 1916 4856 tunc
1947 4805 2237 4872 primatum
2270 4815 2348 4859 te-

2444 4811 2551 4863 τῶν
2599 4813 2689 4863 ἐπὶ
2715 4809 2817 4877 γῆς
2864 4807 2985 4860 τότε
3042 4805 3300 4874 βασιλέων
3351 4803 3574 4874 Περσῶν
3631 4805 3702 4856 τὰ
3749 4803 4007 4872 πρεσϐεῖα

789 4884 1066 4950 nentibus,
1099 4887 1428 4942 conveniens
1461 4900 1598 4952 erat,
1627 4902 1706 4955 ut,
1737 4894 1827 4960 qui
1861 4909 1922 4947 ea
1963 4904 2120 4948 actate
2155 4896 2347 4964 praci-

2447 4901 2700 4968 ἑχόντων,
2735 4897 2842 4948 ἔδει
2865 4899 2976 4958 τοῖς
3011 4896 3073 4948 τὸ
3103 4898 3375 4965 πρωτεῖον
3409 4897 3466 4946 ἐν
3495 4896 3609 4956 τοῖς
3643 4896 3772 4945 τότε
3825 4891 4007 4962 καιροῦ

791 4972 880 5040 pui
910 4982 1112 5038 esseut,
1146 4975 1308 5030 iidem
1343 4978 1520 5046 primo
1548 4991 1604 5036 et
1630 4983 1720 5034 uni
1745 4984 2068 5038 seculorum
2115 4984 2264 5053 Regi,
2291 4987 2346 5040 in

2444 4987 2685 5058 λαχοῦσι,
2728 4987 2806 5056 τῷ
2838 4984 3038 5058 πρώτῳ
3075 4989 3168 5038 καὶ
3206 4986 3348 5053 μόνῳ
3390 4983 3608 5038 Βασιλεῖ
3639 4985 3751 5036 τῶν
3781 4985 4004 5042 αἰώνων,

789 5073 932 5118 terra
981 5080 1295 5135 conspecto,
1331 5069 1573 5134 Christo,
1615 5081 1670 5126 et
1708 5072 1813 5128 Deo
1859 5085 2065 5139 nostro,
2114 5078 2346 5132 adventu

2444 5079 2537 5131 ἐπὶ
2558 5081 2659 5144 γῆς
2681 5077 2893 5145 ὀφθέντι
2921 5075 3160 5147 Χριστῷ,
3182 5074 3299 5142 Θεῷ
3329 5074 3404 5145 τῷ
3429 5075 3605 5143 ήμιῖιν,
3637 5074 4009 5143 παραγεγονό-

789 5170 890 5208 suo
916 5155 1122 5210 cultum
1152 5169 1501 5228 praestarent,
1544 5173 1597 5216 et
1630 5162 1771 5218 dona
1801 5165 2078 5230 olferrent,
2111 5167 2196 5231 iis,
2226 5183 2348 5237 qua:

2446 5184 2547 5230 τας
2578 5185 2636 5219 τε
2668 5170 3058 5237 προσκυνῆσαι,
3090 5167 3184 5218 καὶ
3209 5165 3356 5236 δῶρα
3403 5164 3653 5234 κομίσαι,
3683 5164 3752 5216 δι’
3800 5159 3875 5216 ὧν
3903 5161 4007 5229 (85)

791 5242 1084 5308 faciebant,
1131 5249 1465 5316 prolitentes,
1496 5252 1642 5321 quod
1671 5251 1787 5314 Iiex
1828 5254 1982 5307 modo
2007 5265 2168 5309 natus
2205 5255 2348 5322 ipso-

2444 5259 2711 5328 ἔπραττον
2732 5258 3186 5328 ἁνομολογοῦντας
3217 5258 3328 5327 (86)
3357 5257 3438 5308 ὅτι
3463 5258 3491 5309 ὀ
3513 5256 3728 5325 τεχθεὶς
3752 5253 4007 5312 Βασιλεὺς

789 5348 932 5398 rum,
975 5336 1068 5402 qui
1124 5344 1335 5390 tantum
1382 5355 1486 5392 non
1534 5344 1682 5394 omni
1737 5343 1855 5396 orbi
1899 5342 2245 5412 imperarent,
2297 5355 2351 5399 et

2447 5349 2539 5402 καὶ
2591 5349 2789 5413 αὐτῶν,
2845 5348 2953 5401 τῶν
3004 5348 3202 5418 μικροῦ
3234 5349 3330 5417 τῆς
3363 5347 3466 5416 τῆς
3496 5347 3716 5416 ἁπάσης
3748 5344 4007 5416 κρατούν-

789 5426 1043 5494 gentibus
1089 5431 1344 5485 omnibus
1394 5435 1709 5501 superiores
1751 5446 1953 5505 essent,
2001 5434 2197 5500 Ilcrus,
2250 5434 2352 5487 Do-

2444 5459 2564 5507 των,
2601 5444 2695 5494 καί
2738 5441 2880 5494 κατὰ
2922 5441 3139 5494 πάντων
3172 5441 3231 5492 τὸ
3274 5432 3556 5510 ’πρωτεῖον
3607 5439 3869 5512 ἑχόντων,
3915 5439 4005 5487 Az-

862 5545 906 5577 ³³
938 5543 1041 5600 Isa.
1069 5564 1156 5612 ιιι,
1187 5550 1238 5604 6.

2290 5654 2519 5711 NOTAE.

870 5755 980 5826 (85)
1015 5755 1102 5813 Sic
1131 5759 1311 5814 scribo
1337 5776 1454 5831 pro,
1490 5762 1556 5814 δι’
1588 5765 1666 5817 ὃν.

2504 5765 2614 5838 (86)
2642 5767 2808 5824 Coisl.
2841 5769 2978 5826 male
3004 5767 3486 5840 ἁνομοὶογοῦντας.
