4156 6438
169 446 306 511 ηις

947 446 1048 505 ΑΒ
1080 437 1674 503 AMPHILOCHIUM
1701 435 2050 507 QUIESTIO
2076 440 2274 515 CCCV,
2310 443 2542 504 CCCVI.

3283 446 3419 513 1150

164 558 368 622 σπότης
395 556 491 610 καὶ
522 554 727 627 Κύριος
769 554 866 608 καὶ
903 555 1167 619 Βασιλεὺς
1196 554 1545 627 χρηματίζει,
1582 567 1749 620 προσ·

1854 552 2035 606 minus
2059 564 2112 607 et
2149 552 2260 608 lter
2308 556 2705 625 appellaretur,
2751 564 3011 627 tanquam
3061 560 3322 616 adoratus
3350 567 3419 618 ah

159 647 495 717 κυνούμενός
522 664 583 700 τε
626 648 721 701 ὑπ’
748 646 930 699 αὐτῶν
962 646 1060 700 καὶ
1082 646 1561 718 δορυφορούμενος
1603 647 1739 718 (87).

160 739 226 790 Et
275 740 321 792 δ’
366 740 451 793 ὅτι
493 740 704 794 ἐκεῖθεν
758 739 1056 809 ἐτύγχανεν
1112 741 1210 794 καὶ
1262 740 1515 811 Ἀϐραὰμ
1555 740 1586 792 6
1636 757 1744 793 πα-

158 831 430 901 τριάρχης
504 832 594 903 (ἐκ
664 832 948 885 Χαλδαίων
1017 831 1129 902 γὰρ
1182 834 1290 902 γῆς
1358 832 1577 903 πρῶτος
1640 834 1744 887 ἀπο

160 937 305 991 αρας
348 921 677 989 θεογνωσίαν
716 921 1025 993 ἐκήρυξεν),
1051 920 1143 975 διὰ
1182 921 1344 975 τοῦτο
1366 923 1462 975 καὶ
1490 917 1637 976 οὗτοι
1664 922 1745 983 είς

160 1014 539 1083 προσκύνησιν
609 1012 704 1064 τοῦ
789 1014 1042 1084 Σωτῆρος
1087 1012 1298 1085 πρῶτοι
1376 1014 1487 1066 τῶν
1568 1011 1745 1067 ἀλλων

160 1104 376 1157 ἐκεῖθεν
402 1103 732 1175 ἐκινήθησαν
759 1105 1193 1175 παραγενέσθαι,
1221 1105 1435 1177 τρανῶς
1460 1104 1747 1159 διασαλπι-

162 1196 366 1267 ζούσης
402 1197 501 1265 τῆς
537 1196 794 1268 τοιαύτης
819 1198 1252 1268 οἱκονομίας,ὅτι
1279 1200 1309 1252 6
1350 1198 1513 1260 αὐτός
1545 1199 1692 1251 ἐστιν
1716 1199 1747 1251 6

162 1288 261 1342 καὶ
306 1290 427 1342 τότε
462 1289 557 1343 καὶ
586 1288 682 1343 νῦν
714 1289 973 1359 ἐνεργῶν,
1020 1291 1145 1344 τότε
1196 1290 1299 1360 μὲν
1338 1292 1613 1357 τυπικῶς,
1650 1286 1765 1345 νῦν⁸

160 1380 221 1433 δέ
243 1380 427 1445 αὐτοῖς
450 1381 741 1451 πράγμασι
769 1382 864 1436 καὶ
890 1381 1120 1453 ἀληθείᾳ
1142 1398 1157 1412 ⁸
1185 1381 1310 1437 οὐδὲ
1346 1381 1505 1435 τοῦτο
1555 1383 1621 1437 ἂν
1660 1384 1745 1453 εῐη

160 1472 265 1541 τῆς
293 1474 460 1544 ὀρθῆς
480 1474 700 1527 ἄπωθεν
724 1473 985 1539 διανοίας.
1026 1476 1157 1529 Νόει
1183 1475 1241 1529 δέ
1270 1492 1363 1546 μοι
1411 1477 1653 1530 κάκεῖνο·
1683 1476 1748 1528 Ol

162 1565 470 1635 ’Δσσυρίων
525 1565 765 1636 βασιλεῖς
808 1568 910 1637 τήν
956 1584 1017 1621 τε
1066 1568 1425 1641 Ἰερουσαλὴμ
1489 1567 1749 1633 πολλάκις

162 1656 512 1726 ἐπόρθησαν,
566 1658 662 1711 καὶ
726 1660 798 1713 τὰ
861 1659 922 1713 ἐν
986 1658 1065 1730 τῷ
1117 1660 1248 1731 θείῳ
1316 1661 1422 1732 νεῷ
1489 1662 1749 1731 κειμήλια

161 1748 539 1818 ἀπεσύλησαν.
588 1750 700 1803 Καὶ
767 1750 931 1805 αὑτὸν
976 1751 1090 1805 ἐσθ’
1135 1754 1227 1805 ὅτε
1270 1753 1364 1808 τὸν
1407 1754 1533 1808 ναὸν
1580 1756 1747 1826 πυρὸς

162 1839 329 1907 ἔργον
360 1840 761 1908 ἀποφήναντες.
822 1843 935 1895 Καὶ
992 1844 1095 1896 ὅσα
1147 1843 1287 1897 ἀλλα
1326 1845 1359 1915 ἡ
1399 1845 1532 1915 περὶ
1577 1844 1749 1899 ταῦτα

164 1929 381 2000 ἱστορία
432 1928 706 1995 διέξεισιν.
774 1931 838 1985 Ἦ
876 1932 935 1986 δέ
977 1933 1089 1986 τῶν
1122 1933 1428 2004 Ἀσσυρίων
1467 1934 1613 2007 ἀρχὴ
1664 1937 1746 2000 είς

161 2020 387 2092 Πέρσας
416 2021 707 2090 μετέπεσε,
749 2024 845 2077 καὶ
872 2024 965 2077 τὸν
988 2024 1219 2089 ἐκείνοις
1242 2026 1474 2081 πλοῦτον
1502 2026 1740 2095 ἅπαντα,

159 2110 290 2172 ὅσος
311 2111 423 2181 (88)
450 2129 508 2164 τε
530 2113 588 2164 ἐν
615 2112 899 2183 λαφύροις,
922 2117 1017 2170 καὶ
1039 2117 1163 2180 ὅσος
1192 2118 1250 2170 ἐν
1277 2118 1538 2188 ὑπηκόων
1557 2122 1744 2190 φόροις

160 2205 247 2264 είς
274 2204 517 2268 ἐκείνους
541 2207 1005 2276 συμμετέστησεν.
1045 2209 1202 2277 Ἀγει
1230 2210 1455 2263 τοι¹νυνό
1471 2210 1604 2274 Θεὸς
1617 2216 1745 2277 τοὺς

160 2293 382 2365 Πέρσας
413 2295 495 2357 είς
529 2295 900 2367 προσκύνησιν
935 2298 1031 2351 τοῦ
1066 2298 1330 2368 βασιλέως
1354 2300 1451 2354 τοῦ
1504 2302 1739 2375 Ἰσραὴλ,

158 2386 223 2448 ὅς
270 2388 385 2439 ἐστι
432 2387 669 2457 Χριστὸς
712 2390 741 2441 6
797 2388 929 2452 Θεὸς
976 2391 1157 2461 ἡμῶν,
1209 2386 1363 2460 ᾧτινι
1402 2396 1498 2450 καὶ
1560 2399 1739 2453 ἀνεῖτο

166 2475 270 2533 μὲν
322 2477 379 2529 ἐν
438 2475 835 2546 Ἰεροσολύμοις
862 2478 1023 2552 νεὼςι
1063 2482 1394 2551 ἀνεφέροντο
1450 2484 1511 2538 δέ
1548 2486 1645 2539 καὶ
1685 2490 1741 2541 al

162 2564 350 2619 θυσίαι
366 2566 502 2635 (89),
536 2569 629 2620 καὶ
656 2570 909 2638 τρέχουσι
932 2570 1182 2642 δρομέως
1203 2612 1220 2636 ,
1243 2575 1337 2627 καὶ
1365 2577 1741 2648 προσφέρουσι

159 2657 290 2708 ἀντὶ
322 2656 419 2724 μέν
436 2657 536 2725 τῆς
560 2660 711 2727 παρά
732 2660 840 2713 τῶν
869 2661 1121 2732 πατέρων
1152 2665 1336 2719 αὐτῶν
1363 2669 1743 2740 γεγενημένης

159 2746 248 2808 εἰς
278 2746 348 2798 τά
379 2748 502 2817 ίερὰ
541 2747 634 2801 τοῦ
676 2749 810 2803 Θεοῦ
864 2752 1089 2822 ἀτιμίας
1120 2755 1307 2827 τιμὴν,
1361 2758 1483 2811 ἀντὶ
1527 2759 1583 2812 δὲ
1632 2760 1743 2815 τῶν

154 2834 487 2906 δυσφημιῶν
544 2837 856 2907 θεολογίαν,
916 2845 1027 2922 κα).⁸
1062 2846 1436 2918 προσκύνησιν
1472 2850 1593 2903 ἀντὶ
1640 2852 1743 2922 τῆς

158 2926 332 2996 ἄλλης
371 2930 679 3000 παροινίας,
700 2932 822 2985 ἀντὶ
846 2933 902 2986 δὲ
928 2917 1035 2987 τῶν
1055 2917 1551 3009 συλαγωγηθέντων

156 3018 264 3088 τῆς
296 3022 623 3091 προγονικῆς
661 3021 850 3095 ῶσπερ
901 3025 1475 3102 ὑπεραπολογούμενοι
1512 3032 1738 3103 τόλμης,

158 3111 263 3161 καὶ
293 3110 389 3180 τὴν
430 3112 762 3183 συγγνώμην
795 3114 1025 3178 ἐκείνοις
1064 3116 1152 3171 διὰ
1187 3119 1286 3189 τῆς
1330 3121 1537 3186 οίκείας
1577 3126 1743 3177 ἐκκαο

1843 645 1979 708 illis,
2024 652 2080 701 et
2121 646 2382 702 satellitio
2425 642 2585 717 regio
2628 649 2886 718 stipatus.
2933 636 3204 716 Quoniam
3255 668 3421 721 porro

1842 738 1971 795 inde
2019 738 2366 796 Abrahamus
2411 743 2718 812 patriarcha
2784 744 3052 799 oriundus
3099 746 3264 801 etiam
3321 748 3423 803 fuit

1847 832 1936 902 (is
1977 834 2151 898 enim,
2197 849 2265 887 ex
2296 833 2677 889 Chaltlzrorum
2726 836 2948 908 regione
3004 836 3247 907 primum
3290 854 3421 906 pro-

1844 922 2043 987 fectus,
2084 923 2250 978 divini
2277 923 2531 980 Numinis
2578 928 2945 996 cognitionem
2975 927 3190 997 publice
3236 930 3419 999 ursit),

1845 1022 2127 1085 propterea
2156 1023 2212 1069 et
2242 1016 2321 1069 illi
2357 1017 2519 1085 primi
2548 1019 2791 1072 omnium
2818 1019 3043 1074 excitati
3072 1031 3221 1085 sunt,
3264 1030 3323 1074 ut
3353 1037 3421 1076 ex

1844 1103 2037 1158 eadem
2077 1106 2297 1175 regione
2350 1108 2416 1161 ad
2447 1107 2655 1161 cultum
2700 1108 2975 1163 Salvatori
3018 1112 3418 1177 praestandum,

1849 1198 2185 1262 advolarent,
2235 1202 2752 1272 sapientissimaqne
2795 1205 2912 1259 hate
2952 1219 3140 1259 rerum
3184 1205 3420 1260 directio

1846 1292 2134 1361 perspicue
2169 1292 2500 1363 signiﬁcaret
2529 1294 2782 1349 eumdem
2814 1311 2955 1359 esse,
3011 1297 3107 1367 qui
3139 1306 3193 1351 et
3219 1306 3346 1351 tunc
3370 1310 3424 1351 et

1850 1398 1996 1437 nunc
2022 1394 2363 1452 operaretur,
2391 1392 2524 1440 tunc
2553 1386 2776 1455 quidem
2808 1386 2862 1440 in
2900 1389 3063 1457 typis,
3108 1403 3257 1444 nunc
3294 1404 3425 1443 vero

1849 1488 1906 1528 re
1952 1473 2069 1543 ipsa
2103 1481 2157 1528 et
2190 1490 2373 1544 opere.
2405 1473 2463 1530 Si
2509 1478 2633 1547 quis
2681 1477 2756 1532 ita
2790 1488 3018 1544 statuat,
3076 1494 3178 1535 nec
3218 1480 3365 1535 hunc
3392 1496 3422 1534 a

1849 1575 1999 1620 recto
2019 1565 2228 1635 judicio
2260 1568 2563 1637 putaverim
2592 1572 2870 1627 aberrare.
2894 1568 3016 1625 Jam
3066 1586 3199 1626 vero
3229 1581 3283 1626 et
3320 1573 3425 1628 hoc

1849 1655 2019 1711 velim
2075 1659 2778 1730 expendas.-Assyriorum
2832 1677 2988 1732 reges
3046 1661 3425 1734 Hierosolyma

1850 1764 1994 1819 sape
2023 1759 2433 1821 expugnarunt,
2472 1753 2792 1823 templique,
2832 1751 2944 1807 Deo
2988 1755 3155 1817 sacri.
3206 1755 3426 1810 cimelia

1851 1841 2213 1907 abstulerunt,
2238 1844 2416 1913 ipsum
2438 1844 2709 1899 interdum
2734 1846 2996 1914 templum
3021 1846 3162 1916 ignis
3185 1847 3424 1915 praedam

1848 1932 2132 1996 facientes,
2168 1944 2228 1989 ut
2261 1935 2413 2005 plura
2437 1936 2541 1991 alia
2567 1944 2798 2003 taceam,
2826 1952 2947 2007 qua:
2980 1938 3053 1993 de
3083 1938 3170 1993 his
3194 1938 3423 1993 historia

1848 2025 2032 2080 tradit.
2087 2026 2283 2082 Postea
2338 2018 2693 2099 Assyriorum
2752 2028 3045 2099 imperium
3096 2030 3165 2084 ad
3224 2028 3423 2086 Persas

1847 2118 2119 2188 pervenit,
2144 2134 2449 2190 omnesque
2472 2135 2665 2175 eorum
2693 2136 2847 2190 opes,
2867 2137 2992 2187 qua:
3013 2120 3098 2176 vel
3127 2122 3181 2175 in
3207 2122 3421 2192 spoliis,

1845 2212 1930 2266 vel
1978 2212 2032 2267 in
2087 2214 2461 2282 subjeCtorum
2510 2214 2730 2269 tributis
2781 2216 2970 2285 positae
3009 2222 3189 2280 erant,
3230 2217 3297 2270 ad
3324 2230 3422 2271 eos

1848 2306 2342 2362 transferebantur.
2405 2308 2549 2363 Deus
2596 2308 2779 2377 itaque
2836 2307 3034 2363 Persas
3090 2308 3297 2363 excitat
3353 2309 3421 2362 ad

1845 2398 2221 2453 adorationein
2257 2398 2420 2470 Regis
2448 2399 2688 2463 lsraelis,
2718 2400 2811 2469 qui
2841 2410 2927 2454 est
2954 2400 3240 2462 Christus,
3276 2398 3422 2454 Deus

1844 2500 2051 2556 noster,
2081 2492 2169 2547 cui
2199 2501 2256 2547 et
2284 2493 2545 2562 templum
2588 2492 2978 2565 Hierosolymis
3008 2502 3254 2548 erectum
3278 2505 3418 2557 erat,

1842 2594 1897 2639 et
1923 2584 2193 2640 sacriﬁcia
2226 2584 2618 2640 oﬂ‘erebantur.
2648 2586 2729 2641 Illi
2770 2586 2939 2641 citato
2975 2602 3143 2641 cursu
3175 2588 3243 2641 ad
3290 2601 3420 2642 eum

1846 2674 2117 2738 feruntur,
2149 2675 2310 2744 eique
2345 2689 2447 2745 pro
2475 2677 2716 2747 probris,
2761 2691 2793 2730 a
2847 2677 3149 2746 majoribus
3202 2678 3322 2732 suis
3363 2678 3416 2731 in

1845 2783 2000 2823 sacra
2031 2767 2318 2837 conjectis,
2378 2770 2663 2835 honorem,
2699 2784 2799 2838 pro
2835 2768 3054 2839 injuriis
3106 2768 3252 2834 ﬁdei,
3296 2777 3421 2824 tan-

1843 2874 2007 2929 quam
2065 2860 2118 2913 in
2162 2858 2357 2926 Deum,
2400 2860 2835 2930 professionem,
2880 2875 2982 2930 pro
3023 2859 3246 2930 ﬂagitiis
3295 2861 3418 2916 aliis

1845 2948 2077 3012 cultum,
2109 2963 2206 3017 pro
2232 2949 2420 3017 spoliis
2460 2949 2589 3004 olim
2627 2947 2789 3003 factis
2833 2948 2976 3004 dona
3007 2947 3266 3017 oderunt,
3314 2950 3420 3006 hoc

1844 3039 2008 3095 modo
2053 3041 2213 3111 quasi
2257 3042 2459 3096 avitam
2512 3043 2873 3100 temeritatem
2914 3046 3257 3112 excusaturi,
3324 3061 3420 3101 ve-

1846 3133 2102 3201 niamque
2137 3133 2245 3187 illis
2299 3135 2537 3204 propriis
2586 3134 2704 3190 suis
2745 3136 2997 3192 moribus
3039 3139 3415 3207 procuraturi.

157 3200 417 3299 λούμενοι
462 3203 736 3299 πράξεως.
800 3206 911 3259 Καὶ
968 3210 1337 3299 προσφέρουσι
1385 3212 1488 3283 μὲν
1542 3215 1743 3285 χρυσὸν

1848 3222 1911 3277 Et
1933 3200 2130 3278 aurum
2159 3200 2379 3295 quidem
2400 3200 2646 3283 oﬂ'erunt
2670 3243 2769 3299 pro
2794 3244 2931 3284 auro
2962 3200 3058 3286 illo
3086 3240 3141 3286 et
3161 3234 3415 3299 cimeliis,

156 3290 291 3342 ἀντὶ
312 3290 405 3343 τοῦ
434 3291 639 3362 χρυσοῦ
674 3294 768 3347 καὶ
792 3295 901 3347 τῶν
943 3296 1107 3368 ίερῶν
1138 3291 1441 3371 κὲιμηλίων
1461 3343 1478 3367 ,
1507 3296 1584 3357 ὧν
1612 3304 1737 3358 ἐσύ-

156 3382 335 3451 λησαν
359 3398 373 3413 ο
391 3382 674 3438 λίϐανονδέ
697 3386 819 3439 ἀντὶ
836 3387 947 3441 τῶν
977 3389 1198 3455 θυσιῶν,
1226 3390 1293 3457 ἃς
1320 3393 1621 3463 ἐκώλυσαν,
1643 3401 1739 3454 καὶ

161 3473 415 3543 σμύρναν
447 3475 541 3526 ἐπὶ
562 3477 689 3538 τοὺς
711 3476 860 3541 ἀπαξ
889 3479 982 3531 ὑπ’
1000 3480 1181 3535 αὐτῶν
1201 3483 1577 3556 ἀνῃρημένους
1599 3489 1734 3560 (90),

158 3562 333 3614 ’πάλαι
365 3563 505 3615 κατά
545 3564 646 3633 τὴν
690 3567 1012 3636 πολιορκίαν
1043 3572 1170 3642 ἐνῆν
1202 3573 1393 3650 αὐτοῖς
1433 3576 1736 3650 ἀναστῆσαι

157 3650 273 3743 καί
317 3654 693 3743 παραστῆσαι,
750 3657 939 3728 ὥσπερ
984 3660 1149 3733 τιμὴν
1199 3648 1441 3729 ’ἐκείνοις
1483 3669 1594 3740 (91)
1628 3648 1735 3743 τὴν

157 3740 411 3812 σμύρναν
440 3742 775 3813 κομίζοντες,
808 3749 947 3818 τάχα
966 3750 1023 3803 δέ
1048 3754 1145 3805 καὶ
1174 3754 1273 3834 ⁴ξὴν
1297 3757 1525 3830 γνώμην
1555 3740 1735 3818 αὐτῶν

155 3831 585 3903 ἐνδεικνύμενοι.
653 3835 741 3899 Ὠς
789 3840 918 3907 τόγε
965 3843 1052 3896 ἐπ’
1111 3831 1301 3911 αὑταῖς
1351 3853 1447 3904 καὶ
1490 3853 1583 3906 τὸν
1637 3873 1735 3908 κα-

151 3929 546 4019 ταστραφέντα
598 3930 775 4019 ~vaov,
831 3934 927 3987 καὶ
990 3935 1090 4008 τὴν
1150 3939 1305 4009 πόλιν
1378 3943 1737 4019 Ἰερουσαλὴμ

153 4016 376 4109 αίρετδν
449 4017 559 4088 (92)
594 4014 663 4089 ἦν
700 4023 1029 4080 ἀνανεῶσαι.
1099 4028 1212 4082 Καὶ
1289 4030 1466 4104 γὰρὴ
1516 4014 1734 4109 σμύρνα

155 4105 486 4175 συσφίγγειν
531 4109 725 4164 είωθεν
776 4112 846 4166 τά
889 4115 1155 4172 διεστῶτα
1198 4122 1293 4207 θεαὶ
1335 4105 1731 4197 διεσπασμένα.

1842 3326 1966 3381 qua:
2005 3327 2100 3381 per
2125 3314 2374 3383 rapinam
2408 3315 2540 3369 olim
2576 3316 2951 3385 abstulerant;
2994 3319 3121 3374 thus
3159 3336 3288 3376 vero
3318 3337 3418 3393 pro

1841 3402 2149 3466 sacriﬁciis,
2174 3419 2296 3473 quae
2315 3404 2432 3459 ﬁeri
2456 3414 2740 3462 vetuerant
2760 3426 2775 3474 ;
2793 3418 2848 3463 et
2872 3410 3152 3480 myrrham
3180 3411 3418 3484 denique

1841 3504 1941 3559 pro
1974 3490 2107 3552 illis,
2139 3492 2231 3559 qni
2261 3491 2330 3546 ab
2379 3492 2514 3562 ipsis
2543 3504 2701 3549 erant
2744 3496 3027 3563 trucidati,
3073 3513 3328 3569 quosque
3360 3500 3416 3555 in

1841 3580 2223 3652 frequentibus
2250 3584 2369 3639 suis
2405 3585 2807 3652 obsidionibus,
2836 3589 3081 3643 excitare
3107 3598 3162 3645 et
3191 3591 3248 3645 in
3276 3592 3417 3647 inte-

1839 3692 1994 3746 grum
2026 3678 2316 3733 restituere
2346 3678 2691 3748 potuissent;
2725 3681 2813 3735 his
2862 3680 3009 3735 enim
3046 3685 3266 3754 myrrha
3296 3687 3416 3741 culo

1840 3781 1954 3824 tum
1981 3770 2144 3840 quasi
2170 3787 2332 3825 suum
2378 3780 2434 3827 et
2461 3772 2701 3827 studium
2729 3776 2920 3829 testari
2968 3786 3247 3844 poterant.
3277 3778 3413 3835 [θοι-ς

1841 3870 1986 3914 tasse
2008 3876 2138 3914 vero
2157 3861 2320 3915 etiam
2349 3876 2445 3930 per
2468 3862 2744 3933 myrrham
2776 3864 2944 3917 animi
2972 3868 3057 3920 sui
3084 3870 3411 3925 sententiam

1837 3951 2120 4008 declarare
2170 3953 2483 4015 voluerunt.
2537 3953 2685 4022 quod
2730 3956 2943 4011 scilicet
2970 3972 3071 4028 pro
3120 3961 3264 4015 virili
3311 3978 3411 4019 sua

1837 4054 1996 4114 parte
2025 4045 2290 4115 templum
2320 4046 2450 4100 olim
2481 4062 2733 4101 eversum
2782 4058 2840 4103 et
2873 4051 3067 4105 urbem
3096 4050 3408 4111 Jerusalem

1837 4136 2152 4191 instaurare
2183 4136 2416 4192 libenter
2453 4138 2677 4194 vellent.
2708 4138 2925 4209 Hyrrha
2954 4143 3102 4197 enim
3153 4161 3238 4211 ea,
3286 4164 3410 4217 quae

151 4198 274 4304 δαὶ
431 4203 479 4253 εἰ
500 4205 595 4304 καὶ
623 4203 719 4256 ἐπὶ
752 4205 983 4276 Ἐσδρᾳ
1016 4209 1128 4280 (93)
1159 4198 1347 4269 τίκα).
1398 4219 1733 4287 Ζοροϐάϐελ

1843 4227 2095 4284 distracta
2121 4235 2177 4283 et
2211 4228 2515 4284 disturbata
2542 4241 2694 4296 sunt,
2727 4198 3109 4304 constringere
3134 4245 3191 4290 et
3224 4198 3410 4291 coitu-

152 4289 438 4389 ἁὶιηνέχθη
464 4292 586 4346 τινὰ
621 4294 730 4389 τῶν
774 4296 1354 4389 λαφυραγωγηθέντων
1387 4308 1569 4379 ἱερῶν,
1613 4313 1731 4368 ἀλλ’

1843 4336 1967 4376 nere
1991 4323 2156 4378 solet.
2193 4323 2457 4389 Quamvis
2481 4324 2628 4379 enim
2659 4289 2761 4379 sub
2793 4289 3053 4381 Esdrauct
3083 4325 3406 4385 Zorobabela

150 4378 257 4432 οὖν
287 4382 480 4445 ἐνδεῶς
526 4384 827 4455 ἐπράττετο
875 4390 1070 4456 ταῦτα,
1111 4384 1254 4464 μήτε
1291 4399 1384 4451 τοῦ

1436 4402 1730 4473 Λυτρωιηῦ
1834 4414 2122 4479 nonnulla,
2176 4430 2301 4485 qua:
2350 4431 2418 4471 ex
2476 4418 2654 4472 sacris
2704 4419 2757 4472 in
2808 4418 3045 4488 praedam
3099 4434 3403 4487 cesserant,

150 4470 259 4572 κα)
283 4470 537 4581 Σωτῆρος
565 4476 726 4545 ἡμῶν
746 4485 1196 4581 παραγεγονότος
1207 4528 1236 4581 ,⁸
1255 4490 1394 4561 μήτε
1412 4470 1594 4547 αὐτῶν
1619 4496 1729 4551 τῶν

1843 4504 2178 4571 oﬂ‘errentur,
2210 4516 2374 4563 tenue
2414 4517 2597 4564 tamen
2630 4510 2759 4564 illud
2792 4525 2957 4565 omne
3003 4523 3056 4565 et
3101 4513 3216 4567 leve
3262 4525 3399 4578 erat,

153 4560 665 4633 συλαγωγησάντων
700 4570 1126 4643 αὐτοπρόσωπον
1153 4560 1253 4649 vi);
1281 4588 1600 4657 προσφορὰν
1617 4592 1726 4643 τῶν
1750 4584 1757 4642 ς

165 4653 435 4674 Δ---.ἻᾼΑ.Ι
633 4658 747 4674 ἐει
819 4662 883 4674 --
943 4665 958 4674 .
1012 4666 1024 4674 .

1843 4615 1957 4655 cum
1989 4615 2090 4655 nec
2118 4599 2403 4655 Liberator
2440 4610 2495 4655 et
2522 4602 2778 4657 Servator
2821 4614 3011 4658 noster
3061 4606 3397 4674 advenisset,

155 4653 567 4764 σῖσυλημένων,
621 4658 760 4713 ἀλλά
815 4662 883 4715 δι’
938 4665 1143 4737 ἐτέρων
1193 4653 1554 4745 ποιουμένων.
1591 4682 1732 4753 Προ-

1843 4653 1934 4745 nec
1958 4691 2057 4753 illi,
2072 4653 2183 4759 vqui
2202 4653 2205 4654 ν
2223 4653 2463 4759 praedam
2480 4653 2768 4757 reges};
2789 4653 3001 4762 sius"
3017 4653 3128 4747 illa.
3144 4653 3395 4764 aliis}:

154 4744 390 4848 μήνυμα
417 4747 465 4852 δ”
575 4751 661 4821 εἴη
688 4754 782 4807 καὶ
812 4757 845 4824 ἡ
880 4757 1109 4827 Περσῶν
1393 4768 1598 4837 ἄφιξις,
1641 4744 1732 4829 δτι

1916 4744 1923 4745 κ
2042 4744 2054 4753 γ
2106 4744 2122 4759 .
2223 4744 2239 4759 .
2452 4744 2455 4745 ν
2720 4744 2755 4757 τ.
2791 4744 2965 4762 ντ-ην
3017 4744 3031 4747 ν
3062 4744 3109 4747 ν-
3144 4744 3268 4764 -τ--ι
3302 4744 3395 4751 πη-

1843 4796 1925 4851 per
1969 4781 2130 4844 alios,
2181 4779 2461 4835 offerrent.
2512 4781 2684 4837 Porro
2729 4782 2867 4836 idem
2927 4783 3217 4838 Persarum
3270 4798 3397 4841 ante

152 4835 377 4945 πρῶτον
408 4839 457 4891 οί
487 4839 547 4905 ἐξ
570 4841 777 4945 ἐθνῶν..
798 4846 944 4919 ῆπερ
961 4848 1077 4920 (94)
1106 4853 1387 4927 όῚσραὴλ,
1416 4835 1517 4914 τόν
1533 4835 1731 4919 οἰκεῖον

1843 4835 2061 4927 r::eteros
2088 4872 2357 4927 adventus
2382 4870 2855 4944 praesigniﬁcabat,
2894 4875 3126 4942 gentiles
3160 4876 3390 4945 priores.

144 4926 547 4994 ἑπιγνώσονται
603 4932 903 5007 Δεσπότην.
961 4938 1084 4995 Εἰδέ
1139 4960 1227 5010 τις
1281 4946 1457 5004 ἐθέλοι
1518 4954 1612 5007 καὶ
1660 4955 1732 5009 τὰ

1843 4978 1995 5034 quam
2032 4962 2273 5027 Judaws,
2305 4926 2596 5019 Dominum
2627 4980 2788 5020 suum
2829 4966 3113 5036 agnituros
3154 4982 3298 5022 esse.
3336 4966 3393 5024 Si

1678 5133 1909 5197 ΝΟΤΕ.

364 5319 528 5410 ϐοἱιι.
557 5323 1063 5408 δῳρυφορούμενος.
1086 5326 1599 5410 Legendumviderl
1627 5351 1725 5407 po-

139 5402 298 5489 1Inerat
307 5401 619 5489 ξοροφορού
627 5412 809 5489 μενος,
832 5401 994 5489 quasiI
1006 5401 1720 5489 muneribus'ﬁoltoneuut'us.

142 5464 382 5545 Prafstat
409 5478 544 5545 vero
576 5476 826 5545 nostrum
850 5464 1019 5531 illud,
1067 5483 1177 5537 quo
1217 5473 1528 5545 e_t_Photius
1560 5478 1719 5545 alias,

1894 5339 2008 5409 (89)
2033 5339 2204 5395 Coisl.
2246 5340 2388 5396 male
2416 5342 2687 5396 ἀνθυσίαι.

1894 5409 2010 5481 (90)
2033 5409 2161 5483 Post
2198 5412 2574 5483 ἀνῃρημένους
2602 5422 2738 5483 puto
2768 5428 2864 5481 per
2904 5412 3222 5467 allinitatem
3270 5413 3379 5483 syl-

1821 5480 2203 5553 labarultitua:
2240 5480 2508 5538 eicidisse
2554 5482 2649 5546 οὓς
2703 5480 2972 5553 frequenti
3035 5480 3381 5537 librariorum

141 5545 207 5589 et
246 5532 552 5601 Scriptores
582 5533 896 5604 frequenter
925 5532 1174 5605 utuntur,
1211 5542 1301 5596 ubi
1347 5546 1414 5599 de
1461 5532 1722 5602 satellitio
1820 5532 2052 5606 incuria.

143 5605 871 5690 frginrsermonest.“Vide
914 5624 1038 5690 qua:
1084 5611 1521 5690 (ω’-δορυφόροις
1566 5618 1724 5672 alfert

142 5670 409 5755 Elisiusn
434 5673 486 5725 in
513 5670 802 5755 fortuitis
841 5670 1011 5755 sacris
1064 5670 1444 5755 p._5(l_.'et'tl'e
1494 5670 1720 5755 δορυφοξ

139 5742 343 5885 βοῦἕὲι
372 5741 566 5796 Ezecb.
639 5744 1003 5815 Spanhcntius
1066 5741 1144 5805 ἀα
1208 5751 1443 5811 (ἔσεισι-ει
1508 5741 1717 5813 Ιὶιιῐᾶηἰ

218 5882 336 5953 (88)
376 5880 450 5939 Ita
466 5882 614 5940 Colb.
646 5901 743 5956 pro
775 5888 934 5943 Ὅσα.

1892 5622 2004 5692 (91)
2046 5620 2123 5675 ita
2159 5620 2339 5692 scribo
2369 5636 2469 5691 pro
2488 5622 2747 5687 ἐκείνους.

1894 5691 2004 5760 (9‘2)
2044 5692 2138 5746 Sic
2172 5691 2327 5746 Coll).
2357 5707 2457 5761 pro
2483 5694 2715 5761 ἀρετῶν.

1896 5763 2006 5833 (95)
2042 5761 2187 5833 idem
2220 5777 2318 5830 pro
2358 5763 2542 5833 Ἔδρα.

1895 5831 2005 5904 (94)
2046 5832 2137 5888 Sic
2157 5833 2340 5893 scribo
2365 5831 2465 5903 pro
2496 5835 2674 5902 εἴπερ.
