4156 6438
765 396 907 470 1151

1893 393 2159 456 ΡΠΟΤΙΙ
2200 393 2707 454 ΡΛΤΠΙΛΒΟΠΙΕ
2739 393 2849 453 CP.

3909 389 4039 452 1152

764 508 893 579 quis
920 505 1162 576 denique
1186 504 1254 559 de
1287 503 1488 559 oblatis
1520 502 1629 560 illis
1660 511 1903 559 statuere
1931 502 2108 568 malit,
2145 515 2343 555 aurum

2462 499 2927 569 προσκομισθέντα
2982 498 3134 567 δῶρα
3181 498 3273 549 τὸν
3326 497 3427 566 μὲν
3478 495 3678 565 χρυσὸν
3711 495 3785 557 ὡς
3825 496 4041 549 Βασιλεῖ

763 600 985 670 quidem
1037 595 1280 657 Christo,
1337 602 1397 647 ut
1442 594 1577 664 Regi
1626 594 1794 663 hujus
1836 593 2122 656 universi,
2174 594 2354 646 instar

773 689 987 756 tributi,
1038 697 1094 744 et
1127 690 1180 742 in
1221 688 1547 742 obedientiae
1592 698 2004 754 argumentum.
2031 686 2159 740 thus
2194 698 2348 748 vero,

771 791 840 838 ut-
860 780 992 846 Deo,
1029 779 1307 851 myrrham
1356 779 1616 848 denique,
1649 788 1710 833 ut
1760 778 1873 839 tali,
1917 777 2010 847 qui
2045 791 2146 846 pro
2193 775 2351 830 nobis

2451 591 2885 661 προσενεχθῆναι
2940 590 3049 641 τῶν
3094 590 3260 650 ὅλων,
3323 588 3490 640 οἱονεὶ
3550 588 3718 656 φόρον
3762 586 3902 638 τινὰ
3948 591 4043 638 καὶ

2450 684 2697 752 ὑπακοῆς
2749 685 3035 752 ζσημεῖον,
3090 682 3166 743 ὡς
3222 679 3341 748 Θεῷ
3389 681 3446 732 δὲ
3493 679 3601 732 -τὸν
3655 678 3891 732 λίϐανον
3953 682 4044 728 καὶ

2452 775 2722 843 σμύρναν,
2758 773 2833 836 ὡς
2865 772 2933 824 δι’
2957 774 3104 840 ἡμᾶς
3138 770 3491 838 γενησομένῳ
3511 767 3689 837 νεκρῷ
3708 807 3724 828 ,
3757 769 3866 820 καὶ
3887 765 4044 820 τοῦτο

767 872 1074 927 moriturus
1104 870 1194 932 sit,
1218 870 1401 921 oblata
1428 882 1585 934 esse;
1613 867 1666 920 id
1695 881 1914 936 quoque
1946 881 2056 920 non
2086 867 2350 920 inconve-

2462 865 2548 918 >ύκ
2576 864 2644 917 ἂν
2668 863 3027 933 ἀναρμόστως
3052 861 3131 930 τῷ
3167 861 3484 931 προτεθέντι
3530 857 3898 929 περιαφθείη.

769 963 988 1018 nienter
1016 961 1178 1015 modo
1210 960 1373 1014 dictis
1393 959 1551 1028 jungi
1585 960 1777 1025 possit.

931 1051 1266 1120 Quassrlo
1306 1051 1530 1107 cccvn
1572 1050 1764 1123 [amt
1809 1050 1974 1104 Taur.
2015 1046 2204 1118 CXX].

768 1149 878 1203 Cur
911 1148 1148 1216 prn'cipit
1194 1146 1427 1217 Herodes
1467 1143 1679 1217 Magis,
1749 1143 1840 1217 qui
1882 1139 2351 1217 Salvato_rcm.n.o-

841 1209 1008 1272 stram
1045 1209 1312 1270 Christum
1358 1209 1634 1267 adoraturi
1677 1209 1949 1266 veniebant
1983 1225 2000 1262 :
2040 1227 2057 1259 ι
2088 1209 2351 1275 Inquiriw

840 1291 1140 1356 diligenter,
1170 1306 1187 1337 ι
1207 1287 1470 1356 inquiens.
1492 1303 1510 1334 ι
1535 1285 1588 1336 in
1607 1282 2110 1356 puerum;ubi_vero
2139 1278 2350 1356 invene-

839 1348 979 1421 ritis,
1029 1348 1321 1409 renuntiate
1357 1355 1485 1408 mihi
1511 1394 1526 1419 ,
1563 1348 1624 1407 ut
1673 1361 1724 1407 et
1754 1369 1847 1422 ego
1882 1352 2089 1405 ueniens
2126 1348 2346 1400 adorem

840 1445 960 1483 eum
987 1427 1071 1479 ³δῖ
1104 1447 1123 1478 ο

3010 1042 3354 1095 ΕΡΩΤΗΣΙΣ
3386 1043 3505 1094 ΤΖ’.

2448 1135 2550 1189 Διὰ
2608 1134 2663 1187 τί
2709 1133 3123 1188 ἐπικελεύεται
3165 1137 3198 1187 d
3240 1134 3498 1200 Ἡρώδης
3550 1135 3672 1199 τοῖς
3710 1135 3800 1198 εις
3861 1147 4046 1200 προεῖτο

2516 1206 2786 1268 κύνησιν
2815 1205 3079 1274 ἢκουσιις
3106 1203 3211 1274 τοῦ
3256 1203 3529 1274 Σωτῆρος
3562 1205 3734 1274 ἡμῶν
3766 1204 4041 1274 Χριστοῦ

2510 1274 2747 1343 μάγοις,
2781 1294 2799 1327 ι
2838 1273 3119 1341 ’Λκριὸῶς
3149 1273 3496 1336 ἐξετάσατε,
3518 1273 3734 1341 λέγων,
3766 1273 3912 1339 περὶ
3945 1273 4044 1323 τοῦ

2515 1346 2779 1403 παιδίου,
2815 1344 2972 1396 ἐπὰν
3000 1343 3068 1395 δὲ
3095 1343 3327 1408 εὕρητε,
3347 1344 3750 1413 ἀπαγγείλατέ
3776 1362 3887 1414 μοι
3910 1383 3925 1405 ,
3953 1344 4046 1394 ira

2509 1415 2677 1482 ,κάγὼ
2701 1413 2898 1469 ἐλθὼν
2917 1414 3327 1481 προσκυνήσω
3360 1416 3521 1478 αὐτῷ
3543 1432 3563 1479 ;
3602 1434 3622 1467 ι

1196 1537 1451 1588 Editarum
1473 1551 1508 1586 α
1524 1536 1700 1585 Wolfio
1721 1532 2097 1597 quadragesima
2129 1534 2186 1594 (l.
2210 1544 2255 1580 c.
2287 1543 2338 1591 p.
2360 1537 2364 1568 ι

2462 1525 2588 1574 £99.
2612 1525 2839 1575 Galland.
2862 1540 2914 1588 p.
2937 1524 3047 1582 711,
3079 1524 3192 1586 712,
3223 1538 3274 1574 n.
3302 1525 3379 1585 15,
3399 1539 3450 1586 q.
3475 1525 3606 1585 120).

851 1623 909 1678 Id
941 1622 1164 1692 quidem
1203 1623 1509 1676 secundum
1545 1636 1770 1675 sensum
1803 1619 2091 1674 litteralem
2121 1616 2244 1669 ideo
2279 1614 2353 1669 fa-
2383 1624 2426 1678 Β

773 1718 987 1781 ciebat,
1032 1714 1182 1785 quod
1213 1714 1330 1784 ipse
1373 1723 1491 1767 erat
1546 1712 1661 1768 Rex
1704 1710 1937 1776 Judaeze,
1984 1718 2352 1780 pereeptoque

778 1809 943 1878 Ilcgis
977 1816 1136 1878 partu
1179 1805 1657 1871 eonsternabatur,
1704 1813 1866 1874 atque
1912 1803 2052 1857 adeo
2091 1815 2217 1856 cum
2263 1799 2352 1851 in-

779 1904 1029 1956 terficere
1082 1900 1357 1964 studebat,
1408 1899 1504 1968 qui
1557 1897 1846 1966 imperium
1903 1895 2009 1950 sibi
2061 1902 2353 1962 erepturus

779 1991 1091 2045 videbatur.
1130 1987 1406 2054 Quoniam
1451 2001 1582 2039 vero
1611 2001 1737 2040 eum
1773 1984 2063 2038 diﬂiculter
2106 1979 2354 2036 invenire

779 2091 1021 2148 poterat,
1059 2081 1218 2135 dolos
1246 2088 1301 2134 et
1336 2078 1584 2132 fraudem
1621 2078 1813 2132 nectit.
1863 2076 2161 2146 Propterea
2187 2075 2351 2127 etiam

781 2177 859 2229 ait
891 2191 906 2228 :
943 2192 962 2226 ι
994 2172 1066 2227 Ut
1097 2182 1149 2227 et
1182 2187 1283 2242 ego
1307 2172 1535 2225 veniens
1563 2171 1787 2224 adorem
1821 2169 1996 2222 illum.
2027 2186 2046 2219 ι
2089 2165 2216 2220 llaec
2260 2180 2355 2218 cx-

781 2267 978 2336 positio
1000 2281 1068 2320 ex
1095 2266 1279 2320 verbis
1306 2265 1439 2332 ipsis
1466 2264 1732 2318 nascitur.
1759 2261 2013 2315 Fortasse
2039 2275 2170 2314 vero
2189 2259 2355 2313 etiam

787 2359 993 2412 invitus
1025 2359 1141 2426 ipse
1192 2355 1549 2426 praenuntiat,
1587 2353 1705 2408 fore
1761 2361 1822 2407 ut
1854 2368 1964 2407 non
1996 2352 2175 2407 solum
2224 2365 2358 2420 gen-

786 2453 909 2506 tiles
943 2466 1039 2519 per
1077 2448 1294 2515 Persas,
1345 2450 1438 2517 qui
1473 2446 1714 2517 primum
1750 2453 2034 2508 venerant,
2075 2443 2354 2497 Christum

783 2541 1098 2600 adorarent,
1141 2538 1235 2592 sed
1267 2544 1322 2591 et
1350 2533 1533 2588 Iudaea
1566 2535 1842 2599 universa,
1877 2541 2000 2603 post
2049 2530 2255 2585 cultum
2289 2531 2358 2583 ab

792 2632 901 2686 illis
931 2633 1259 2700 prmstitum,
1296 2643 1422 2682 eum
1455 2627 1710 2696 religiose
1744 2633 2116 2680 veneraretur.
2157 2621 2275 2685 Vel,
2310 2621 2357 2676 si

790 2727 974 2790 malis,
1009 2723 1320 2792 procliviori
1349 2720 1514 2776 modo
1541 2722 1684 2776 ratio
1711 2723 1883 2792 typica
1913 2718 2128 2774 ostendi
2161 2716 2358 2787 possit.

787 2818 1030 2873 Herodes
1062 2818 1206 2871 enim
1234 2816 1350 2885 ipse
1379 2815 1518 2870 duas
1567 2813 1689 2867 illas
1731 2823 1918 2884 gentes
1963 2819 2362 2880 repraesentare

788 2920 975 2979 queat,
1027 2909 1121 2977 qui
1167 2923 1232 2961 ex
1282 2907 1535 2976 gentibus
1579 2917 1735 2960 ortus
1782 2904 1984 2959 Judaeis
2035 2903 2358 2972 imperabat,

788 3012 954 3070 atque
1003 3002 1160 3064 adeo,
1210 2998 1464 3068 quamvis
1499 2997 1726 3060 invitus,
1763 3008 1838 3060 et,
1882 3011 2002 3065 quae
2030 2996 2194 3058 dicat,
2244 2994 2361 3063 ipse

791 3096 1038 3154 nescius,
1075 3092 1392 3161 prophetam
1445 3091 1578 3159 agit,
1614 3104 2020 3159 personamque
2053 3089 2221 3142 totius
2269 3103 2361 3157 ge-

791 3187 938 3240 neris
966 3185 1213 3249 humani,
1248 3184 1531 3253 gentilium
1564 3198 1717 3251 aeque
1758 3198 1822 3236 ac
1849 3181 2186 3242 Judazorum,
2238 3197 2364 3235 sus-

791 3277 973 3330 tinens
1007 3313 1036 3349 ,_
1086 3273 1196 3326 Deo
1245 3271 1310 3324 ad
1367 3271 1619 3325 homines
1670 3271 1984 3328 divertenti.
2045 3271 2362 3339 religiosum

789 3367 1000 3422 cultum
1057 3363 1427 3434 prastandum
1472 3378 1630 3427 esse,
1679 3363 1987 3433 profitetur.
2041 3362 2187 3416 Nihil
2235 3375 2365 3415 vero

792 3462 992 3521 obstat,
1040 3457 1334 3528 quominus
1379 3456 1704 3524 prophetam
1759 3457 1938 3525 egisse
1991 3455 2358 3509 existimetur.

793 3550 1056 3607 Similiter
1113 3550 1258 3604 enim
1295 3559 1349 3604 et
1388 3549 1626 3619 Caiphae
1666 3549 1951 3618 ignorabat
1996 3548 2129 3616 quid
2175 3548 2365 3616 loque-

796 3653 971 3697 retur.
1001 3639 1140 3695 Nam
1193 3641 1321 3695 dum
1363 3656 1517 3695 mens
1562 3641 1683 3709 ejus
1717 3639 2017 3694 furibunda
2069 3640 2122 3693 in
2163 3641 2364 3694 eaedem

793 3735 1093 3800 ferebatur,
1125 3734 1286 3788 labiis
1317 3741 1495 3786 tamen
1527 3732 1845 3786 vaticinium
1879 3733 2096 3794 edebat,
2121 3733 2310 3786 dicens
2348 3749 2362 3786 :

800 3848 820 3880 ι
860 3826 1090 3882 Praestat
1117 3841 1284 3880 unum
1337 3825 1615 3879 hominem
1650 3826 1812 3889 mori,
1844 3840 2006 3894 quam
2035 3834 2203 3880 totam
2236 3841 2366 3895 gen-

797 3929 905 3973 tem
940 3918 1120 3987 perire
1148 3917 1214 3969 ³³.
1249 3935 1267 3966 ι
1298 3914 1414 3970 Nisi
1465 3917 1612 3971 enim
1678 3916 1930 3972 Christus
1991 3915 2133 3970 Deus
2182 3925 2368 3970 noster

799 4021 1029 4066 mortem
1051 4009 1298 4073 obiisset,
1329 4024 1502 4079 genus
1532 4009 1834 4065 humanum
1865 4025 2144 4079 nunquam
2178 4008 2370 4065 fuisset

800 4099 1092 4154 Salvatum.
1127 4098 1391 4164 Quamvis
1421 4099 1568 4153 enim
1599 4108 1828 4169 uterque
1848 4115 2041 4154 eorum
2065 4100 2211 4154 dono
2241 4116 2370 4169 pro-

797 4193 1017 4260 pbetico
1067 4201 1214 4246 esset
1259 4192 1540 4260 indignus,
1591 4191 1717 4246 hinc
1764 4199 1949 4247 tamen
1991 4192 2366 4257 sacerdotalis,

2529 1609 2696 1664 Ὅσον
2753 1610 2852 1679 μὲν
2914 1609 3024 1661 ἀπὸ
3075 1607 3169 1660 τοῦ
3225 1609 3572 1678 γράμματος,
3628 1609 3719 1663 διὰ
3755 1609 4046 1663 τοῦτο’ὃτι

2456 1701 2717 1774 βασιλεὺς
2768 1697 2838 1772 ἦν
2885 1687 2989 1768 τῆς
3032 1699 3328 1768 Ἰουδαίας,
3391 1702 3487 1754 καὶ
3549 1701 3817 1770 βασιλέως
3893 1704 4046 1754 τόκον

2454 1795 2731 1859 ἀκούσας,
2790 1793 3068 1862 ἐταράχθη
3135 1810 3196 1846 τε
3248 1795 3345 1846 καὶ
3410 1793 3595 1862 ἐζήτει
3663 1795 3890 1848 ἀνελείν
3961 1799 4046 1846 τὸν

2454 1887 2809 1955 ἐλπιζόμενον
2859 1886 3172 1956 παραλῦσαι
3232 1887 3331 1956 τῆς
3369 1886 3648 1956 βασιλείας
3687 1889 3883 1943 αὐτόν.
3944 1890 4048 1941 Kal

2454 1980 2683 2049 ἐπείπερ
2710 1979 2810 2032 οὒκ
2862 1975 2932 2049 ἦν
2964 1981 3095 2049 ῥᾷον
3151 1979 3318 2032 αὐτὸν
3373 1980 3644 2048 ἀνευρεῖν,
3697 1967 3862 2032 δόλον
3918 1998 4047 2049 προ-

2456 2072 2712 2126 ϐάλλεται
2751 2072 2848 2124 καὶ
2880 2073 3120 2142 ἀπάτην.
3153 2074 3264 2125 Καὶ
3289 2071 3380 2125 διὰ
3408 2072 3571 2125 τοῦτό
3603 2089 3776 2143 φησιν
3803 2090 3822 2105 ο
3878 2093 3898 2124 ι
3939 2077 4047 2126 Ἰνα

2456 2164 2612 2231 κάγὼ
2644 2165 2818 2219 ἐλθὼν
2859 2172 3228 2239 προσκυνήσω
3256 2168 3427 2239 αὐτῷ.
3478 2188 3496 2219 ι
3542 2170 3682 2222 Ἀλλ’
3709 2169 3858 2239 αὕτη
3901 2171 4042 2239 μὲνὴ

2456 2258 2550 2311 ἐπὶ
2595 2259 2674 2329 τῷ
2703 2261 2994 2329 γράμματι
3046 2261 3398 2330 κατανόησις.
3433 2260 3589 2330 Τάχα
3639 2261 3698 2313 δὲ
3751 2262 3852 2313 καὶ
3907 2263 4046 2314 ἄκων

2457 2351 2793 2420 προφητεύει
2826 2353 2885 2406 τὸ
2913 2351 3131 2422 μέλλον,
3154 2335 3236 2405 δτι
3270 2353 3344 2422 μὴ
3379 2353 3536 2422 μόνον
3566 2353 3634 2406 τὰ
3665 2351 3798 2421 ἔθνη
3823 2353 3919 2404 διὰ
3947 2353 4046 2403 τῶν

2458 2442 2686 2512 Περσῶν
2740 2444 3117 2512 προσκυνήσει
3149 2443 3244 2496 τὸν
3287 2443 3540 2511 Χριστὸν,
3574 2442 3717 2495 ἀλλὰ
3771 2445 3918 2512 μετά
3959 2444 4046 2511 τὴν

2461 2533 2683 2586 ἐκείνων
2714 2534 3097 2604 προσκύνησιν
3121 2523 3217 2587 x'al
3240 2533 3468 2586 Ἰουδαία
3490 2535 3643 2586 πᾶσα
3674 2535 4045 2603 προσκυνήσει

2459 2627 2627 2697 αὐτῷ.
2661 2629 2723 2680 Εἰ
2758 2628 2940 2698 βούλει
2993 2629 3083 2694 δὲ,
3141 2629 3238 2680 καὶ
3285 2629 3514 2681 αὐτόθεν
3552 2626 3668 2697 ἔχει
3697 2628 3729 2680 6
3762 2627 3941 2690 τύπος
3993 2628 4046 2679 τὺ

2462 2719 2888 2774 ἁπευθύνεσθαι.
2906 2721 3028 2772 Τῶν
3045 2721 3154 2790 γὰρ
3183 2719 3276 2773 δύο
3297 2718 3441 2771 λαῶν
3467 2702 3626 2790 φέροι
3651 2720 3722 2773 ἂν
3748 2722 3778 2772 6
3806 2719 4046 2789 Ἡρώδης

2462 2813 2790 2883 ὲκτύπωμα.
2838 2813 2930 2878 Ἐξ
2955 2813 3126 2866 ἐθνῶν
3156 2816 3266 2882 γὰρ
3292 2814 3368 2866 ὢν
3409 2815 3684 2867 Ἰουδαίων
3709 2814 4041 2877 ἐϐασίλευεν,

2466 2906 2560 2956 καὶ
2606 2907 2690 2974 εἴη
2742 2905 2809 2958 ἂν
2862 2907 3014 2958 ἄκων
3060 2903 3166 2958 καὶ⁸
3210 2905 3286 2976 μὴ
3331 2904 3522 2968 εἰδὼς,
3579 2905 3608 2957 ὃ
3665 2905 3856 2972 λέγει,
3909 2907 4045 2972 ὅμως

2465 2995 2860 3065 προφητεύων,
2925 2998 3024 3048 καὶ
3078 2997 3153 3060 ὡς
3207 3001 3271 3050 ὲκ
3324 2997 3622 3066 προσώπου
3675 2999 3891 3060 παντὸς
3961 2997 4043 3050 τοῦ

2462 3088 2806 3158 ἀνθρωπίνου
2837 3089 3028 3156 γένους
3062 3078 3175 3141 οἷον
3213 3091 3382 3143 ὲθνῶν
3418 3108 3479 3143 τε
3515 3091 3612 3144 καὶ
3663 3091 3940 3144 Ἰουδαίων
3957 3092 4044 3159 τὴν

2463 3181 2836 3249 προσκύνησιν
2881 3182 3286 3250 ἁνομολογήσας
3327 3183 3407 3252 τῷ
3455 3184 3872 3253 ἐπιδημήσαντι
3925 3185 4044 3253 πρὸς

2463 3270 2787 3340 ἀνθρώπους
2848 3270 2989 3340 Θεῷτ
3061 3272 3227 3324 Οὐδὲν
3286 3271 3343 3324 δὲ
3408 3271 3608 3324 κωλύει
3677 3275 4039 3341 προφητεύει-θ

2463 3362 2645 3414 αὐτόν.
2680 3362 2789 3413 Kal
2818 3361 2930 3432 γάρ
2950 3363 3044 3414 καὶ
3065 3363 3094 3414 6
3120 3363 3377 3430 Καϊάφας
3404 3363 3504 3415 οὐκ
3528 3363 3644 3432 ᾔδει
3670 3364 3799 3430 μὲν,
3830 3364 3859 3416 δ
3890 3364 4040 3429 λέγει.

2476 3453 2636 3506 Ἀλλὰ
2656 3455 2716 3505 τὸ
2730 3454 2829 3524 τῆς
2853 3437 3077 3524 καρδίας
3105 3455 3268 3506 αὑτοῦ
3291 3456 3558 3523 μανιῶδες
3586 3457 3723 3525 πρὸς
3746 3460 4043 3527 μιαιφονίαν

2463 3546 2809 3616 ἀνηρέθιστο,
2836 3546 2907 3598 τὰ
2931 3547 3081 3617 χείλη
3124 3547 3181 3599 δὲ
3215 3549 3554 3616 προφητείαν
3584 3549 3852 3620 ἐξέφερον
3883 3555 3939 3604 ὲν
3980 3552 4041 3618 τῷ

2464 3636 2675 3704 λέγειν’
2709 3656 2727 3687 ι
2764 3633 3063 3707 Συμφέῥει,
3098 3637 3184 3689 ἵνα
3213 3633 3294 3701 εἷς
3321 3639 3589 3710 ἀποθάνῃ,
3621 3643 3716 3692 καὶ
3747 3643 3826 3713 μὴ
3858 3644 3972 3696 ὅλον
3994 3646 4041 3695 τὸ

2466 3727 2617 3789 ἔθνος
2646 3729 2938 3797 ἀπόληται.
2980 3746 2998 3778 ι
3043 3729 3153 3780 Kal
3184 3731 3291 3795 γὰρ
3316 3731 3365 3781 εί
3400 3729 3472 3799 μὴ
3515 3731 3757 3801 Χριστὸς
3789 3734 4040 3785 ἀπέθανεν

2463 3822 2493 3874 6
2527 3817 2660 3882 Θεὸς
2691 3819 2874 3888 ἡμῶν,
2902 3811 3004 3871 οὐκ
3031 3818 3098 3872 ἂν
3131 3818 3192 3871 τὸ
3224 3819 3568 3889 ἀνθρώπινον
3601 3823 3767 3888 γένος
3801 3822 4037 3884 ἐσώζετο.

2465 3911 2529 3963 Εἰ
2565 3910 2676 3977 γὰρ
2724 3911 2816 3963 καὶ
2875 3910 3095 3974 ἀνάξιος
3146 3911 3406 3980 ἑκάτερος
3471 3911 3655 3964 αὐτῶν
3709 3919 4037 3984 προφητικεῦ

2467 4006 2802 4076 χαρίσματος
2845 3985 3161 4077 ἐτύγχανεν,
3189 4007 3306 4060 ἀλλ’
3327 4004 3419 4061 οὖν
3452 4009 3576 4076 τόγε
3606 4009 3710 4079 τῆς
3761 4012 4038 4081 ἱερωσύνης

2469 4101 2709 4168 ἀξίωμα,
2743 4100 2840 4152 καὶ
2870 4099 2932 4152 τὸ
2971 4099 3070 4169 τῆς
3103 4099 3385 4169 βασιλείας
3417 4099 3496 4152 ἔτι
3539 4101 3688 4164 τινὸς
3717 4103 4038 4172 χαρίσματος

2469 4192 2888 4262 παραπήλαυεν,
2902 4178 3055 4246 οὗπω
3064 4193 3165 4262 τῆς
3182 4193 3320 4246 κατὰ
3338 4193 3433 4248 τοῦ
3447 4195 3722 4248 Δεσπὸτου
3747 4199 4038 4266 μιαιφονίας

799 4286 927 4339 hinc
961 4285 1106 4353 regia
1131 4284 1395 4354 dignitas,
1416 4283 1544 4337 doni
1576 4283 1809 4353 alicujus
1834 4283 2073 4340 fructum
2101 4287 2364 4356 capiebat,

2482 4285 2691 4346 τούτοις
2731 4284 3170 4354 τετολμημένης.
3227 4285 3392 4348 ἰδοις
3460 4285 3504 4338 δ’
3555 4285 3623 4339 ἂν
3657 4288 4036 4357 παραπλησίας

801 4376 1252 4445 quandoquidem
1299 4375 1366 4428 ad
1400 4377 1606 4430 caedem
1652 4375 1867 4430 Domini
1912 4378 2086 4432 nostri
2129 4379 2372 4433 nondum

804 4475 966 4522 erant
1011 4465 1310 4536 progressi.
1347 4466 1544 4522 Videas
1593 4481 1725 4521 vero
1769 4467 2024 4524 similiter
2060 4470 2222 4523 etiam
2268 4471 2371 4524 alia

804 4560 1078 4629 quaedam,
1136 4559 1282 4612 malo
1335 4557 1554 4626 quidem
1609 4559 1795 4614 animo
1850 4569 1906 4614 et
1959 4560 2377 4629 sanguinolento

803 4653 1007 4721 impetu
1041 4651 1274 4719 prolata,
1314 4651 1488 4704 instar
1518 4651 1926 4715 vatieiniorum,
1965 4660 2219 4706 eventum
2260 4668 2380 4707 sor-

807 4743 905 4796 tita
940 4742 1131 4796 fuisse.
1158 4739 1289 4794 Tale
1314 4750 1432 4795 erat
1456 4741 1644 4796 illudzt
1677 4739 1912 4810 Sanguis
1937 4741 2053 4811 ejus
2082 4755 2244 4810 super
2272 4757 2372 4797 nos

800 4845 856 4889 et
886 4849 1050 4905 super
1084 4834 1288 4888 liberos
1330 4842 1552 4888 nostros
1570 4834 1615 4865 ³⁸
1649 4874 1662 4888 .
1702 4852 1720 4883 ι
1782 4833 2021 4888 Tandem
2060 4835 2206 4889 enim
2241 4851 2371 4889 sau-

803 4923 985 4994 guinis
1016 4921 1233 4988 effusio,
1280 4931 1335 4975 et
1365 4921 1542 4975 caades
1586 4921 1782 4990 gladiis
1829 4921 2005 4988 facta,
2042 4937 2137 4977 eos
2184 4924 2371 4992 oppri-

804 5015 1008 5069 mebat.
1038 5013 1146 5068 Nec
1169 5015 1351 5068 minus
1384 5014 1512 5068 illud
1545 5032 1559 5068 :
1594 5033 1612 5065 ι
1640 5014 1695 5068 Si
1720 5031 1842 5068 eum
1873 5015 2057 5069 vivere
2079 5015 2369 5083 patiamur,

803 5122 996 5162 omnes
1023 5105 1076 5159 in
1109 5121 1234 5162 eum
1272 5106 1516 5172 credent;
1548 5114 1682 5161 tunc
1712 5109 1927 5161 venient
1950 5105 2204 5169 Romani,
2242 5123 2374 5174 gen-

807 5208 1026 5266 temque
1057 5205 1302 5250 nostram
1328 5204 1382 5249 et
1411 5197 1596 5249 urbem
1626 5196 1885 5250 delebunt
1906 5196 1970 5248 ³⁷.
2000 5215 2017 5246 ι
2045 5194 2178 5249 Nam
2205 5197 2368 5250 etiam

805 5287 960 5341 inviti
990 5285 1170 5339 vivere
1202 5301 1326 5339 eum
1364 5285 1729 5354 patiebantur,
1764 5300 1888 5340 cum
1919 5301 2026 5340 non
2063 5293 2287 5356 possent
2313 5286 2366 5338 in

802 5391 929 5430 cum
959 5372 1254 5438 dominari,
1286 5373 1379 5443 qui
1418 5373 1543 5428 vita:
1581 5382 1697 5429 erat
1727 5390 1892 5443 penu,
1916 5385 1971 5429 et
2005 5377 2185 5429 omnia
2224 5375 2365 5428 vivi-

805 5467 1026 5523 tieahat.
1068 5467 1360 5535 Propterea
1409 5467 1616 5520 malum
1680 5468 1899 5536 quidem
1959 5477 2017 5522 et
2076 5469 2375 5538 sanguino-

804 5561 1010 5616 lentum
1057 5559 1300 5613 animum
1347 5559 1670 5628 prodebant,
1721 5575 1890 5630 scopo
1931 5576 2059 5615 vero
2110 5562 2374 5626 frustrati,

804 5664 858 5710 et
885 5653 983 5724 ipsi
1012 5662 1065 5708 et
1089 5662 1202 5709 tota
1233 5668 1390 5724 gens,
1424 5663 1478 5708 et
1506 5655 1792 5724 templum,
1824 5666 1879 5710 et
1926 5656 2057 5710 urbs
2100 5657 2373 5726 peribant.

878 5832 925 5863 “
957 5831 1145 5889 Matth.
1180 5849 1238 5899 tt,
1272 5831 1326 5888 8.
1369 5832 1412 5866 ³⁸
1440 5829 1601 5887 Joan.
1642 5847 1717 5900 ιι,
1752 5831 1839 5888 50.

1941 5833 1985 5864 ³⁸
2011 5831 2201 5887 Matth.
2229 5847 2397 5886 xxvu.
2440 5833 2528 5888 ‘25.

2473 4375 2685 4438 τούτοις
2743 4376 2837 4428 καὶ
2895 4371 3059 4447 ιτέρά
3088 4391 3210 4429 τινα
3271 4377 3565 4448 κακούργῳ
3600 4380 3702 4444 μὲν
3741 4381 3938 4452 γνώμῃ
3964 4381 4037 4431 καὶ

2472 4471 2618 4538 ὁρμῇ
2641 4468 2913 4539 μιαιφόνῳ
2943 4471 3412 4540 προενηνεγμένα,
3443 4472 3618 4540 πέρας
3645 4473 3702 4526 δὲ
3720 4475 4036 4543 προφητικίη

2473 4558 2751 4628 εἰληφότα.
2799 4559 2908 4622 Ὦς,
2937 4551 2970 4610 ι’
2990 4559 3062 4611 Τὸ
3087 4554 3224 4629 αἷμα
3262 4559 3428 4612 αὐτοῦ
3460 4561 3544 4629 ἐφ’
3579 4563 3732 4632 ἡμᾶς
3757 4565 3860 4616 καὶ
3881 4566 3965 4618 ἐπὶ
3986 4566 4037 4614 τὰ

2473 4652 2641 4704 τέκνα
2668 4651 2847 4724 ἡμῶν.
2878 4670 2896 4702 ι
2935 4652 3045 4703 Καὶ
3078 4652 3188 4721 γὰρ
3214 4651 3482 4705 ἐπέπεσεν
3509 4653 3698 4715 αὐτοῖς
3745 4653 3970 4724 ἔσχατον
4010 4657 4033 4720 ἡ

2476 4743 2584 4795 τῶν
2619 4723 2867 4811 αἱμάτων
2891 4742 3134 4811 ἔκχυσις,
3169 4743 3264 4795 καὶ
3290 4744 3318 4795 6
3347 4743 3436 4796 διὰ
3472 4743 3661 4812 ξίφους
3929 4747 4032 4806 Καὶ,

2485 4852 2504 4884 ι
2526 4833 2651 4886 Ἐὰν
2682 4835 2912 4904 ἀφῶμεν
2941 4833 3104 4886 αὑτὸν
3148 4835 3276 4903 ζῇν,
3307 4833 3509 4897 πάντες
3559 4836 3950 4888 πιστεύσουσιν
3975 4837 4035 4895 εἰς

2477 4924 2659 4987 αὑτὸν,
2688 4924 2783 4976 καὶ
2799 4912 3107 4976 ὲλέύσονται
3138 4926 3187 4977 οἱ
3226 4925 3504 4994 Ῥωμαῖοι,
3533 4928 3627 4978 καὶ
3653 4929 3887 4998 ἀροῦσιν
3909 4927 4035 4997 ἡμῶν

2479 5014 2540 5066 τὸ
2601 5013 2753 5077 ἔθνος
2807 5016 2901 5099 καὶ
2934 5017 3033 5083 τὴν
3091 5017 3268 5068 πόλιν.
3313 5033 3330 5065 ι
3387 5018 3499 5070 Καὶ
3547 5018 3653 5088 γὰρ
3703 5020 3930 5086 ἀφῆκαν
3966 5029 4036 5071 κει

2475 5104 2698 5169 ἄκοντες
2724 5105 2844 5176 ζῇν.
2879 5109 2952 5160 Οὐ
2977 5107 3086 5177 γὰρ
3102 5107 3364 5176 ἠδύναντο
3387 5108 3569 5177 κύριοι
3600 5112 3941 5179 καταστῆναι
3960 5109 4035 5161 τεῦ

2471 5198 2570 5266 τῆς
2600 5197 2745 5266 ζωῆς
2775 5200 3026 5268 ταμείου,
3058 5199 3152 5252 καὶ
3184 5199 3578 5263 ζωοποιοῦντος
3615 5203 3686 5256 τά
3719 5204 3932 5256 πάντα.
3964 5203 4035 5254 Διὸ

2471 5287 2570 5356 τὴν
2604 5288 2701 5355 μὲν
2742 5266 2985 5359 πονηρὰν
3017 5290 3113 5341 καὶ
3156 5291 3444 5359 μιαιφόνον
3495 5291 3768 5362 ἑνέφηναν
3810 5293 4031 5363 γνώμην.

2478 5379 2570 5432 τοῦ
2591 5380 2646 5432 δὲ
2679 5380 2881 5459 σκοποῦ
2917 5381 2993 5451 μὴ
3034 5382 3290 5452 τυχόντες
3317 5382 3602 5437 ἀπώλοντο
3631 5385 3726 5439 καὶ
3760 5385 3936 5448 αὐτοὶ,
3961 5387 4034 5436 καὶ

2480 5472 2726 5544 τὰγένη,
2771 5474 2863 5526 καὶ
2911 5475 2940 5526 6
2991 5475 3138 5540 ναὸς,
3190 5476 3286 5528 καὶ
3343 5477 3377 5547 ἡ
3411 5476 3590 5541 πόλις.
3617 5480 3716 5532 Ὀν
3761 5479 3822 5532 δὲ
3872 5478 4034 5540 ἔδοξαν

2485 5567 2715 5630 ἀνελεῖν,
2737 5566 2927 5647 regem
2950 5568 3096 5636 ζωῆς
3130 5568 3366 5639 χορηγὸν
3399 5571 3495 5624 καὶ
3533 5570 3905 5634 ζωοποιοῦντα
3931 5571 4032 5632 τώς

2485 5659 2711 5728 νεκροὺς
2736 5658 2802 5710 τά
2844 5657 2969 5729 ἔθνη
2991 5659 3295 5731 δεξάμενοι,
3325 5663 3417 5716 καὶ
3442 5662 3541 5732 τὴν
3563 5663 3628 5715 ἐκ
3660 5661 3872 5734 νεκρῶν
3898 5656 4029 5713 αὖτοῦ

2608 5833 2648 5864 ³⁷
2675 5832 2831 5889 Joan.
2867 5851 2941 5898 ιι,
2977 5835 3080 5888 68.-
