4156 6438
772 422 904 485 1ἲ55

1924 403 2181 466 ΡΠΟΤΙΙ
2221 400 2721 461 ΡΛῚἪΙΛΗΟΗἉΕ
2752 401 2878 459 Cl'.-

3877 394 3996 458 1156

751 551 860 588 nun
909 531 1210 587 surrexerit
1257 530 1514 598 propheta
1570 525 1690 594 ipso
1754 523 1949 590 major.
2003 520 2096 574 llle
2161 517 2307 571 enim

2430 515 2704 586 ταρίστησι
2742 514 2966 584 μείζονα
2999 515 3287 581 προφήτην
3328 511 3516 568 αὐτοῦ.
3549 513 3660 565 Καὶ
3697 510 3811 579 γὰρ
3861 510 3992 578 πλη-

749 621 888 689 qnod
935 619 999 673 ad
1047 625 1262 686 tempus
1292 615 1513 668 Christo
1562 611 1848 682 proximus
1880 619 2017 671 erat,
2045 615 2100 660 et
2151 619 2314 660 voca-

750 714 910 764 batur
944 728 961 761 ι
1007 725 1109 763 vox
1145 706 1470 763 clamantis:
1519 705 1711 758 l’arate
1755 703 1897 756 viam
1932 699 2149 755 Domini
2183 698 2250 760 ",
2290 716 2308 747 ι

750 799 1138 868 pronuntians.
1171 796 1454 865 Scriptura
1491 797 1676 863 itaque
1713 792 1812 856 ait,
1853 791 2001 862 quod
2031 801 2193 844 nemo
2223 787 2316 841 illo

752 890 926 957 major
947 885 1281 950 surrexerit;
1309 900 1414 940 non
1446 898 1575 938 vero
1604 885 1724 938 ideo
1755 882 1993 952 cogitare
2022 879 2314 948 nosjubct,

749 978 896 1048 quod
939 977 1083 1032 idem
1116 977 1171 1030 in
1207 976 1458 1046 gradum,
1494 974 1710 1029 ceteris
1748 972 2005 1028 omnibus
2037 971 2312 1032 altiorem,

749 1069 912 1123 fuerit
958 1075 1200 1122 evectus.
1251 1064 1364 1120 Hoc
1412 1080 1560 1127 vero,
1619 1064 1767 1132 quod
1817 1063 2132 1117 Praecursor
2188 1058 2316 1113 aliis

750 1158 1004 1213 omnibus
1029 1157 1206 1225 major
1232 1156 1322 1219 sit,
1357 1169 1468 1208 non
1499 1153 1748 1223 prohibet
1804 1151 2102 1221 quominus
2155 1150 2311 1204 multi

751 1253 840 1306 alii
874 1251 1112 1320 aequales
1143 1248 1248 1318 ipsi
1279 1248 1604 1302 habeantur.

828 1343 1075 1395 Alterum
1107 1353 1238 1392 vero
1270 1337 1402 1392 illud
1434 1355 1446 1390 :
1485 1356 1504 1388 ι
1536 1335 1794 1390 Minimus
1821 1349 1970 1398 vero,
2007 1333 2180 1400 major
2213 1331 2306 1385 illo

748 1441 868 1498 est;
905 1451 924 1482 ι
951 1433 1040 1486 alii
1071 1432 1290 1500 quidem
1319 1428 1386 1483 de
1414 1427 1638 1482 Christo
1657 1426 1955 1495 accipiunt,
1984 1425 2318 1494 qui,quam-

751 1525 832 1578 vis
855 1523 1122 1576 Dominus
1146 1528 1310 1585 esset,
1339 1527 1497 1574 aetate
1515 1526 1696 1572 tamen
1725 1517 2079 1586 corporisque
2108 1521 2317 1568 statura

751 1625 806 1668 et
831 1615 974 1684 vulgi
1008 1613 1218 1683 judicio
1254 1629 1321 1666 eo
1349 1619 1598 1680 tempore
1633 1610 1813 1665 minor
1854 1607 2167 1661 haberetur.
2206 1602 2318 1672 Ego

750 1718 901 1768 vero,
939 1711 999 1756 ut
1035 1701 1163 1756 alibi
1187 1702 1254 1756 de
1284 1702 1390 1755 hoc
1419 1708 1702 1753 momento
1731 1698 2056 1754 sententiam
2080 1695 2216 1756 dixi,
2243 1695 2318 1745 ita

752 1793 882 1846 huic
909 1791 1240 1862 expositioni
1282 1791 1547 1861 phrasin:
1587 1809 1606 1842 ι
1643 1791 1783 1844 Inter
1815 1799 1971 1843 natos
2009 1803 2077 1841 ex
2121 1785 2320 1840 mulie-

2423 607 2692 668 σιαίτατός
2721 622 2780 658 τε
2821 603 2961 658 κατά
2989 605 3113 665 τοὺς
3131 603 3356 672 χρόνους
3383 603 3574 671 γὲγονε
3601 601 3699 655 τοῦ
3737 603 3991 671 Χριστοῦ,

2423 698 2514 750 καὶ
2546 715 2565 747 ι
2596 697 2747 766 φωνὴ
2781 695 3010 764 βοῶντος
3033 695 3470 760 ἀναγέγραπται,
3504 694 3868 763 Ἑτοιμάσατε
3903 695 3994 759 τὴν

2420 787 2536 840 ὁδὸν
2560 787 2654 840 τοῦ
2692 787 2919 858 Κυρίου,
2978 805 2997 838 ε
3031 785 3478 848 διασαλπίζουσα.
3526 786 3665 854 Φησὶ
3694 783 3743 836 δ’
3769 782 3870 836 οὖν
3909 784 3996 835 καὶ

2423 877 2484 930 τὸ
2517 879 2774 949 γράμμα,
2804 877 2878 940 ὡς
2921 875 3084 930 αὐτοῦ
3133 877 3232 946 μὲν
3263 876 3465 945 μείζων
3518 876 3674 938 ἄλλος
3724 877 3830 927 οὐκ
3871 875 3994 941 ἐγή-

2423 984 2650 1036 γερται,
2695 968 2756 1019 οὺ
2805 965 3208 1033 συναναγκάζει
3261 965 3318 1018 δὲ
3366 967 3526 1027 νοεῖν,
3570 964 3644 1027 ὡς
3695 957 3860 1025 οὗτος
3897 964 3996 1013 τῶν

2425 1055 2678 1108 ἁπάντων
2711 1057 2792 1118 είς
2816 1055 3024 1124 βαθμὸν
3059 1055 3332 1124 ἀνέδραμε
3363 1054 3604 1121 μείζονα.
3627 1053 3706 1106 Τὸ
3739 1053 3794 1105 δὲ
3823 1054 3902 1120 μὴ
3925 1052 3997 1116 (2)

2425 1144 2646 1215 μείζονα
2672 1145 2764 1198 τὸν
2793 1145 3104 1215 Πρόδρομον
3138 1143 3249 1196 τῶν
3273 1144 3448 1196 ἄλλων
3473 1139 3631 1206 εἶναι,
3657 1142 3826 1194 τοῦτο
3853 1141 3998 1193 οὐδὲν

2423 1235 2620 1289 mmet
2657 1235 2884 1298 πολλοὺς
2912 1235 3238 1306 συνδραμεῐν
3265 1234 3414 1302 αὐτῷ
3446 1235 3580 1303 πρὸς
3612 1233 3861 1302 ἰσότητα.

2493 1333 2566 1384 Τὸ
2598 1332 2781 1402 μέντοι
2807 1348 2822 1364 °
2858 1350 2877 1383 ι
2899 1333 2958 1385 '0
2977 1333 3033 1384 δὲ
3061 1330 3380 1400 μικρότερος
3407 1329 3574 1382 αὐτοῦ
3604 1327 3811 1396 μείζων
3839 1326 3998 1378 αὐτοῦ

2424 1427 2590 1488 ἔστιν,
2637 1444 2655 1476 ι
2693 1425 2743 1476 oi
2773 1425 2872 1493 μὲν
2893 1423 3234 1490 ὲξειλὴφασιν
3262 1420 3500 1491 περὶτοῦ
3529 1418 3794 1490 Χριστοῦ,
3830 1418 4000 1487 χρόνῳ

2422 1533 2482 1568 τε
2538 1515 2635 1568 καὶ
2694 1517 2758 1583 τῇ
2829 1514 2922 1567 τοῦ
2978 1514 3228 1583 σώματος
3266 1512 3569 1580 άναδρομῇ,
3632 1511 3730 1562 καὶ
3774 1512 3844 1577 τῇ
3897 1509 3998 1558 τῶν

2425 1602 2633 1655 πολλῶν
2685 1601 2945 1671 ὑπολήψει
2987 1601 3104 1654 κατ’
3141 1602 3315 1652 ἐκεῖνο
3343 1599 3537 1669 καιροῦ
3563 1598 3624 1650 τὺ
3676 1600 4001 1666 μικρότερον

2425 1691 2791 1762 ἀποφέροντος
2815 1693 2909 1745 τοῦ
2933 1691 3224 1744 Δεσπότου.
3262 1688 3417 1759 Ἐμοὶ
3446 1690 3505 1742 δὲ
3527 1688 3687 1742 τοῦτο
3713 1691 3809 1741 καὶ
3842 1689 4000 1741 άλλα-

2420 1781 2521 1852 χοῦ
2543 1783 2640 1852 τῆς
2673 1782 2987 1852 πρεπούσης
3011 1780 3219 1851 διαίτης
3245 1780 3470 1848 ἠξίωται
3525 1780 3698 1848 (54),
3743 1779 3882 1830 ἀλλὰ
3914 1781 4002 1830 καὶ

749 1883 931 1947 ribus,
971 1901 990 1934 ι
1027 1881 1306 1936 adversari
1338 1881 1615 1936 existimo.
1656 1879 1912 1934 Christus
1940 1879 2086 1933 enim
2119 1892 2226 1929 non
2253 1889 2319 1929 ex

2430 1879 2482 1928 τὸ
2514 1896 2532 1928 ι
2570 1878 2627 1929 ὲν
2660 1878 2905 1945 γενητοῖς
2935 1874 3210 1942 γυναικῶν
3245 1891 3263 1923 ι
3295 1873 3408 1940 ἔχει
3465 1888 3520 1923 τι
3572 1869 3909 1923 ἁντιπίπτον
3937 1872 3998 1936 τῇ

753 1969 982 2023 muliere
1009 1967 1352 2037 simpliciter,
1378 1967 1471 2022 sed
1499 1981 1564 2020 ex
1593 1964 1813 2037 Virgine
1837 1974 1998 2019 natus
2019 1974 2100 2018 est
2125 1983 2138 2016 :
2169 1963 2322 2031 virgo

753 2073 886 2113 vero
914 2059 1110 2112 mulier
1142 2058 1360 2126 proprie
1397 2055 1660 2126 appellari
1701 2071 1810 2109 non
1847 2060 2050 2124 potest,
2082 2052 2187 2106 nisi
2226 2065 2324 2105 vo-

750 2162 867 2201 cem
900 2162 968 2202 eo
1005 2147 1315 2218 signiticatu
1357 2147 1584 2200 induere
1612 2145 1764 2208 velis,
1797 2158 1910 2212 quo
1933 2143 2094 2197 divus
2122 2140 2322 2195 Paulus

757 2254 890 2294 usus
931 2249 1036 2303 est,
1075 2240 1262 2293 dicens
1300 2257 1313 2292 :
1357 2257 1376 2288 ι
1414 2235 1584 2291 Natus
1625 2251 1692 2291 ex
1737 2235 1968 2290 muliere
2003 2234 2070 2287 "'.
2115 2253 2134 2283 ι
2183 2231 2320 2285 Cum

753 2330 916 2399 igitur
939 2328 1193 2383 Christus
1226 2344 1295 2382 ex
1333 2326 1574 2397 Virgine,
1617 2341 1724 2380 non
1775 2337 1958 2380 autem
2007 2324 2228 2394 proprie
2255 2339 2321 2377 ex

753 2420 1001 2484 muliere,
1039 2428 1200 2474 natus
1228 2419 1322 2484 sit,
1348 2421 1546 2472 merito
1573 2418 1796 2486 quidem
1837 2431 1868 2487 ιι
1890 2415 2320 2483 comparatione,

750 2528 878 2567 cum
923 2511 1135 2566 Joanne
1175 2509 1532 2572 instituenda,
1571 2507 1889 2563 distinxisse
1933 2520 1994 2560 se
2038 2504 2324 2559 existima-

754 2602 920 2654 hitur.

822 2689 929 2743 ΛΙίί
961 2704 1089 2744 vero
1109 2689 1447 2744 contendunt
1491 2689 1756 2741 minorem
1782 2690 1836 2741 in
1866 2702 2034 2759 regno
2059 2686 2322 2741 ccclorum

754 2785 860 2835 huc
901 2783 1023 2836 loco
1045 2797 1170 2836 eum
1202 2780 1332 2845 diei,
1361 2781 1456 2849 qui
1487 2781 1677 2846 gratiae
1722 2781 1850 2834 novi
1889 2779 2114 2835 [aderis
2145 2777 2324 2832 factus

760 2871 834 2924 sit
867 2871 1137 2940 particeps
1166 2887 1178 2922 :
1227 2870 1327 2924 hoc
1356 2869 1564 2923 scilicet
1599 2885 1788 2935 sensu,
1817 2870 2091 2924 neminem
2123 2883 2189 2923 ex
2233 2869 2321 2932 iis,

751 2961 846 3028 qui
871 2960 974 3014 sub
997 2960 1112 3028 lege
1134 2959 1301 3029 geniti
1326 2959 1460 3022 sint,
1491 2960 1810 3015 hominibus
1835 2959 2042 3016 Joanne
2062 2958 2324 3029 majorem

754 3065 912 3115 esse;
959 3065 1024 3104 ex
1068 3051 1134 3104 iis
1171 3065 1324 3116 vero,
1372 3050 1466 3120 qui
1515 3058 1642 3121 post
1688 3053 1920 3122 gratiam
1964 3050 2316 3122 praedicatum

749 3141 1084 3205 exstiterint,
1111 3141 1278 3195 etiam
1313 3141 1600 3195 minimum
1629 3143 1843 3212 priores
1881 3127 2066 3211 partes
2116 3142 2170 3194 in
2197 3149 2322 3194 tan-

754 3246 869 3288 tum
893 3241 1103 3297 tenere,
1141 3233 1194 3286 in
1228 3242 1498 3300 quantum
1529 3232 1651 3287 istis
1693 3240 1967 3286 mactatus
2005 3240 2091 3286 est
2140 3231 2322 3296 bonis,

755 3340 992 3394 quorum
1021 3323 1111 3377 ille
1131 3321 1418 3393 (Joannes)
1441 3336 1551 3376 non
1576 3331 1703 3377 ante
1727 3323 1906 3378 factus
1934 3322 2008 3378 sit
2029 3322 2322 3391 particeps.

756 3416 816 3468 Si
846 3415 974 3484 quis
1004 3414 1148 3467 enim
1184 3413 1400 3466 ratione
1442 3422 1696 3482 typorum
1726 3421 1781 3466 et
1820 3411 2207 3480 preludiorum
2242 3412 2322 3464 di-

757 3509 968 3576 gnitate
1012 3518 1069 3560 et
1111 3506 1492 3575 praerogativis
1524 3506 1796 3559 maximus
1842 3503 2129 3565 habeatur,
2184 3503 2325 3555 idem

758 3609 966 3661 tamen,
1004 3596 1194 3651 habito
1247 3595 1315 3649 ad
1367 3610 1456 3650 res
1512 3595 1677 3664 ipsas,
1723 3609 1848 3662 quae
1892 3607 2059 3662 opere
2101 3593 2220 3661 ipso
2271 3605 2330 3645 se

757 3694 966 3744 sistunt
995 3699 1052 3742 et
1087 3687 1530 3757 conspiciuntur,
1575 3695 1850 3756 respectu,
1886 3698 2170 3753 nunquam
2199 3697 2331 3738 cau-

758 3790 876 3829 sam
916 3775 1205 3837 iuvenerlt,
1236 3788 1337 3827 cur
1367 3785 1428 3828 se
1454 3787 1582 3827 cum
1609 3786 1696 3838 eo,
1725 3772 1818 3841 qui
1847 3771 2136 3825 minimum
2165 3769 2331 3823 etiam

761 3864 944 3917 locum
983 3871 1190 3926 tuetur,
1239 3869 1540 3931 comparet.
1578 3859 1846 3926 Quamvis
1898 3861 2045 3915 enim
2094 3860 2333 3914 Joannes

762 3954 1041 4009 Christum
1083 3953 1262 4023 ipsum
1304 3953 1527 4016 viderit,
1578 3954 1834 4023 sacrique
1883 3952 2083 4007 lavacri
2130 3961 2334 4022 mystc-

763 4047 910 4097 rium
959 4043 1378 4106 administrarit,
1407 4044 1679 4113 Agnique,
1727 4051 1949 4112 peccata
1993 4041 2182 4096 mundi
2230 4041 2335 4095 tol-

768 4136 957 4200 tentis,
983 4134 1141 4189 testis
1163 4133 1436 4188 exstiterit
1458 4148 1570 4188 non
1598 4133 1958 4199 inﬁciandus;
1987 4132 2128 4188 idem
2152 4141 2334 4186 tamen

766 4240 833 4279 eo
870 4232 1138 4294 tempore,
1185 4239 1296 4293 quo
1342 4225 1429 4278 lex
1472 4232 1528 4277 et
1577 4224 1784 4278 umbrae
1824 4223 2006 4278 adhuc
2042 4212 2207 4277 erant
2250 4237 2336 4276 su-

768 4317 1045 4384 perstites,
1100 4330 1202 4370 nec
1249 4315 1421 4385 gratia
1461 4314 1608 4370 clare
1651 4315 1922 4384 pleneque
1963 4313 2234 4379 eluxerat,
2267 4328 2336 4367 ex

766 4408 878 4461 vita
905 4409 1162 4464 excessit.
1189 4407 1328 4462 Cum
1377 4407 1524 4461 enim
1560 4407 1613 4459 in
1650 4421 1872 4464 carcere
1915 4415 2241 4470 versaretur,
2285 4415 2339 4461 et

2424 1964 2800 2034 προειρημένῃ
2838 1961 3152 2026 ἀναπτύξει.
3187 1963 3262 2013 Οὐ
3295 1961 3402 2030 γὰρ
3428 1963 3493 2014 ἐκ
3526 1959 3786 2028 γυναικὸς
3821 1958 4001 2019 ἁπλῶς

2425 2056 2714 2123 γεγένηται
2741 2054 2770 2105 6
2807 2051 3066 2120 Χριστος,
3097 2051 3214 2103 ἀλλ’
3237 2053 3302 2123 ἐκ
3332 2047 3634 2120 Παρθένου.
3668 2048 3738 2101 ἸΙ
3780 2048 3840 2100 δὲ
3864 2050 4005 2116 Παρ-

2425 2144 2575 2207 θένος
2603 2145 2706 2196 οὐκ
2735 2144 2802 2197 ἂν
2837 2143 3041 2212 κυρίως
3064 2141 3288 2213 κληθείη
3325 2142 3484 2212 γυνὴ,
3514 2144 3561 2194 εἰ
3593 2143 3668 2210 μή
3714 2159 3802 2204 τις
3837 2143 4004 2196 ἐθέλοι

2423 2233 2501 2302 τῷ
2535 2236 2741 2305 ῥήματι
2771 2233 3243 2306 καταχρήσασθαι,
3273 2234 3348 2297 ὦς
3381 2250 3483 2286 που
3513 2236 3610 2286 καὶ
3657 2236 3688 2286 6
3721 2232 4004 2295 θεσπέσιος

2426 2322 2635 2386 Παῦλός
2689 2340 2859 2393 φησι·
2936 2344 2953 2374 ι
3004 2323 3294 2393 Γενόμενος
3369 2325 3432 2376 ἐκ
3488 2324 3770 2390 γυναικός.
3818 2342 3837 2374 ι
3918 2325 4006 2376 ἐκ

2429 2415 2704 2486 Παρθένου
2735 2415 2878 2469 οῦνό
2931 2417 3164 2486 Χριστὸς
3196 2414 3496 2484 προελθὼν,
3687 2415 3755 2467 οὐ
3810 2415 4005 2484 xupim;

2427 2511 2490 2559 ἐκ
2519 2507 2798 2574 γυναικὸς,
2831 2506 3027 2560 ἑαυτὸν
3055 2507 3123 2560 ἂν
3153 2507 3231 2576 (5)
3263 2505 3368 2570 ἔξω
3385 2505 3565 2558 τάττοι
3600 2505 3700 2575 τῆς
3751 2507 3894 2574 πρὸς
3924 2507 4007 2557 τὸν

2440 2598 2688 2666 Ἰωάννην
2710 2599 3064 2668 συγκρίσεως.

2499 2689 2719 2758 Ἓτεροι
2766 2690 2823 2742 δέ
2875 2705 3008 2756 φασι
3067 2688 3392 2759 μικρότερον
3433 2691 3490 2742 ἐν
3519 2691 3586 2758 τῇ
3618 2687 3875 2757 βασιλεία
3905 2687 4008 2740 τῶν

2426 2781 2667 2850 οὐρανῶν
2687 2779 2918 2832 ἐνταῦθα
2935 2780 3186 2850 εἰρῆσθαι
3205 2781 3295 2833 τὸν
3311 2780 3609 2845 ἀξιωθέντα
3634 2781 3739 2850 τῆς
3771 2783 4008 2852 χάριτος.

2430 2873 2516 2924 ἵνα
2540 2871 2626 2942 εἴη
2659 2872 2899 2924 τοιοῦτον
2931 2876 2959 2925 6
2991 2872 3134 2935 νοῦς·
3168 2873 3290 2925 Τῶν
3316 2873 3417 2942 μὲν
3446 2874 3588 2926 κατά
3631 2874 3834 2943 νόμους
3858 2891 4009 2941 γεγο·

2429 2966 2594 3018 νότων
2619 2964 2922 3033 ἀνθρώπων
2941 2963 3115 3027 οὐδεὶς
3147 2964 3212 3017 ἂν
3240 2966 3327 3034 εἴη
3360 2965 3455 3017 τοῦ
3486 2966 3742 3018 Ἰωάννου
3777 2967 4002 3035 μείζων

2427 3057 2536 3108 τῶν
2569 3055 2628 3109 δὲ
2679 3057 2816 3125 μετὰ
2871 3055 2970 3124 τὴν
3003 3055 3164 3124 χάριν
3195 3054 3577 3122 ἀναφανέντων
3623 3055 3757 3109 ὅσον
3804 3057 3898 3108 ἐπὶ
3939 3057 4012 3123 τῷ

2431 3147 2752 3216 ἀξιωθῆναι,
2805 3141 2881 3201 ὧν
2939 3149 3141 3209 ἐκεῖνος
3201 3147 3304 3198 οὐκ
3353 3145 3556 3213 ε-,ρθασε
3615 3149 3833 3216 τυχεῖν.
3881 3148 4012 3200 κατά

2429 3238 2587 3290 τοῦτο
2610 3238 2673 3291 τὸ
2692 3239 2812 3290 κατ’
2831 3235 3000 3290 αὑτοῦ
3034 3235 3217 3306 μεῖζον
3249 3237 3280 3288 6
3297 3236 3627 3306 μικρότερος
3655 3237 4012 3303 ἀπενέγκατο

2431 3332 2516 3385 ἄν.
2553 3330 2662 3382 Καὶ
2695 3329 2805 3399 γάρ
2831 3331 3012 3390 ὁποῖος
3029 3328 3095 3382 άν
3122 3346 3204 3390 τις
3237 3328 3312 3380 ῶν
3344 3330 3403 3379 ὲν
3427 3330 3540 3390 τοῖς
3563 3328 3762 3390 τύποις
3793 3331 3890 3380 καὶ
3915 3333 4013 3388 rei;

2432 3422 2887 3490 προχαράγμασιν
2926 3418 3068 3472 κατὰ
3107 3417 3336 3487 μέγεθος
3367 3419 3460 3469 καὶ
3503 3417 3662 3479 δόξαν
3714 3417 4011 3486 προκριθῇ.

2431 3504 2585 3573 οὗτος
2611 3508 2721 3562 τῶν
2747 3511 2804 3562 tv
2824 3511 2891 3579 τῇ
2929 3508 3160 3579 ἀληθείᾳ
3194 3509 3288 3561 καὶ
3322 3509 3506 3569 αὐτοῖς
3558 3511 3675 3570 τοῖς
3728 3511 4018 3577 πράγμασι

2435 3600 2879 3668 συντεταγμένων
2933 3615 2993 3651 τε
3039 3600 3134 3652 καὶ
3181 3599 3566 3664 άναφανέντων
3607 3599 3736 3652 οὐδὲ
3785 3600 3884 3651 τοῦ
3929 3603 4016 3668 τὴν

2432 3691 2669 3760 ἐσχάτην
2711 3687 2993 3750 δοκοῦντος
3036 3685 3190 3750 τάξιν
3229 3686 3448 3755 ἐπέχειν
3484 3689 3564 3750 εἰς
3599 3687 3833 3756 ἰσότητα
3869 3689 4016 3754 λόγον

2433 3781 2675 3850 εὑρήσει.
2709 3778 2770 3832 Ei
2793 3779 2902 3847 γάρ
2927 3779 3020 3830 καὶ
3044 3780 3073 3830 6
3107 3777 3361 3846 Ἰωάννης
3389 3778 3670 3847 αὐτόπτης
3695 3779 3899 3846 γέγονε
3931 3779 4018 3831 τοῦ

2436 3867 2694 3940 Χριστοῦ,
2723 3867 2818 3920 καὶ
2846 3865 2921 3936 τῷ
2948 3865 3042 3918 τοῦ
3069 3865 3446 3935 βαπτίσματος
3479 3865 3778 3933 μυστηρίῳ
3820 3865 4020 3933 6:119:-

2434 3963 2656 4030 τήσατο,
2722 3958 2817 4012 καὶ
2873 3959 3084 4027 μάρτυς
3105 3955 3450 4026 ὦιαπρύσιος
3503 3954 3600 4008 τοῦ
3657 3954 3904 4025 ’Δμνοῦ,
3936 3953 4020 4006 τοῦ

2440 4051 2683 4122 αἴροντος
2711 4049 2811 4118 τὴν
2847 4047 3126 4116 ἁμαγείαν
3156 4044 3253 4098 τοῦ
3298 4045 3532 4115 κόσμου,
3569 4047 3818 4114 κατέπτη
3843 4063 3858 4077 ο

2438 4144 2537 4195 οὐκ
2563 4141 2640 4211 (6)
2667 4141 2747 4193 ἔτι
2774 4138 2870 4192 τοῦ
2905 4139 3070 4208 νόμου
3091 4138 3187 4189 καὶ
3209 4138 3308 4205 τῆς
3332 4138 3492 4198 σκιᾶς
3524 4138 3580 4188 ἐν
3604 4139 3720 4199 τοῖς
3750 4138 4021 4205 λειψάνοις

2442 4229 2775 4298 σωζομένης,
2830 4228 2924 4279 καὶ
2983 4227 3152 4295 μήπω
3196 4224 3452 4293 καθαρῶς
3493 4226 3584 4278 καὶ
3643 4225 3876 4286 τελείως
3932 4226 4018 4292 τῆς

2441 4320 2663 4389 χάριτος
2712 4315 3147 4386 ἀναλαμψάσης,
3203 4315 3364 4376 16:6;
3430 4315 3666 4384 μετέστη
3728 4314 3831 4367 τοῦ
3891 4316 4019 4384 βίον.

2459 4411 2612 4463 Ἐπεὶ
2652 4410 2759 4477 γὰρ
2779 4407 2841 4460 τό
2878 4423 2940 4459 τε
2967 4406 3174 4474 οἴκημα
3202 4404 3408 4473 ᾤκησε.
3438 4405 3532 4456 καὶ
3565 4404 3664 4474 τὴν
3693 4406 3790 4457 ἐπ’
3823 4407 4020 4474 ἐλέγχῳ

769 4497 904 4550 caedi
951 4512 1060 4550 non
1092 4497 1425 4566 promeritae,
1466 4506 1686 4567 propter
1716 4497 2245 4551 animadversionem
2281 4497 2325 4549 iu

2440 4499 2537 4568 τῆς
2561 4497 2668 4550 τῶν
2686 4495 2995 4549 Μοισαῖκῶν
3012 4495 3190 4563 νόμων
3221 4492 3586 4563 παραϐάσεως
3605 4493 3802 4546 ἄδικον
3822 4497 4020 4563 ὑπέστη

768 4587 1002 4641 violatas
1029 4587 1174 4656 leges
1218 4586 1514 4652 Mosaicas,
1541 4588 1656 4655 jam
1687 4587 1968 4657 subjectus
2011 4596 2176 4651 esset,
2221 4597 2325 4642 tum

2444 4588 2678 4656 σφαγὴν,
2709 4586 2846 4656 μετὰ
2866 4585 3034 4639 ταῦτα
3075 4584 3278 4655 ηρξατο
3309 4587 3337 4636 6
3374 4584 3580 4656 Κύριος
3612 4585 3782 4654 ἡμῶν
3821 4585 4018 4656 Ἰησοῦς

767 4678 990 4731 demum
1024 4674 1288 4730 Dominus
1337 4684 1547 4739 uoster,
1596 4673 1755 4730 Jesus
1800 4675 2075 4742 Christus,
2113 4693 2339 4747 regnum

770 4768 865 4824 Dei
900 4769 1199 4837 praedicare
1241 4767 1555 4836 incipiebat.
1583 4765 1879 4836 Propterea
1927 4783 2090 4822 nemo
2124 4783 2340 4830 eorum,

769 4863 860 4930 qui
885 4876 950 4915 ex
982 4875 1121 4930 aqua
1142 4870 1195 4914 et
1218 4859 1427 4928 Spiritu
1451 4859 1750 4928 regenerati
1773 4867 1954 4924 erant,
1981 4869 2034 4912 et
2073 4859 2340 4914 Paracleti

769 4967 996 5007 accessu
1051 4953 1319 5022 donisque
1369 4950 1519 5019 digni
1571 4949 1931 5014 habebantur,
1992 4953 2263 5006 secundas
2309 4967 2339 5005 a

770 5042 982 5098 Joanne
1033 5050 1216 5112 partes
1257 5050 1440 5096 tenere
1486 5040 1720 5110 judicari
1779 5041 1972 5109 possit.
2033 5041 2148 5096 lmo
2211 5056 2340 5095 vero

773 5135 939 5188 etiam
965 5133 1142 5202 is,qui
1169 5132 1419 5186 inﬁmum
1442 5130 1622 5184 locum
1645 5140 1897 5199 occupet,
1924 5131 2069 5187 illius
2090 5143 2338 5201 respectu

841 5269 885 5298 "
909 5267 1093 5321 Matth.
1133 5283 1213 5333 ιιι,
1249 5267 1301 5319 3.
1342 5267 1387 5297 “
1421 5264 1598 5320 Galat.
1633 5279 1707 5331 iV,
1734 5267 1787 5318 4.

2440 4679 2674 4748 Χριστὸς
2698 4676 2990 4747 κηρύττειν
3031 4676 3100 4729 τά
3128 4674 3378 4746 περὶτῆς
3406 4675 3685 4745 βασιλείας
3719 4677 3822 4729 τοῦ
3870 4678 4018 4730 Θεοῦ.

2439 4770 2548 4822 Καὶ
2585 4769 2676 4823 διὰ
2715 4769 2891 4831 τοῦτο,
2941 4768 3054 4820 ὅσοι
3103 4783 3160 4819 τε
3210 4766 3279 4818 δι’
3330 4765 3525 4829 ὓδατος
3568 4769 3663 4819 καὶ
3705 4768 4022 4838 Πνεῦματος

2437 4857 2918 4929 άνεγεννήθησαν,
2985 4858 3079 4910 καὶ
3134 4859 3234 4927 τῆς
3294 4858 3694 4927 ἐπιφοιτήσεως
3763 4861 3862 4912 καὶ
3920 4861 4020 4911 τῶν

2439 4950 2797 5022 χαρισμάτων
2821 4949 2914 5002 τοῦ
2946 4950 3300 5022 Παρακλήτου
3328 4948 3663 5020 ἠξιώθησαν,
3694 4951 3914 5004 τούτων
3930 4954 4020 5003 οὐκ

2436 5044 2501 5096 ἄν
2533 5059 2613 5104 τις
2639 5040 2707 5094 τά
2740 5040 3019 5110 δευτερεῖα
3051 5040 3204 5109 σχοίη
3243 5040 3333 5093 τοῦ
3379 5043 3655 5096 Ἰωάννου.
3699 5043 3870 5096 Ἀλλά
3921 5045 4022 5109 γάρ

2439 5133 2530 5184 καὶ
2558 5135 2586 5184 6
2635 5133 2734 5201 τὴν
2781 5131 3104 5183 τελευταίαν
3157 5131 3308 5198 τάξιν
3359 5132 3540 5203 λαχὼν
3582 5135 3645 5186 τὸ
3702 5136 3829 5188 κατ’
3861 5132 4019 5187 αὐτοῦ

2265 5422 2492 5478 NOTAE.

846 5537 923 5608 (2)
951 5539 1025 5609 μή
1047 5535 1177 5590 illud
1206 5550 1517 5608 expungere
1557 5552 1646 5609 res
1680 5537 1795 5607 ipsa
1821 5535 2233 5609 jubet.__Natum
2274 5537 2338 5588 il-

772 5611 864 5664 Iud
895 5607 1106 5660 videtur
1166 5620 1232 5659 ex
1263 5607 1448 5678 prima
1475 5607 1693 5678 .syllaba
1721 5609 1872 5661 vocis
1918 5607 2158 5676 μείζονα,
2191 5622 2334 5678 quae,

772 5680 986 5802 tantone
1019 5674 1490 5798 prlonuntiationis'
1513 5674 1640 5734 tunc
1667 5674 2069 5747 receptam'cum
2101 5674 2233 5732 voce
2259 5674 2335 5745 μὴ

773 5765 837 5801 «ιιι
877 5765 960 5802 till]
1008 5761 1067 5802 es
1095 5781 1109 5799 ο

2520 5536 2662 5613 (5-1)
2691 5535 2811 5589 Vid.
2845 5536 3130 5613 epistolam
3171 5538 3332 5592 modo
3401 5541 3728 5609 appellatam
3789 5555 3847 5609 p.
3903 5535 4020 5598 181.

2445 5606 2576 5659 edit.
2605 5605 3045 5660 Moutacutianae.

2515 5675 2591 5741 (ὃ)
2622 5675 2724 5726 ’Λν
2751 5689 2834 5729 est
2864 5691 2927 5729 ex
2957 5674 3105 5730 Colb.

2527 5744 2600 5813 (6)
2641 5743 2955 5814 Legendum
3017 5753 3148 5813 puto
3189 5744 3283 5798 οῦν
