4156 6438
117 430 259 500 ΗΕἻ

935 431 1033 490 ΑΙ)
1073 430 1309 491 ΛΜΡΗΙ
1324 430 1674 491 LOCHIUM
1708 432 2055 501 QUESTIO
2093 436 2297 497 CCCX.
2324 436 2560 497 CCCXL

3250 426 3388 494 1158

117 518 311 619 μεῖζον
343 548 663 614 ἀπενέγκοι.
695 546 805 600 Καὶ
847 548 895 598 εί
940 548 1016 615 μή
1048 562 1131 607 τις
1169 545 1395 599 ικλάδοι
1456 548 1559 601 τῶε.
1602 549 1711 618 πρὸ
1738 554 1759 610 1

1840 550 2051 603 .rimum
2086 551 2349 605 tuebitur.
2377 541 2489 604 Nisi
2510 564 2674 619 porro
2696 547 2826 619 quis
2868 552 3074 601 statuat
3107 542 3390 597 Christum

193 659 225 704 ς
251 643 471 710 χάριτος
496 639 573 707 (7)
611 637 819 708 μηδένα
850 633 989 690 εἶναι
1025 637 1253 706 μείζονα
1298 636 1393 691 τοῦ
1459 637 1707 693 Ἰωάννου

116 733 372 784 ἀνειπεῖν
399 731 477 800 (8)
511 730 603 782 τὸν
636 729 891 799 Χριστὸν,
924 729 1039 781 ἀλλ’
1071 727 1258 791 ἀπλῶς
1302 729 1443 783 κατά
1486 729 1707 783 πάντων

117 817 477 888 ἐξενηνέχθαι
502 816 603 887 τὴν
632 817 907 884 ἀπόφασιν
935 815 1035 887 τὴν
1074 816 1437 887 Δεσποτικὴν,
1477 817 1597 888 ὥρα
1631 818 1711 888 (9)

120 928 213 963 σοι
255 912 351 965 καὶ
381 912 481 979 τῆς
507 909 866 980 ὕπερενὸόξου
909 909 1208 981 Δεσποίνης
1257 910 1416 980 ἡμῶν
1442 909 1709 964 Θεοτόκου

120 998 322 1052 τοῦτον
352 998 682 1065 ἐπίπροσθεν
716 996 871 1066 ἀγειν
916 999 1012 1051 καὶ
1049 999 1158 1052 τῶν
1211 1000 1529 1069 κορυφαίων
1578 1000 1717 1053 ἀπο-

111 657 190 708 τη

124 1090 359 1154 στόλων,
386 1090 417 1143 θ
445 1091 544 1142 οὐκ
573 1090 641 1142 ἀν
667 1108 754 1154 τις
783 1089 1099 1160 ιπιτριψειε
1130 1090 1412 1162 λογισμός.
1443 1090 1591 1163 Πλὴν
1624 1092 1719 1145 καὶ

122 1185 160 1235 ὁ
190 1183 327 1253 περὶ
350 1181 543 1236 τούτου
565 1181 746 1251 λόγος,
774 1184 841 1252 τῇ
867 1181 1218 1253 προσηκούσῃ
1245 1183 1520 1251 μοιπάλαι
1541 1180 1720 1253 διαίτῃ

128 1272 486 1344 ὓποσληθεὶς,
515 1273 616 1343 τὴν
645 1273 742 1328 νῦν
789 1274 1179 1344 ἀκριϐολογίαν
1226 1275 1591 1346 δυσχεραίνει.

696 1452 1033 1508 ΕΡΩἸἨΣΙΣ
1062 1455 1167 1509 Τι’.

128 1544 245 1597 Διὰ
275 1543 335 1599 τι
373 1544 524 1616 κατὰ
537 1546 603 1616 ad
647 1544 947 1616 σωτήριον·
985 1543 1177 1611 πόθος
1202 1548 1257 1616 dy
1287 1546 1504 1612 Κύριος
1553 1547 1721 1616 ήμῶν

378 1613 609 1680 Ἰησοῦς
651 1614 909 1681 Χριστὸς
948 1616 1143 1684 λόγχῃ
1188 1615 1496 1681 νύττεται;

1820 640 1872 694 id
1906 640 2011 696 sibi
2064 641 2221 703 velle,
2254 642 2399 711 quod
2442 655 2606 697 nemo
2647 654 2867 702 eorum.
2903 638 3000 707 qui
3032 644 3159 689 ante
3206 632 3393 688 imitus

1820 729 2008 795 gratiae
2039 730 2266 794 fuerint,
2302 728 2476 797 maior
2514 730 2588 783 sit
2618 726 2852 792 Joanne,
2879 725 3149 793 malitque
3184 721 3394 776 dictum

1824 818 2036 875 Domini
2063 822 2131 876 de
2159 821 2417 876 omnibus
2441 819 2757 874 hominibus
2778 816 3103 887 simpliciter
3124 813 3397 881 accipere,

1820 911 2171 966 commodum
2217 911 2319 965 tibi
2363 909 2527 966 fuerit
2574 910 2827 965 eumdem
2882 908 3055 964 etiam
3111 904 3399 973 Deipara,

1819 1000 2061 1055 Domina:
2136 1010 2339 1056 nostra:
2392 1000 2872 1063 celebratissima,
2932 1009 2988 1053 et
3043 994 3389 1067 principibus

1818 1092 2084 1161 apostolis
2134 1091 2415 1161 pa'aaferre.
2468 1091 2533 1147 ld
2563 1105 2693 1146 vero
2739 1103 2873 1145 sana
2925 1090 3065 1143 ratio
3118 1099 3402 1156 nunquam

1820 1182 2157 1251 permiserit.
2180 1181 2287 1237 Sed
2318 1182 2424 1238 hoc
2448 1191 2879 1253 argumentum..
2896 1180 3032 1234 alias
3055 1177 3241 1233 debito
3269 1189 3403 1230 exa-

1771 1310 1777 1316 .
1824 1268 1957 1322 mini
2012 1284 2043 1322 a
2084 1285 2173 1324 me
2219 1270 2563 1340 subjectum,
2607 1286 2752 1326 nunc
2804 1269 3029 1340 quidem
3082 1266 3404 1337 diligentius

1832 1360 2053 1413 tractari
2094 1374 2202 1414 non
2236 1371 2434 1430 potest.

1968 1466 2297 1532 QUESTIO
2334 1468 2514 1526 CCCX
2554 1468 2770 1540 [Coisl.,
2814 1468 2979 1522 Taur.
3023 1462 3285 1535 CXXIII].

1830 1551 2008 1616 Quare
2049 1556 2105 1607 in
2137 1556 2367 1609 salutari
2393 1558 2719 1623 ρει-νεεσὸου
2752 1556 3005 1609 Bantius
3049 1563 3225 1608 noster
3245 1552 3405 1607 Jews

2098 1625 2344 1680 Christus
2373 1631 2560 1680 lancea
2587 1626 2861 1694 confossus
2896 1636 2973 1678 est
2998 1626 3085 1677 "2'
3112 1642 3131 1674 ι

648 1723 898 1776 Edllarnm
918 1739 947 1775 a
977 1725 1156 1776 Wolﬁo
1182 1727 1555 1791 quadragesima
1587 1732 1733 1782 tertia
1755 1733 1811 1797 (Ι.
1835 1746 1879 1783 c.
1914 1747 1962 1797 p.
1996 1736 2105 1797 τοι,
2127 1737 2236 1787 703.
2263 1736 2488 1788 Galland.
2516 1752 2564 1800 p.
2600 1738 2710 1799 713,
2743 1752 2792 1787 n.
2816 1738 2913 1796 18).

215 1808 401 1879 Δόγχῃ
430 1808 679 1862 νύττεται
728 1810 831 1880 τὴν
875 1810 1118 1879 πλευρὰν
1170 1812 1311 1864 κατὰ
1342 1814 1407 1865 τὸ
1455 1816 1728 1885 σωτήριον

135 1901 316 1964 πάθος
363 1898 618 1971 Χριστὸς,
654 1900 684 1951 ὁ
710 1899 844 1962 Θεὸς
884 1899 1040 1971 ἡμῶν
1062 1916 1076 1929 ·
1103 1899 1261 1954 τοῦτο
1294 1900 1395 1971 μὲν
1446 1903 1580 1973 ἡμῖν
1632 1902 1728 1956 δύο

137 1992 501 2063 βαπτίσματα
553 1988 1045 2061 καινουργούμενὸς
1092 2008 1150 2043 τε
1192 1990 1285 2043 κα)⁸
1324 1992 1641 2061 προτυπῶν.
1667 1993 1727 2047 ἓν

1906 1818 2181 1884 Christus,
2222 1822 2365 1877 Deus
2422 1833 2628 1886 noster,
2681 1822 2735 1875 in
2784 1820 3011 1877 salutari
3056 1815 3410 1888 perpessione

1834 1911 1981 1980 quod
2011 1913 2079 1967 ad
2110 1914 2252 1967 latus
2276 1911 2609 1968 confoditur.
2640 1913 2754 1970 lloc
2776 1915 2894 1983 ipso
2925 1926 3057 1967 vero
3080 1912 3220 1965 duos
3249 1909 3409 1964 nobis

1834 2001 2140 2071 baptismos
2192 2004 2440 2059 condidit
2482 2014 2537 2059 et
2577 2004 3036 2076 pra'signiticavit,
3082 2016 3237 2071 aqua;
3283 2000 3414 2055 alte-

140 2081 249 2149 μὲν
267 2080 328 2133 τὸ
348 2080 415 2132 δι’
438 2078 653 2143 ὕδατος,
679 2078 866 2149 ἕτερον
896 2079 955 2132 δὲ
978 2080 1041 2131 τὸ
1078 2079 1147 2133 δι’
1175 2081 1431 2150 αἵματος.
1474 2082 1586 2135 Καὶ
1618 2083 1727 2155 γὰρ

1840 2108 1980 2157 rum,
2010 2093 2242 2149 alterum
2279 2096 2587 2166 sanguinis.
2641 2092 2829 2166 Neque
2856 2095 3005 2149 enim
3058 2094 3161 2149 ista
3200 2100 3413 2146 natura:

133 2173 256 2227 οὐδ’
295 2171 471 2243 είρμῷ
516 2171 611 2223 καὶ
658 2171 951 2241 ἀκολουθίᾳ
996 2171 1096 2240 τῆς
1140 2171 1357 2239 φύσεως
1385 2174 1727 2244 ἀπρῤυήκει

1840 2188 2078 2257 quodam
2105 2189 2299 2243 ordine
2320 2199 2375 2243 et
2397 2204 2538 2243 nexu
2569 2204 2635 2242 ex
2655 2188 2846 2252 latere,
2872 2189 3103 2242 salutem
3136 2186 3409 2255 pariente,

137 2261 321 2313 ταῦτα
347 2261 446 2330 τῆς
475 2260 743 2329 σωτηρίου
770 2259 1033 2330 πλευρᾶς.
1058 2260 1216 2315 Μετά
1242 2263 1353 2333 γὰρ
1374 2263 1466 2316 τὸν
1497 2262 1730 2319 θάνατον

138 2353 373 2421 γέγονεν
394 2354 428 2421 ἡ
456 2353 659 2423 πληγὴ,
688 2354 784 2405 καὶ
808 2353 950 2421 μετά
970 2353 1184 2424 πληγὴν
1211 2354 1397 2425 βλύζει
1414 2356 1485 2409 τά
1510 2358 1730 2427 νάματα

138 2446 181 2512 ἡ
217 2444 448 2513 πλευρά.
497 2444 584 2494 Ἐν
612 2445 679 2513 τῇ
713 2445 924 2515 πλευρᾷ
945 2443 1005 2498 δὲ
1039 2443 1153 2514 (10)
1184 2446 1280 2499 καὶ
1304 2446 1407 2499 οὐκ
1452 2448 1511 2500 ὲν
1558 2448 1731 2517 ἑτέρῳ

144 2535 312 2605 μέρει
330 2533 543 2604 δέχεται
570 2534 669 2604 τὴν
690 2534 925 2605 ’πληγὴν⁹
956 2534 1090 2589 διότι
1123 2537 1189 2589 ὲκ
1218 2536 1462 2606 πλευρᾶς
1501 2537 1600 2606 μὲν
1634 2538 1731 2591 τοῦ

158 2626 335 2695 Ἀδὰμ
397 2624 642 2695 ἐπλάσθη
713 2628 748 2695 ἡ
808 2626 970 2695 γυνὴ,
1026 2625 1096 2679 δι’
1154 2627 1329 2697 αὐτῆς
1384 2626 1431 2680 δ’
1492 2628 1734 2699 ἀμαρτία

142 2716 403 2789 ἐπράχθη
422 2716 503 2787 τῷ
548 2717 741 2786 ’Δδάμ.
767 2717 1069 2786 Πλήττεται
1114 2716 1209 2771 οὖν
1254 2717 1511 2787 Χριστὸς,
1542 2720 1572 2772 ὁ
1601 2718 1735 2782 Θεὸς

142 2810 331 2881 ἡμῶν,
383 2810 413 2862 ὁ
463 2808 581 2874 νέος
631 2809 823 2879 Ἀδὰμ,
849 2810 950 2880 τὴν
986 2808 1250 2880 πλευρὰν,
1288 2808 1480 2879 ὥσπερ
1515 2810 1605 2864 διὰ
1636 2811 1735 2880 τῆς

143 2901 370 2971 πληγῆς
419 2900 659 2972 ἀναιρῶν
713 2901 815 2970 τὴν
865 2900 1179 2971 ἁμαρτίαν,
1240 2900 1337 2953 καὶ
1405 2900 1499 2952 τὸν
1564 2901 1739 2973 Ἀδὰμ

142 2992 510 3047 ἀπαλλάττων
526 2992 616 3046 τοῦ
638 2992 728 3047 διὰ
747 2991 849 3062 τῆς
879 2992 1121 3062 πλευρᾶς
1144 2990 1295 3060 αὐτῷ
1320 2993 1737 3063 περιγεγονότος

145 3084 540 3155 ὀλισθήματος,
572 3084 649 3147 ὡς
679 3084 747 3138 ἂν
782 3082 1064 3138 κάνταῦθα
1107 3082 1486 3153 πληρούμενον
1532 3085 1618 3154 εἴη
1654 3085 1736 3150 τὸ,

154 3196 179 3229 ε
212 3177 386 3230 Ὅπου
408 3176 733 3229 ἐπλεόνασεν
756 3177 789 3245 ἡ
804 3176 1048 3245 ἀμαρτία
1069 3195 1088 3227 ι
1117 3174 1415 3244 (τουτέστιν
1435 3176 1493 3228 ὲν
1517 3177 1584 3246 τῇ
1606 3174 1736 3245 Elia,

146 3267 279 3334 ἧτις
300 3268 523 3334 γέγονεν
548 3268 613 3319 ἐκ
632 3266 872 3335 πλευρᾶς
887 3265 981 3318 τοῦ
999 3265 1212 3335 Ἀδὰμ),
1246 3284 1264 3316 ι
1286 3268 1404 3318 ἐκεῖ
1421 3266 1740 3336 ἐπερίσσευ-

151 3374 251 3411 σεν
262 3359 296 3427 ἡ
309 3359 488 3428 χάρις,
502 3353 638 3410 »οἷον
651 3360 709 3411 ὲν
724 3361 790 3428 τῇ
803 3357 897 3411 τοῦ
912 3356 1147 3428 Χριστοῦ
1165 3357 1395 3427 πλευρᾷ,
1414 3357 1740 3425 Περισσεύει

1836 2279 2135 2334 ﬂuxerunt.
2182 2279 2314 2336 Post
2344 2281 2555 2335 obitum
2588 2280 2733 2335 enim
2774 2281 2976 2335 vulnus
3008 2280 3111 2333 hoc
3141 2277 3409 2333 inﬂictum

1835 2379 1940 2436 est,
1968 2379 2025 2425 et
2045 2380 2169 2441 post
2192 2372 2391 2428 vulnus
2415 2388 2481 2427 ex
2512 2372 2686 2427 latere
2715 2372 2939 2426 ﬁumina
2966 2371 3059 2425 illa
3088 2379 3409 2426 manarunt.

1837 2456 1896 2513 In
1946 2459 2116 2513 latere
2160 2474 2310 2523 vero,
2359 2473 2536 2529 neque
2588 2460 2693 2514 alia
2738 2458 2985 2529 corporis
3029 2468 3185 2527 parte
3212 2458 3414 2510 vulnus

1838 2554 2072 2625 accepit,
2092 2554 2219 2623 quia
2242 2570 2307 2610 ex
2332 2556 2505 2610 latere
2527 2554 2746 2625 quidem
2771 2554 2958 2609 Adatni
2987 2561 3113 2608 nata
3138 2560 3225 2608 est
3251 2567 3414 2614 uxor,

1840 2660 1936 2715 per
1980 2645 2129 2700 illam
2175 2661 2309 2701 vero
2361 2647 2540 2701 eidem
2594 2656 2874 2716 peccatum
2911 2653 2993 2700 est
3032 2644 3415 2701 conciliatum.

1846 2736 2103 2794 Christus
2129 2740 2336 2808 itaque,
2361 2738 2502 2793 Dens
2534 2747 2744 2801 noster,
2779 2754 2950 2793 novus
2976 2738 3242 2803 Adamus,
3265 2735 3320 2789 in
3342 2734 3417 2789 la-

1843 2838 1957 2884 tere
1985 2830 2328 2895 vulneratur,
2375 2840 2634 2901 tanquam
2677 2831 2771 2898 qui
2815 2846 2911 2899 per
2947 2831 3089 2885 latus
3129 2836 3415 2897 peccatum

1842 2920 2041 2988 expiet,
2089 2930 2143 2975 et
2173 2921 2452 2976 Adamum
2490 2936 2518 2974 a
2554 2933 2800 2991 peccato,
2834 2936 2927 2991 per
2964 2922 3107 2977 latus
3138 2920 3203 2975 ad
3235 2922 3417 2989 ipsum

1842 3016 2072 3084 perlato,
2122 3017 2338 3080 liberet.
2372 3028 2431 3073 ut
2464 3018 2537 3073 ita
2577 3021 2677 3073 hac
2713 3019 2875 3073 etiam
2924 3028 3077 3088 parte
3120 3017 3419 3088 impleatur

1843 3108 2016 3163 illud:
2057 3125 2077 3157 ι
2109 3106 2208 3162 Ubi
2248 3108 2542 3163 abundavit
2589 3117 2895 3177 peccatum,
2956 3127 2974 3159 ι
3034 3122 3226 3177 nempe
3274 3107 3420 3176 apud

1845 3194 2032 3262 Evam,
2056 3213 2181 3268 qua:
2217 3198 2361 3253 facta
2395 3206 2481 3254 est
2510 3214 2577 3254 ex
2611 3201 2780 3254 latere
2824 3198 3041 3261 Adami,
3076 3217 3095 3250 ι
3131 3200 3204 3253 ibi
3242 3198 3411 3253 etiam

1843 3288 2140 3343 abundavit
2166 3290 2341 3358 gratia
2379 3290 2449 3353 ⁸⁸,
2508 3310 2525 3341 ι
2566 3306 2761 3359 nempe
2797 3292 2848 3343 in
2896 3291 3063 3344 latere
3094 3290 3324 3345 Christi.
3356 3290 3414 3344 In

1846 3382 2016 3436 latere
2035 3382 2181 3435 enim
2206 3382 2298 3436 illo
2319 3392 2605 3452 peccatum
2633 3382 2893 3446 abundat,
2919 3383 3065 3450 quod
3092 3382 3217 3437 inde
3234 3390 3419 3437 ortum

152 3449 262 3518 μὲν
299 3448 407 3517 γὰρ
446 3450 503 3501 ὲν
527 3448 711 3519 ἐκείνῃ
739 3451 806 3518 τῇ
835 3449 1101 3519 πλευρᾷὴ
1132 3449 1399 3519 ἁμαρτία,
1432 3449 1743 3502 summa

1845 3481 1932 3527 est
1955 3473 2155 3526 malum
2180 3488 2196 3525 :
2219 3472 2467 3528 vicissim
2500 3487 2630 3527 vero
2658 3475 2711 3526 in
2739 3472 2949 3527 Domini
2984 3474 3155 3527 latere
3178 3472 3423 3527 abundat

149 3541 261 3606 ἔφυ
282 3538 343 3591 τὸ
363 3539 551 3592 κακόν.
582 3538 906 3609 Περισσεύει
933 3538 989 3591 δὲ
1023 3539 1186 3593 πάλιν
1224 3541 1282 3592 ὲν
1314 3542 1381 3610 τῇ
1434 3541 1741 3610 Δεσποτικῇ

151 3631 373 3702 πλευρᾷ
432 3632 467 3700 ή
520 3632 701 3700 χάρις,
756 3631 923 3685 ὅτιού
956 3633 1117 3701 μόνον
1167 3633 1201 3702 ἡ
1246 3632 1349 3702 τῆς
1386 3634 1663 3703 ἁμαρτίας
1686 3634 1745 3684 ὲν

150 3721 337 3792 ταύτῃ
367 3721 593 3789 γέγονεν
625 3722 909 3792 ἀναίρεσις
962 3722 1057 3774 καὶ
1103 3721 1311 3791 πληγὴ,
1342 3722 1456 3775 ἀλλ’
1482 3724 1564 3776 ὅτι
1591 3724 1684 3775 καὶ
1711 3724 1745 3793 ἡ

153 3812 263 3881 τῆς
289 3812 560 3882 σωτηρίας
595 3812 746 3881 πηγὴ
761 3813 853 3885 καὶ
868 3811 1134 3882 κάθαρσις
1165 3811 1226 3877 ἐξ
1253 3812 1423 3883 αὐτῆς
1451 3812 1747 3867 ἀνέϐλυσεν

154 3904 264 3957 καὶ
310 3904 481 3974 μένει,
521 3903 596 3974 μὴ
648 3903 948 3974 κενουμένη
1003 3903 1093 3956 διὰ
1139 3903 1361 3965 παντός.
1427 3905 1596 3968 Ἴασις
1652 3905 1746 3958 οὖν

155 3994 376 4061 γίνεται
418 3992 600 4045 λοιπὸν
634 3994 667 4063 η
702 3992 914 4065 πλευρά
966 3994 1065 4063 τῆς
1097 3994 1360 4064 πλευρᾶς,
1382 3997 1416 4063 ἡ
1472 3995 1744 4066 πληγεῖσα

156 4084 338 4157 λόγχη
364 4086 460 4154 τῆς
492 4084 791 4155 πληγιίσης
812 4084 1076 4156 ἁμαρτίᾳ·

689 4197 1023 4252 ΕΡΩἹῊΣΙΣ
1069 4196 1221 4249 ἸΊΔ’.

168 4292 241 4347 Ἰί
277 4290 408 4347 ἐστι
447 4292 593 4358 (11)·
633 4311 652 4342 ς
690 4287 1027 4358 Κύριεμμὴ
1084 4286 1325 4353 στήσῃς
1370 4288 1577 4355 αὐτοῖς
1635 4287 1752 4358 τὴν

240 4356 791 4428 ἁμαρτίανεαύτην
841 4357 976 4429 (12)·
1023 4376 1040 4407 ι
1077 4359 1170 4410 καί
1192 4395 1209 4420 ,
1237 4360 1287 4409 εί
1315 4358 1533 4412 ἔλασεν
1568 4356 1753 4425 πέρας

242 4431 284 4497 ἡ
332 4430 521 4498 εὐκή;

1850 3562 2043 3633 gratia,
2076 3564 2224 3632 quod
2268 3564 2324 3617 in
2350 3564 2445 3618 illo
2468 3572 2756 3633 peccatum
2796 3579 2901 3619 non
2936 3572 3149 3618 tantum
3176 3565 3340 3619 ﬁnem
3370 3575 3425 3618 et

1849 3654 2053 3708 vulnus
2082 3655 2317 3722 accepit.
2365 3656 2459 3709 sed
2488 3671 2554 3710 ex
2588 3657 2779 3711 eodem
2820 3668 3041 3725 quoque
3073 3655 3197 3710 fons
3228 3656 3424 3710 salutis

1852 3754 1900 3798 et
1929 3745 2180 3814 purgatio
2200 3743 2383 3812 ﬂuxit,
2406 3754 2462 3801 et
2516 3758 2775 3813 tanquam
2817 3761 3096 3816 nunquam
3149 3746 3416 3800 abolenda

1851 3845 2185 3903 perseverat.
2212 3835 2383 3891 Latus
2406 3837 2595 3907 itaque
2618 3840 2778 3894 lateri
2804 3840 3142 3894 sanationem
3177 3846 3423 3908 praestat.

1854 3930 1997 3982 latus
2025 3942 2242 3998 nempe,
2268 3930 2453 3984 lancea
2477 3928 2808 3999 perfossum,
2838 3930 2993 3985 lateri
3019 3945 3113 3999 per
3137 3941 3424 4000 peccatum

1854 4018 2159 4073 vulnerato.

1979 4196 2312 4264 υυΑῑδτιο
2351 4198 2551 4254 CCCXI
2594 4197 2807 4269 [Coisl.,
2841 4196 3005 4249 Taur.
3045 4195 3303 4265 CXXIV}.

1856 4291 1998 4355 Quid
2043 4290 2310 4361 signiﬁcat
2365 4291 2499 4344 it'lttd
2531 4309 2547 4343 :
2602 4311 2619 4341 ι
2658 4290 3008 4361 οοηιίηενηε
3054 4299 3262 4343 statuas
3312 4288 3424 4361 illis

1926 4362 2022 4414 hoc
2065 4359 2374 4462 nutantum;
2406 4381 2423 4412 ι
2461 4372 2509 4415 et
2550 4380 2619 4415 tm
2654 4371 2837 4416 ercntu
2877 4359 2945 4411 sit
2973 4361 3285 4429 conﬁrmata
3319 4360 3426 4412 Ita'c

1926 4433 2157 4462 ,ινρρηεὸη

1923 4442 2183 4500 precatio:

162 4546 424 4596 Editarutn
445 4557 473 4591 a
505 4543 680 4593 Wolfio
700 4543 1069 4607 quadragesima
1086 4552 1258 4603 quarta
1280 4544 1335 4605 (Ι.
1363 4558 1405 4591 c.
1429 4558 1476 4604 p.
1513 4543 1739 4654 ’ωδ-113.

1842 4544 1992 4654 ιιέιόσ.
2017 4558 2064 4606 ρ.
2100 4546 2208 4605 'Ili,
2229 4545 2339 4605 715,
2362 4533 2409 4593 n'.
2444 4545 2518 4594 l9.
2544 4572 2602 4581 —-
2624 4546 2696 4594 De
2731 4551 2951 4595 oratione
2975 4544 3128 4594 sancti
3168 4543 3424 4603 Stephani.

1727 4644 1737 4654 .
1774 4620 1855 4664 vn,
1885 4620 1963 4654 ου.

244 4692 322 4748 Τδ
343 4694 421 4757 δε,
453 4712 472 4745 ι
503 4692 698 4762 Κύριε,
726 4693 800 4762 μὴ
832 4695 1035 4763 στήσῃς
1062 4692 1243 4755 αὑτοτς
1264 4694 1363 4760 τὴν
1393 4693 1689 4761 ἁμαρτίαν,
1724 4712 1742 4744 ι

1928 4694 2141 4748 Dictum
2219 4694 2349 4747 illud
2408 4714 2417 4746 :

169 4790 269 4841 καὶ
297 4786 443 4855 ἑξῆς,
465 4788 585 4855 οὐχ,
616 4787 692 4849 ὡς
744 4786 809 4839 ἀν
842 4802 923 4847 τις
973 4784 1161 4847 ἁπλῶς
1195 4783 1404 4855 οίηθείη
1437 4784 1568 4853 (15),
1602 4786 1753 4839 ἐκδέ-

241 4899 289 4930 ⁸⁹
310 4895 465 4955 Joan.
504 4914 615 4960 su,
650 4898 740 4951 51.
814 4896 859 4928 ³⁸
884 4895 1017 4949 Rom
1059 4910 1112 4960 ν,
1140 4892 1231 4947 28.

2480 4713 2496 4744 ι
2547 4692 2623 4747 Ne
2691 4704 2898 4747 statuas
2965 4693 3070 4746 illis
3140 4698 3425 4760 peccatum

1860 4786 1981 4850 hoc,
2012 4804 2028 4835 ι
2076 4796 2183 4839 etc.
2224 4799 2331 4838 non
2372 4783 2616 4853 quidem,
2663 4784 2804 4853 quod
2863 4783 3180 4837 existimare
3230 4781 3431 4848 aliquis

1695 5077 1928 5133 NOTE.

659 5177 777 5245 τῆς.
798 5176 951 5231 Colb.
983 5178 1078 5244 τῆς
1111 5177 1352 5247 πρώτης.

250 5176 332 5314 iii
364 5193 474 5301 Et:

371 5246 461 5301 Sic
509 5246 646 5299 idem
688 5262 793 5315 pro
829 5248 894 5299 ἂν
948 5248 1141 5300 εἰπεῖν.

252 5250 332 5314 (8)
371 5250 461 5301 Sic
509 5250 646 5299 idem
688 5262 793 5315 pro
829 5250 894 5299 ἂν
948 5250 1036 5299 εἰπ

253 5318 335 5383 (9)
370 5317 489 5386 ὥρα
536 5316 743 5386 scribo,
790 5332 891 5386 pro
917 5318 1036 5385 ὅρα.

252 5386 368 5457 (I0)
393 5383 470 5457 ὀί,
494 5400 561 5439 ex
595 5383 742 5457 Colb.

254 5456 371 5526 (11)
409 5456 485 5509 De
519 5456 715 5526 eodem
762 5456 886 5511 loco
917 5457 1045 5512 vide
1092 5458 1343 5512 Pltotinm
1375 5458 1610 5525 epistola
1655 5456 1753 5510 H6

179 5525 359 5593 (nunc
396 5525 544 5579 tertii
597 5525 725 5580 libri
754 5528 869 5592 ιδ),
907 5528 1003 5582 ubi
1047 5536 1232 5581 tamen
1286 5529 1437 5581 illtnn
1488 5543 1594 5580 non
1642 5538 1751 5579 tam

176 5597 633 5718 cxplicaltEquam
654 5597 712 5650 in
739 5612 899 5652 usum
920 5600 1185 5653 adversus
1206 5598 1489 5653 inimicum
1516 5598 1757 5665 aliquem

176 5681 388 5718 conver
417 5683 428 5706 -
461 5707 475 5718 .

176 5681 475 5723 εοιπει-ιιι.

256 5736 371 5807 (ιζ)
392 5735 568 5791 Verba
591 5747 719 5793 sunt
739 5738 1002 5807 Stephani
1024 5741 1141 5792 Act.
1164 5754 1260 5801 vn,
1282 5738 1371 5801 59,
1397 5736 1596 5791 similia
1624 5736 1751 5807 illis,

177 5822 309 5877 qua:
327 5805 610 5872 Dominus,
632 5822 701 5863 ex
718 5805 882 5865 cruce
908 5808 1170 5877 pendens,
1198 5807 1622 5879 pronuntiabat:
1642 5806 1753 5858 Πά-

1856 5194 1974 5247 τερ,
2010 5177 2145 5243 ἄφες
2169 5178 2373 5239 αὐτοῖς·
2399 5177 2458 5230 οὐ
2494 5177 2600 5245 γὰρ
2630 5175 2825 5247 οἴδασι,
2864 5170 3180 5247 τίᾼποιοῦσε.
3212 5172 3432 5247 Utrum-

1857 5242 1963 5313 qu'e
1986 5242 2168 5301 locum
2193 5248 2439 5307 Photins.
2476 5242 2591 5300 hac
2622 5246 2893 5305 scribens,
2922 5243 2975 5295 in
2999 5252 3181 5295 mente
3216 5242 3425 5313 habuit.

1858 5312 2162 5385 Utrumque
2214 5316 2471 5370 etiamin
2526 5332 2613 5385 cp.
2668 5313 3099 5385 liGrconjnngit
3158 5312 3427 5385 :ﬂKthts,

1861 5388 1934 5455 μὴ
1988 5382 2194 5457 στήσῃς
2241 5388 2423 5457 αὐτοῖς
2469 5382 2574 5455 τὴν
2599 5384 2888 5457 ἁμαρτίην
2922 5384 2981 5434 οὐ
3015 5384 3123 5457 γ-ἀρ
3150 5382 3345 5440 οἴδασι,
3380 5382 3430 5433 τί

1858 5452 2092 5509 ποιοῦσι.
2136 5452 2367 5510 "Novum
2402 5456 2507 5509 hoc
2524 5452 2622 5508 'est
2650 5454 2984 5522 exentplum,
3015 5452 3270 5522 Nostrum
3318 5467 3428 5503 non

1866 5525 2158 5579 admodum
2206 5534 2523 5580 accuratum
2561 5525 2613 5577 in
2646 5520 2950 5577 excitandis
2980 5520 3279 5587 Scripturzn
3305 5534 3429 5572 ora-

1866 5596 2009 5649 culis
2042 5596 2256 5660 I'uisse;
2312 5595 2458 5665 quod
2505 5602 2562 5648 et
2596 5594 2730 5647 alias
2772 5592 2874 5661 ipsi
2926 5606 3029 5645 usu
3089 5590 3328 5652 venisse,
3358 5604 3428 5642 cx

1864 5665 2244 5734 superioribus
2274 5673 2509 5719 constat.

1933 5726 2044 5857 (lg)
2076 5733 2260 5815 Codex
2302 5735 2541 5790 habebat
2569 5735 2769 5789 iterum
2806 5732 2923 5796 οὐκ,
2950 5739 3077 5785 ante
3107 5726 3425 5797 ἐκϐέϐηκεν,

1939 5820 1971 5857 o
2047 5819 2229 5857 0mm.

1862 5819 2005 5875 quoa
2047 5819 2229 5859 0mm.
