4156 6438
755 409 892 476 1159

1885 409 2143 472 ΡῙΙΟΤΙΙ
2184 409 2688 471 PATRIARCILE
2713 408 2811 471 CI‘.

3885 406 4022 473 ιιω

755 531 985 593 poterat,
1021 523 1231 580 exitum
1276 522 1488 588 habuit,
1529 536 1708 592 neque
1734 523 1978 593 precatio
2000 521 2092 576 illa
2122 528 2323 576 eventu

2443 520 2599 589 ΰηκεν
2629 521 2712 581 τίς
2763 519 2960 590 πέρας,
2991 517 3112 572 οὐδὲ
3145 517 3207 571 τδ
3230 517 3384 582 τέλος
3413 517 3732 589 ἀπείληφεν
3768 520 3800 588 ἡ
3860 517 4021 590 εὐχή.

754 618 1075 672 conﬁrmata
1118 626 1226 674 est.
1279 618 1542 673 Dominus
1586 618 1730 671 enim
1784 623 1992 680 noster,
2043 616 2326 669 hominum

754 707 1192 772 amantissimus,
1212 708 1540 779 generisque
1563 705 1735 762 nostri
1760 703 2032 770 Salvator,
2051 713 2328 774 precatur,

754 813 827 853 ne
847 808 1121 854 statuatur
1143 801 1250 855 hoc
1273 809 1556 870 peccatum
1581 800 1715 863 illis,
1737 799 1827 868 qui
1853 813 1914 854 se
1932 795 2327 861 cruciﬁxerint,

754 886 994 958 primum
1025 890 1246 959 quidem
1280 891 1424 957 ideo,
1455 899 1518 944 ut
1550 889 1916 944 humanitatis
1942 887 2103 943 nobis
2122 896 2178 942 et
2209 902 2330 940 tnu-

755 991 865 1037 tua
893 982 1289 1038 benevolentia
1313 981 1627 1051 exemplum
1662 980 1846 1044 sistat,
1890 989 1949 1034 ut
1995 994 2066 1034 ne
2108 978 2164 1032 in
2205 978 2332 1033 illos

756 1091 994 1146 quoque,
1029 1077 1125 1147 qui
1151 1083 1381 1130 mortem
1406 1073 1566 1128 nobis
1597 1071 1902 1128 machinari
1925 1070 2196 1134 videntur,
2226 1069 2330 1134 ira,

757 1169 1215 1224 excandescentia
1266 1177 1322 1223 et
1360 1166 1500 1221 diris
1547 1165 1897 1220 invehamur.
1946 1162 2153 1216 Deinde
2203 1175 2335 1217 vero

760 1270 1015 1328 precatur
1048 1260 1237 1323 etiam,
1283 1275 1351 1315 ne
1395 1259 1505 1313 illis
1548 1264 1827 1312 statuatur
1875 1255 1982 1310 hoc
2027 1261 2332 1324 peccatum,

756 1351 850 1420 qui
885 1352 1151 1406 desistant
1176 1351 1407 1414 amalo,
1461 1365 1561 1404 nec
1588 1364 1753 1418 porro
1794 1348 1851 1402 in
1882 1347 2024 1403 idem
2065 1346 2334 1414 protervi-

761 1444 889 1498 tatis
933 1453 987 1498 et
1023 1443 1388 1512 improbitatis
1431 1441 1650 1497 culmen
1694 1439 2020 1494 evehantur.
2061 1437 2205 1502 Jam,
2240 1436 2334 1506 qui

758 1534 1092 1588 destiterunt
1116 1549 1147 1588 a
1173 1532 1406 1598 malitia,
1435 1531 1547 1587 illis
1571 1545 1734 1600 ptena
1758 1529 2040 1584 commissi
2085 1528 2336 1584 criminis

762 1634 869 1672 non
911 1618 1111 1673 inﬂicta
1143 1628 1248 1675 est.
1278 1619 1432 1674 Multi
1459 1619 1607 1674 enim
1648 1616 1964 1672 Jutlzeorum
2008 1632 2118 1670 non
2157 1617 2335 1672 solum

764 1710 978 1762 veniam
1007 1711 1152 1764 nacti
1196 1720 1344 1776 sunt,
1373 1709 1466 1766 sed
1497 1718 1553 1765 et
1587 1709 1875 1764 veritatem
1907 1720 2095 1778 postea
2133 1708 2336 1772 edocti,

2431 608 2660 679 Εὐχεται
2680 609 2779 678 μὲν
2810 608 2920 679 γὰρ
2950 609 2979 662 ό
3007 606 3391 677 φιλάνθρωπος
3415 607 3575 677 ἡμῶν
3596 610 3909 678 Δεσπότης,
3937 609 4028 660 καὶ

2428 702 2522 756 τοῦ
2548 702 2740 770 γένους
2763 700 2975 770 Σωτὴρ,
3001 699 3076 769 μὴ
3105 699 3300 768 στῆναι
3343 701 3459 762 τοῖς
3497 698 3894 767 σταυρώσασιν
3921 698 4021 767 τὴν

2431 793 2726 864 ἁμαρτίαν,
2766 791 2926 845 τοῦτο
2962 791 3061 861 μὶν
3088 790 3424 859 ὑπογράφων
3449 791 3580 860 ἡμῖν
3604 788 4029 859 φιλανθρωπίας

2429 885 2632 948 τύπους
2659 885 2756 939 καὶ
2776 886 2875 954 τῆς
2899 883 3037 954 πρὸς
3069 882 3335 953 ἀλλήλους
3357 882 3594 945 εὐνοίας,
3621 882 3708 934 ίνα
3737 881 3886 951 μηδι
3910 882 4026 933 κατ’

2431 977 2607 1030 αὐτῶν
2635 975 2746 1030 τῶν
2773 975 3073 1030 δοκούντων
3128 974 3298 1046 φονᾷν
3327 972 3450 1027 καθ’
3483 972 3672 1044 ἡμῶν,
3702 975 3783 1034 είς
3821 972 4030 1042 θυμοὺς

2431 1052 2742 1140 ἐφερόμεθα
2780 1067 2918 1137 (M),
2949 1068 3046 1121 xui.
3071 1067 3265 1138 όργάς,
3297 1067 3570 1137 καὶάράς.
3596 1067 3840 1121 Ἔπειτα
3867 1067 3929 1119 δὲ
3960 1065 4030 1135 μὴ

2434 1156 2624 1226 στῆναι
2653 1154 2753 1223 μιν
2781 1155 2965 1218 αὐτοῖς
2993 1154 3286 1225 ἐπεύχεται
3312 1156 3413 1225 τὴν
3448 1157 3754 1226 ἁμαρτίαν,
3791 1156 4032 1223 ἱσταμέ-

2435 1262 2545 1308 νοις
2567 1245 2662 1299 τοῦ
2703 1244 2896 1310 κακοῦ,
2932 1247 3028 1299 καὶ⁵
3069 1245 3144 1316 μὴ
3191 1246 3530 1316 πορρωτέρω
3554 1246 3894 1316 φερομένοις
3940 1246 4032 1298 est

2433 1337 2524 1389 τὸν
2554 1337 2717 1390 αὐτὸν
2729 1337 2828 1403 τῆς
2855 1336 3144 1404 ἀσελγείας
3171 1351 3231 1388 τε
3260 1335 3354 1388 καί
3377 1335 3728 1406 παρανομίας
3755 1337 4032 1405 κρημνόν.

2437 1430 2545 1482 Καὶ
2575 1430 2690 1482 ὅσοι
2723 1446 2787 1497 γε
2832 1428 3072 1500 ἔστησαν
3098 1426 3196 1480 τοῦ
3252 1427 3449 1490 κακοῦ,
3476 1429 3578 1481 οὐκ
3611 1429 3822 1497 ἐπέστη
3849 1428 4037 1490 αὐτοῖς

2434 1520 2542 1572 οὐδ’
2575 1521 2610 1589 ἠ
2639 1518 2750 1572 τῶν
2787 1518 3220 1589 ἁμαρτηθέντων
3250 1519 3399 1588 δίκη.
3435 1519 3630 1572 Πολλοὶ
3661 1521 3778 1589 γὰρ
3829 1522 3902 1572 έκ
3932 1520 4038 1572 τῶν

2451 1612 2721 1666 Ἰουδαίων
2736 1613 2797 1665 οὐ
2835 1611 2996 1682 μόνον
3021 1613 3119 1681 τῆς
3151 1611 3484 1683 συγγνώμης
3515 1612 3880 1682 ἀπήλαυσαν,
3906 1611 4038 1665 ἀλλὰ

2438 1705 2534 1756 καὶ
2558 1705 2658 1775 τὴν
2686 1703 2947 1774 ἀλήθειαν
2990 1702 3418 1773 μεταμαθόντες,
3461 1703 4034 1774 προσδεδραμηκότες

759 1807 814 1853 et
843 1800 1062 1868 pietatis
1087 1802 1272 1857 studio
1308 1802 1480 1864 ducti,
1511 1800 1605 1854 ﬁlii
1647 1807 1704 1855 et
1749 1799 1992 1854 hteredes
2031 1797 2182 1869 regni
2221 1813 2338 1854 cte-

2443 1798 2504 1867 τῇ
2540 1795 2812 1866 εὐσεϐείᾳ,
2846 1795 2956 1849 uini.
2983 1797 3078 1850 καὶ
3109 1795 3439 1865 κληρονόμοι
3471 1795 3572 1865 τῆς
3625 1796 3741 1848 τῶν
3781 1795 4038 1865 οὐρανῶν

761 1866 913 1944 testis
940 1901 1252 1947 evaserunt.
1277 1890 1380 1958 Qui
1407 1906 1534 1946 vero
1561 1890 1630 1945 ah
1669 1889 1972 1960 impietatis
2007 1866 2190 1946 studio
2213 1903 2338 1959 pro-

2447 1866 2725 1960 βασιλείας
2763 1890 3190 1959 ἀπεδείχθησαν.
3220 1888 3380 1942 Ὅσοι
3426 1888 3483 1942 δὲ
3531 1890 3629 1960 τῆς
3673 1889 3877 1959 πρόσω
3935 1888 4038 1942 τιίν

761 1983 1009 2038 vehendo
1037 1984 1142 2039 sibi
1167 1999 1275 2040 non
1320 1991 1719 2054 temperarunt,
1748 1984 1843 2040 sed
1873 1981 2050 2038 cades
2091 1981 2336 2036 caedibus

760 2074 1125 2141 cumulantes,
1201 2077 1258 2130 in
1324 2076 1618 2130 maximam
1663 2075 1958 2130 amentiam
2025 2082 2156 2129 sunt
2207 2087 2336 2143 pro-

767 2165 926 2234 lapsi,
967 2166 1050 2220 illl
1093 2169 1314 2236 quidem
1346 2170 1545 2223 merito
1583 2181 1776 2238 poenas
1806 2166 2095 2223 dederunt.
2123 2163 2336 2220 Nihilo-

764 2256 946 2309 minus
977 2265 1158 2310 tamen
1203 2256 1319 2312 haec
1369 2256 1678 2311 Salvatoris
1713 2256 1888 2311 nostri
1937 2255 2180 2325 precatio
2215 2263 2336 2310 rata

762 2345 886 2411 fuit,
930 2362 1034 2403 nec
1059 2362 1228 2418 scopo
1257 2363 1359 2404 suo
1381 2349 1602 2405 excidit.
1633 2347 1768 2403 Novi
1796 2346 2018 2418 quidem
2042 2345 2339 2402 nonnullos

761 2437 928 2492 alium
972 2453 1196 2495 sensum
1236 2439 1384 2495 dicto
1431 2440 1562 2494 huic
1593 2439 1888 2510 subjicere,
1946 2437 2092 2508 quod
2145 2452 2340 2506 nempe

765 2528 865 2592 illi,
896 2530 991 2599 qui
1020 2527 1300 2586 Christum
1329 2530 1744 2599 cruciﬁgebant,
1773 2538 1831 2585 et
1861 2528 2197 2599 perpessioni
2220 2528 2340 2598 ejus

763 2620 1012 2687 aderant,
1041 2635 1152 2676 non
1172 2636 1242 2678 ex
1264 2619 1470 2678 Iudaeis
1489 2621 1714 2686 iuerint,
1741 2622 1835 2677 sed
1865 2621 2097 2676 Romani
2129 2623 2337 2690 potius,

764 2723 897 2767 etex
922 2712 1047 2768 aliis
1066 2712 1322 2784 gentibus
1345 2714 1476 2780 orti,
1503 2729 1627 2769 cum
1650 2712 1822 2770 Judaei
1855 2712 2090 2783 professi
2111 2712 2336 2776 fuerint.

762 2801 1040 2857 Christum
1070 2804 1375 2859 secundum
1416 2803 1593 2874 legem
1624 2818 1782 2859 suam
1807 2804 1950 2858 mori
1981 2804 2205 2870 debere,
2235 2805 2339 2860 sibi

763 2906 891 2948 vero
909 2908 1016 2949 non
1039 2893 1204 2950 licere
1220 2908 1554 2965 quemquam
1575 2892 2153 2965 occidere.Postquam
2173 2897 2338 2950 etiam

761 2984 1044 3041 Christum
1094 2984 1268 3040 Pilato
1318 2985 1697 3050 tradiderunt,
1746 2985 1950 3041 milites
1997 2983 2229 3041 Romani
2285 2995 2342 3042 et

765 3076 1054 3147 gentilium
1088 3075 1184 3130 alii
1217 3091 1433 3141 eorum,
1473 3091 1598 3144 quae
1627 3083 1818 3142 postea
1844 3075 1900 3130 in
1933 3074 2216 3130 Christum
2239 3091 2338 3144 pa-

761 3167 1087 3233 trabantur,
1128 3167 1436 3224 administri
1482 3176 1659 3222 erant.
1702 3167 1840 3222 Cum
1892 3168 2039 3222 enim
2082 3168 2336 3222 Christus

759 3256 1078 3327 prodendus
1097 3266 1266 3322 esset,
1290 3255 1488 3324 Judaei,
1516 3264 1780 3326 tanquam
1808 3253 2072 3312 Romanis
2083 3255 2337 3325 subjecti,

764 3360 865 3401 nec
891 3360 979 3412 ea,
1019 3345 1396 3416 querelleut,
1439 3345 1702 3416 perﬁcere
1730 3345 1998 3412 valentes,
2040 3360 2149 3401 non
2173 3346 2341 3401 aude-

763 3439 898 3493 bant
939 3439 1040 3493 soli
1086 3447 1372 3509 capturam
1404 3437 1524 3505 ejus
1573 3440 1877 3508 suscipere.
1921 3437 2018 3494 sed
2061 3438 2340 3504 cohortem

763 3529 946 3600 potius
967 3539 1022 3585 et
1040 3529 1320 3585 tribunum
1343 3529 1582 3600 aliquem
1608 3530 1712 3586 sibi
1743 3529 2064 3601 jungebant.
2100 3529 2347 3600 Propter-

765 3636 828 3676 ea
856 3620 1124 3678 Dominus
1153 3629 1362 3688 noster,
1398 3620 1561 3677 Jesus
1590 3621 1881 3688 Christus,
1928 3629 2194 3692 tanquam
2237 3622 2343 3678 hu-

769 3713 916 3769 mani
942 3714 1161 3785 generis
1186 3713 1620 3774 amantissimus.
1652 3723 1707 3770 et
1738 3722 2006 3770 creatura:
2034 3729 2150 3769 sua:
2182 3729 2344 3784 pros-

765 3805 995 3875 piciens,
1023 3805 1417 3876 benignitatem
1443 3814 1494 3860 et
1518 3804 1913 3860 humanitatem
1937 3819 2089 3860 suam
2107 3805 2344 3875 quadam

767 3895 1101 3966 precationis
1122 3893 1359 3950 formula
1387 3907 1772 3964 expressurus,
1791 3891 1927 3947 dicit
1953 3908 1967 3946 :
1991 3909 2010 3944 ι
2036 3888 2113 3946 Ne
2134 3899 2344 3945 statuas

769 3985 878 4040 illis
906 3985 1011 4041 hoc
1031 3995 1344 4054 peccatum;
1376 4004 1396 4035 ι
1429 3994 1484 4039 et
1517 3993 1706 4053 postea
1735 3983 1916 4037 addit:
1947 4001 1966 4033 ι
1995 3979 2182 4050 Neque
2199 3981 2342 4036 enim

769 4075 976 4141 sciunt,
1011 4091 1132 4146 quae
1176 4075 1405 4131 faciunt.
1442 4095 1460 4128 ι
1512 4073 1650 4130 Vere
1678 4076 1823 4130 enim
1874 4081 1930 4128 et
1973 4070 2343 4125 Romanorum

771 4179 951 4222 turma
980 4180 1033 4223 et
1053 4170 1285 4239 gentiles
1311 4167 1506 4237 caeteri]
1531 4167 1873 4229 nesciebant.
1909 4166 2041 4236 quid
2079 4165 2342 4220 iacerent.

767 4257 959 4330 Neque
990 4261 1136 4316 enim
1163 4277 1226 4316 ea
1258 4268 1418 4316 erant
1453 4260 1653 4324 edocti,
1694 4275 1816 4329 quae
1845 4259 1931 4313 lex
1973 4267 2026 4313 et
2065 4258 2348 4327 prophetae

770 4352 840 4408 de
873 4367 939 4408 eo
980 4351 1504 4422 prtenuntiaverant.
1536 4350 1799 4406 Precatur
1845 4350 2049 4420 itaque,
2087 4348 2346 4418 inquiunt

768 4441 871 4506 illi,
913 4457 1013 4512 pro
1043 4442 1330 4507 Romanis,
1365 4450 1420 4496 et
1461 4441 1761 4513 gentilibus
1782 4442 2021 4504 caeteris,
2067 4446 2120 4493 et
2159 4453 2343 4507 preca-

2447 1980 2636 2034 κακῶν
2667 1980 2769 2032 οὐκ
2796 1978 3033 2050 ἔστησαν
3063 1981 3258 2049 φορᾶς,
3282 1979 3418 2032 ἀλλά
3446 1979 3765 2049 μιαιφονίας
3796 1980 3898 2032 tu!
3930 1980 4036 2048 (l5)

2451 2073 2786 2142 μιαιφονίαις
2812 2072 3237 2143 προστιθέντες,
3285 2073 3366 2129 είς
3427 2070 3658 2140 ἔσχατον
3728 2070 4036 2136 ἐξώκειλαν

2447 2162 2724 2226 ἀπονοίας,
2750 2157 2895 2217 οὗτοι
2926 2162 3023 2233 μὲν
3047 2162 3273 2226 δικαίως
3303 2163 3400 2233 τῆν
3420 2161 3578 2229 δίκην
3601 2162 3880 2215 ἀπέτισαν
3904 2163 4040 2232 (ιο).

2447 2251 2615 2305 Οὐδὲν
2639 2252 2697 2305 δὲ
2721 2245 2885 2320 ἦττον
2909 2254 2942 2322 ἡ
2971 2251 3065 2304 τοῦ
3092 2251 3348 2320 Σωτῆρος
3374 2252 3510 2321 εὐχὴ
3543 2251 3767 2321 ἔμεινεν
3796 2253 3879 2321 μὴ
3929 2253 4042 2304 δια-

2447 2341 2690 2394 πεσοῦσα
2741 2339 2835 2394 τοῦ
2894 2339 3122 2394 σκοποῦ.
3169 2336 3302 2394 υἷδα
3364 2339 3422 2392 δέ
3481 2357 3636 2403 τινας
3685 2342 3786 2393 καὶ
3845 2341 4044 2410 ἑτέραν

2447 2432 2702 2502 τοιαύτην
2736 2430 3205 2498 ὐποδαλλομένους
3232 2429 3471 2485 διάνοιαν
3503 2429 3583 2500 τῷ
3611 2430 3790 2500 ῥητῷ,
3846 2429 4043 2500 ὅτιπερ

2445 2521 2875 2594 δίσταυροῦντες
2896 2522 2991 2575 τδν
3020 2522 3256 2593 Χριστὸν
3289 2523 3383 2575 καὶ
3416 2522 3686 2593 παρόντες
3727 2520 3812 2590 τῷ
3847 2521 4038 2585 πάθει,

2446 2618 2567 2688 οὐχὶ
2580 2616 2688 2670 τῶν
2717 2615 2984 2669 Ἰουδαίων
2999 2610 3140 2686 ἦσαν
3161 2629 3330 2677 τινες,
3361 2612 3623 2684 Ῥωμαῖοι
3638 2612 3697 2666 δὲ
3718 2612 3933 2683 μᾶλλον
3953 2614 4041 2665 καί

2447 2724 2589 2772 τινες
2612 2707 2672 2772 ἐξ
2697 2707 2898 2775 ἑτέρων
2922 2705 3114 2769 ἐθνῶν,
3135 2703 3246 2757 τῶν
3279 2702 3544 2757 Ἰουδαίων
3560 2702 4041 2773 ἀποφηναμένων,

2447 2801 2522 2863 ὡς
2550 2819 2567 2852 ι
2597 2799 2752 2853 Κατά
2769 2799 2861 2852 τὸν
2876 2798 3041 2868 νόμον
3069 2796 3227 2868 ήμῶν
3251 2797 3457 2864 ὀφείλει
3483 2797 3812 2863 ἀποθανεῖν,
3839 2799 4042 2869 ήμῐνδέ

2447 2892 2547 2944 οὐκ
2576 2891 2785 2955 ἔξεστιν
2817 2889 3008 2942 οὐδένα
3023 2889 3367 2942 ἀποκτείναι.
3398 2906 3417 2939 ι
3449 2883 3582 2943 Εἶτα
3602 2888 3700 2941 καὶ
3718 2887 3803 2958 τῷ
3825 2889 4043 2956 Πιλάτῳ

2448 2982 2908 3054 παραδεδωκότων
2936 2981 3029 3036 τὸν
3052 2979 3289 3050 Χριστὸν
3319 2980 3368 3034 οί
3401 2981 3669 3050 Ῥωμαῖοι
3699 2980 4042 3050 στρατιῶται

2448 3075 2543 3128 καὶ
2594 3073 2704 3128 τῶν
2755 3071 2962 3126 λοιπῶν
3015 3070 3189 3124 έθνῶν
3237 3070 3612 3141 ὐπηρετοΰντο
3669 3070 3869 3125 λοιπὸν
3934 3074 4041 3133 τοῖς

2447 3162 2843 3234 πραττομένοις
2865 3163 3008 3216 κατὰ
3030 3159 3291 3231 Χριστοῦ.
3323 3162 3433 3216 Καὶ
3455 3162 3563 3231 γὰρ
3594 3162 3657 3215 έν
3677 3165 3750 3232 τῇ
3782 3163 4043 3233 προδοσία

2444 3255 2538 3308 τοῦ
2581 3256 2875 3320 Δεσπότου,
2917 3254 3015 3307 au
3069 3253 3135 3323 δή
3187 3253 3451 3325 ὐπόφοροι
3505 3254 3660 3316 ὐντες
3693 3253 3749 3305 oi
3795 3253 4040 3308 Ἰουδαία

2460 3345 2771 3416 Ῥωμαίοις,
2785 3345 2884 3398 καὶ
2906 3345 3008 3398 οὐκ
3028 3343 3150 3408 ὲξδν
3165 3343 3348 3407 αὐτοῖς
3366 3344 3651 3413 πράττειν,
3665 3344 3702 3398 ἀ
3722 3343 4039 3412 ἠϐούλοντο,

2448 3439 2599 3493 αὐτοὶ
2635 3439 2736 3508 μὲν
2761 3435 2904 3491 κατά
2934 3437 3101 3508 μόνας
3129 3437 3230 3490 οὐκ
3260 3435 3505 3506 ἐτόλμων
3530 3438 3799 3507 παρεῖναι
3820 3440 3892 3509 τῇ
3924 3438 4040 3489 συλ-

2445 3530 2628 3601 λήψει,
2677 3530 2776 3599 τὴν
2832 3529 2890 3583 δὲ
2932 3531 3163 3598 σπεῖραν
3207 3528 3303 3582 καὶ
3353 3528 3446 3582 τδν
3514 3529 3808 3599 χιλίαρχον
3859 3532 4042 3592 αὐτοῖς

2447 3619 2896 3690 συνεπφέροντο.
2929 3618 2989 3672 '0
3005 3617 3098 3672 οὖν
3121 3617 3326 3688 Κύριος
3352 3617 3512 3688 ήμῶν
3539 3617 3755 3689 Ἰησοῦς
3780 3619 4039 3691 Χριστὸς.

2445 3716 2474 3767 ὁ
2512 3715 2644 3784 περὶ
2683 3712 2746 3765 τὸ
2778 3710 3121 3782 ἀνθρώπινον
3156 3711 3315 3779 γένος
3368 3711 3783 3782 φιλάνθρωπος,
3822 3713 3923 3766 καὶ
3953 3711 4038 3766 τοῦ

2446 3805 2648 3858 οἰκείου
2671 3801 2990 3872 πλάσματος
3013 3800 3436 3872 προνοούμενος,
3458 3800 3559 3873 τὴν
3583 3801 3855 3872 βούλησιν
3881 3802 4038 3856 αὐτο]

2448 3897 2542 3949 καὶ
2574 3895 2674 3966 τὴν
2704 3893 3115 3964 φιλανθρωπίαν
3144 3895 3226 3956 εἰς
3256 3893 3424 3963 εὐχῆς
3455 3894 3824 3963 σχηματίζων
3849 3895 4037 3950 τύπον.

2447 3987 2632 4057 φησίνο
2671 4005 2690 4037 ι
2724 3985 2815 4055 Μὴ
2841 3987 3046 4057 στήσῃς
3078 3985 3263 4048 αὐτοῖς
3294 3986 3394 4056 τὴν
3438 3985 3719 4056 ἀμαρτίαν
3745 3986 3992 4055 ταύτην·
4018 4004 4032 4034 ι

2447 4073 2587 4141 εἶτα,
2625 4096 2643 4128 ι
2663 4074 2741 4131 Οὐ
2769 4076 2878 4146 γὰρ
2897 4076 3073 4131 οἴδασι
3096 4075 3149 4128 τί
3175 4077 3414 4132 ποιοῦσι.
3442 4096 3461 4128 ι
3499 4075 3589 4146 Τῷ
3615 4077 3736 4131 δντι
3760 4080 3874 4149 γὰρ
3895 4080 3955 4132 τό
3984 4097 4036 4132 τε

2460 4169 2745 4238 Ῥωμαίων
2795 4168 3013 4236 στίφος,
3064 4168 3157 4221 καὶ
3192 4168 3243 4220 οί
3291 4168 3349 4234 ἐξ
3381 4168 3553 4222 ἐθνῶν
3583 4171 3688 4223 οὐκ
3740 4171 3973 4232 οἴδασιν,
4007 4172 4038 4222 ἃ

2447 4260 2796 4331 πράττουσιν.
2822 4260 2957 4314 Οὐδὲ
2978 4259 3087 4330 γάρ
3125 4256 3264 4331 ἦσαν
3294 4263 3882 4331 μεμυσταγωγημένοι
3902 4303 3916 4325 ,
3951 4263 3983 4316 ἀ
4014 4263 4039 4312 ὁ

2449 4352 2610 4421 νόμος
2653 4352 3099 4422 προανεκήρυττε
3142 4351 3238 4404 καὶ
3271 4353 3321 4404 οί
3371 4351 3654 4422 προφῆται
3685 4355 3824 4424 περὶ
3854 4353 4034 4422 αὐτοῦ.

2450 4443 2817 4513 Προσεύχεται
2838 4437 2932 4496 οὖν
2961 4443 3102 4514 ὑπὲρ
3123 4442 3233 4496 τῶν
3285 4442 3595 4514 Ῥωμαίων,
3629 4447 3792 4512 φασὶ,
3828 4446 4038 4498 καὶτῶν

767 4530 934 4589 tionis
968 4531 1134 4602 hujus
1183 4531 1399 4587 fructus
1450 4547 1576 4584 mox
1609 4531 1878 4600 apparuit.
1926 4531 2001 4583 Ita
2039 4531 2186 4583 enim
2221 4529 2338 4596 ipso

2446 4537 2636 4603 ἐθνῶν,
2668 4537 2760 4589 καὶ
2775 4536 2975 4591 αὐτίκα
2999 4519 3096 4606 τῆς
3113 4536 3280 4607 εὐχῆς
3300 4535 3548 4604 φαίνεται
3568 4539 3596 4590 ό
3613 4538 3859 4605 καρπός.
3883 4538 4036 4599 Ἷδοις

765 4625 1134 4696 perpessionis
1148 4633 1389 4696 tempore
1404 4623 1779 4679 centurionem
1796 4624 2002 4688 videas,
2021 4623 2341 4677 cruciﬁxum

766 4717 918 4772 illum
966 4715 1060 4770 Dei
1110 4714 1309 4771 Filium
1360 4714 1633 4787 proﬁteri;
1678 4715 1840 4784 paulo
1884 4723 2002 4783 post
2030 4728 2157 4767 vero
2200 4711 2344 4767 Lon-

765 4808 949 4878 ginum
1001 4806 1176 4871 illum,
1225 4806 1404 4861 virum
1464 4805 1881 4870 admirandum,
1942 4817 2050 4858 non
2102 4802 2342 4873 proﬁteri

766 4899 944 4954 solum
971 4906 1028 4954 et
1063 4900 1294 4954 credere
1331 4898 1388 4953 itt
1427 4897 1736 4963 Christum,
1769 4897 1865 4954 sed
1911 4907 1966 4953 et
2015 4900 2340 4969 martyrium

765 5005 867 5062 pro
912 5006 978 5046 eo
1023 4991 1320 5055 sustinere,
1364 4990 1597 5060 ﬁdeique
1635 5006 1749 5046 suae
1780 4990 2153 5046 sinceritatem
2199 5006 2342 5045 nun-

767 5098 932 5146 quam
972 5085 1348 5138 temerandam
1393 5091 1651 5139 testatam
1698 5083 1902 5138 facere.
1958 5081 2153 5138 Multos
2199 5097 2340 5152 pra:—

768 5184 915 5232 terea
963 5175 1100 5231 alios
1130 5190 1196 5229 ex
1245 5177 1335 5240 iis,
1386 5175 1480 5245 qui
1540 5185 1671 5229 tunc
1709 5183 2005 5244 praesentes
2047 5184 2229 5242 erant,
2280 5177 2335 5230 in

2441 4629 2549 4698 γάρ
2575 4631 2633 4681 έν
2649 4627 2797 4698 αὐτῷ
2814 4627 2892 4697 τῷ
2921 4627 3014 4681 τοῦ
3042 4627 3250 4692 πάθους
3275 4626 3452 4698 καιρῷ
3467 4629 3574 4681 .τδν
3609 4629 4034 4700 ἑκατόνταρχον,

2442 4722 2567 4776 Υἱὸν
2600 4719 2734 4774 Θεοῦ
2778 4719 3161 4790 ἀναϐοήσαντα
3184 4718 3276 4772 τόν
3302 4719 3756 4789 ἐσταυρωμένον,
3787 4723 3882 4775 καὶ
3919 4729 4034 4788 μετ’

2438 4813 2617 4881 ὀλίγον
2652 4811 2916 4879 Δογγίνον
2944 4811 3056 4882 (17)
3092 4812 3321 4875 ἐκεῖνον,
3370 4811 3462 4863 τὸν
3483 4811 3802 4880 θαυμάσιον
3850 4813 4032 4882 ἄνδρας

2440 4902 2541 4954 οὐκ
2599 4902 3080 4972 ἁνομολογήσαντα
3128 4902 3326 4971 μόνον,
3359 4902 3452 4955 καὶ
3495 4905 3916 4956 πεπιστευκότα
3963 4907 4036 4962 εἰς

2448 4993 2704 5065 Χριστὸν,
2738 4993 2877 5047 ἀλλά
2929 4995 3024 5047 καὶ
3075 4993 3374 5064 μαρτυρίου
3420 4993 3624 5064 δρόμον
3676 4994 3826 5065 ύπέρ
3875 4993 4036 5046 αὐτοῦ

2449 5087 2795 5156 ἀνειληφότα,
2831 5087 2928 5140 καὶ
2975 5087 3170 5157 αἵματι
3217 5087 3278 5140 τὸ
3310 5089 3410 5158 τῆς
3450 5087 3690 5151 πίστεως
3745 5088 4036 5156 εἰλικρινὲς

2446 5179 2542 5232 καὶ
2623 5179 3020 5248 ἀπαράτρωτον
3085 5175 3523 5247 ἐπιδεδειγμένον
3555 5194 3568 5207 ο
3643 5181 3744 5231 καὶ

2214 5329 2442 5386 ΝΟΤᾹζ.

841 5476 955 5544 (Mi
994 5475 1175 5530 Malim
1209 5474 1524 5546 φερώμεθα.

844 5546 958 5682 (Ιόζ
992 5547 1304 5614 μιαιφονίας
1339 5545 1455 5609 ἐπί,
1511 5561 1579 5600 ex
1617 5545 1766 5600 Colb.

845 5615 936 5682 (l6
996 5614 1140 5669 Idem
1171 5630 1269 5682 pro
1303 5615 1638 5681 ἀπέστησαν.

878 5614 958 5685 16)
996 5614 1140 5669 Idem
1171 5630 1269 5685 pro
1303 5615 1638 5685 ἀπέστησαν.

870 5683 957 5750 17)
979 5685 1092 5739 Hoc
1130 5683 1350 5740 nomine
1380 5683 1607 5756 Photius
1639 5687 1724 5742 vel
1755 5687 1936 5756 ipsum
1963 5685 2116 5740 illum
2148 5695 2344 5740 centu-

774 5754 986 5808 rionem
1019 5756 1291 5823 intelligit,
1315 5823 1322 5825 Α
1346 5755 1431 5825 vel
1466 5756 1717 5825 militem,
1772 5754 1868 5825 qui
1930 5757 2093 5825 latus
2128 5756 2345 5809 Domini

777 5825 953 5880 nostri
985 5825 1174 5882 lancea
1197 5823 1461 5881 confodit.
1493 5824 1734 5884 Uterauc
1762 5823 1910 5882 enim
1947 5826 2015 5879 ab
2046 5823 2167 5880 aliis
2196 5825 2345 5881 Grae-

2451 5479 2530 5560 cis
2557 5480 2924 5581 scriptori-bus
2945 5479 3403 5581 Aita'app‘ellatur.
3449 5478 3607 5581 Vﬁide,
3666 5496 3794 5581 qua
3839 5483 4030 5550 scripsi

2454 5550 2508 5602 in
2556 5549 2857 5605 his’Curis
2910 5551 2978 5605 ad
3024 5549 3218 5604 Matth.
3262 5567 3429 5614 xxv",
3469 5549 3565 5615 53;
3616 5549 3874 5607 et’Joan.
3924 5549 4027 5613 ω,

2451 5620 2538 5701 .14.
2574 5619 2786 5701 Confer
2832 5621 2961 5701 Α-ςεα
3013 5631 3316 5701 sanctorum
3360 5622 3792 5701 Autuerpiensia
3845 5639 4028 5701 mense

2449 5689 2838 5772 hlartioJAtom.
2865 5689 2931 5753 ll,
2965 5705 3088 5772 pag.
3122 5691 3222 5772 3_81
3268 5707 3411 5772 seq,
3444 5689 3542 5745 ubi
3575 5689 3646 5747 de
3677 5694 4024 5756 centurione,

2449 5769 2506 5813 et
2543 5775 2597 5828 p.
2634 5759 2738 5815 566
2791 5759 3088 5828 seqqfubi
3135 5761 3204 5816 de
3253 5759 3447 5817 utilite.
