4156 6438
141 428 281 496 1161

953 435 1050 495 AD
1072 434 1668 501 AMPHILOCHIUM
1705 440 2051 513 QUIESTIO
2088 441 2361 509 CCCXII,
2416 440 2722 504 CCCXIII.

3278 441 3421 509 1162

134 535 338 601 ἄλλους
390 537 649 609 εὑρήσεις
682 537 790 594 τῶν
827 541 951 595 τότε
997 542 1283 612 παρόντων
1315 548 1415 616 τῆς
1450 546 1711 612 υἱοθεσίας

1826 551 2059 607 ttltorum
2099 550 2193 607 Dei
2221 566 2511 608 numerum
2542 560 2815 623 receptos,
2866 560 3039 625 atque
3074 554 3213 611 adeo
3242 571 3412 630 regno

134 626 483 697 ἠξιωμένους
510 628 648 685 θεοῦ
681 633 779 686 καὶ
805 631 908 703 τῆς
935 632 1159 688 αἰωνίου
1192 634 1269 708 μὴ
1303 636 1727 704 ικπεπτωκότας

137 715 442 786 βασιλείας.

674 812 1009 867 ΕΡΩΤΗΣΙΣ
1042 811 1189 869 TIB’.

134 899 330 956 Πόσοι
348 901 639 973 Ἀστέριοι
675 906 959 975 γεγόνασι
995 905 1096 961 καί
1124 908 1214 975 τίς
1243 910 1282 978 ἠ
1309 908 1459 977 δόξα
1484 913 1683 970 αὐτῶν
1695 933 1715 982 ;

1834 649 2038 697 aeterno
2062 657 2170 699 non
2196 643 2446 714 privatos
2471 643 2772 700 inveneris.

1938 816 2266 889 QUIESTIO
2294 817 2524 875 cccxu
2588 819 2803 893 [Coisl.,
2849 818 3017 877 Taur.
3054 819 3299 894 cxxvt.

1894 910 2041 977 Quot
2061 911 2262 965 Asterii
2290 910 2458 981 fuere,
2490 921 2540 967 et
2570 928 2817 983 quanam
2857 915 3091 982 ipsorum
3123 914 3343 981 opinio?

1103 1018 1246 1072 Edita
1276 1036 1305 1072 a
1336 1022 1391 1074 Β.
1424 1024 1490 1076 de
1522 1026 1831 1079 Montfaucon
1865 1023 2014 1088 (Bibl.
2050 1023 2201 1076 Coisl.
2234 1038 2285 1089 p.
2316 1025 2453 1090 διδ).

214 1091 338 1147 Ὅτι
393 1096 749 1169 συνήκμασαν
788 1099 890 1171 μὲν
949 1101 1220 1173 ’Δστέριοι
1275 1104 1419 1171 δύο..
1448 1107 1478 1163 6
1528 1125 1590 1163 τε
1622 1108 1725 1179 τῆς

149 1180 374 1252 ’Δρείας
422 1184 627 1259 λύσσης
679 1190 1058 1260 ὑπασπιστὴς,
1102 1195 1200 1250 καὶ
1255 1198 1285 1251 6
1328 1198 1439 1253 τῶν
1480 1200 1721 1254 εὐσεϐῶν

134 1271 433 1345 δογμάτων
465 1280 755 1351 τρόφιμος.
796 1285 894 1348 ⁸ος
938 1286 1033 1339 καὶ
1076 1287 1156 1359 τῷ
1190 1288 1416 1361 μεγάλῳ
1446 1290 1547 1362 μιν
1588 1292 1720 1346 ’1ου-

135 1364 310 1437 λιανῷ
337 1370 541 1437 φοιτῶν
560 1374 672 1438 τοῖς
698 1376 1007 1445 μοναδικοίς
1035 1377 1357 1452 ὶγυμνάσθη
1395 1382 1722 1454 ’παλαίσμα-

1902 1106 2103 1162 Eodem
2135 1115 2379 1176 tempore
2406 1106 2645 1164 floruere
2678 1108 2883 1165 Asterii
2922 1109 3071 1175 duo,-
3086 1111 3227 1167 alter
3256 1111 3415 1168 Aria-

1832 1198 1941 1254 nici
1971 1196 2177 1254 furoris
2216 1207 2609 1271 propugnator,
2668 1199 2807 1256 alter
2835 1200 3051 1270 piorum
3094 1202 3411 1273 dogmatum

1819 1290 2103 1352 alumnus,
2126 1288 2363 1359 quicum
2384 1304 2643 1363 magnum
2676 1291 2831 1347 illum
2850 1291 3134 1349 Iulianum
3155 1294 3415 1365 frequens
3450 1326 3452 1328 τ

1830 1386 2024 1450 adiret,
2058 1384 2487 1441 adolescentiam
2531 1400 2791 1442 emensus
2843 1387 2897 1442 in
2946 1388 3251 1445 monastica
3294 1404 3415 1445 sesc

138 1473 253 1523 σιν,
279 1458 362 1513 ἔτι
387 1462 449 1515 τὸ
481 1464 769 1535 μειράκιον
804 1468 1019 1534 διεξιών
1039 1488 1053 1503 ·
1083 1470 1312 1544 ὕστερον
1350 1474 1409 1529 δὲ
1439 1475 1537 1529 καὶ
1562 1475 1711 1546 μονῆς

1826 1476 2073 1547 palaestra
2129 1476 2393 1543 exercuit,
2434 1477 2769 1547 demumque
2820 1480 3043 1534 aseetici
3095 1482 3424 1537 monasterii-

134 1549 451 1622 ἀσκητικῆς
503 1556 875 1629 καθηγήσατο,
926 1552 988 1614 οὗ
1018 1563 1117 1617 καὶ
1168 1564 1420 1636 μαθητὴς
1450 1567 1592 1636 μετά
1636 1570 1711 1623 κα¹

1824 1569 2115 1637 praefectus
2150 1564 2275 1635 fuit,
2309 1566 2471 1636 cujus
2516 1581 2642 1622 cum
2693 1568 2819 1625 aliis
2868 1570 3056 1625 multis
3103 1571 3412 1627 illustribus

133 1640 323 1695 ἄλλων
351 1644 565 1701 πολλῶν
594 1650 882 1721 ἐπισήμων
924 1653 1137 1725 ἀνδρῶν
1168 1657 1540 1728 ἐχρημάτισεν
1575 1661 1604 1713 6
1632 1679 1711 1715 πο

1823 1658 1955 1713 viris
2011 1657 2315 1728 discipulus
2377 1656 2483 1713 fuit
2551 1658 2952 1716 celeberrimus
3020 1661 3112 1717 ille
3176 1661 3411 1717 Aeacius

134 1732 509 1806 λυθρύλλητος
565 1738 822 1807 ’Δκάκιος
866 1744 895 1798 6
944 1745 1194 1818 Βεροίας.
1236 1748 1296 1803 '0
1323 1749 1383 1804 δὲ
1441 1751 1711 1823 ’Δρειανῆς

1824 1748 2051 1806 Bermaa.
2083 1748 2179 1805 Ille
2210 1764 2336 1805 vero
2365 1748 2585 1806 Arianae
2616 1751 2809 1807 haeresi
2836 1752 3111 1820 addictus,
3142 1753 3409 1823 sophisti-

134 1824 411 1932 αἰρέσεως
432 1830 667 1932 ἐραστὴς
694 1837 1016 1905 σοφιστικὴν
1040 1838 1139 1907 μιν
1164 1839 1231 1894 ἐκ
1258 1841 1397 1895 νέων
1420 1844 1711 1915 μετήρχετι

1826 1856 1944 1896 cam
1981 1855 2010 1895 a
2046 1839 2247 1896 teneris
2281 1841 2442 1896 anuis
2482 1850 2655 1897 artem
2704 1843 2899 1909 coluit,
2943 1853 2993 1899 et
3031 1845 3084 1899 in
3122 1846 3407 1915 gentilium

133 1915 358 2008 τέχνην,
408 1918 505 1971 καὶ
549 1922 615 1991 τῇ
640 1922 752 1976 τῶν
798 1922 1063 1995 Ἐλλήνων
1090 1928 1465 2001 ἀνετέθραπτο
1508 1935 1719 2008 πλάνῃο

132 2006 241 2098 δψὲ
268 2009 325 2061 δὲ
346 2010 439 2063 τὸν
464 2012 899 2086 Χριστιανισμδν
930 2019 1362 2092 ὑποκρινόμενος
1389 2026 1471 2090 εἰς
1496 2026 1595 2098 τὴν
1613 2006 1723 2083 των

146 2096 449 2168 ’Δρειανῶν
480 2101 739 2159 ἀπέκλινε
765 2109 980 2179 μοῖραν.
1015 2111 1126 2163 Καὶ
1153 2114 1183 2166 6
1214 2114 1315 2182 μὲν
1342 2114 1498 2188 δίκην
1524 2096 1722 2173 ἔδωκεν

130 2187 198 2239 ὲν
233 2188 530 2262 ’Δντιοχείᾳ
566 2194 666 2263 τῆς
696 2197 998 2254 ἀκολάστου
1029 2201 1282 2275 γλώσσης
1304 2222 1320 2239 ο
1363 2187 1526 2277 ἔργον
1560 2226 1722 2279 γεγο-

132 2279 232 2371 νδς
259 2279 358 2351 τῆς
395 2283 683 2340 Ἰουλιανοῦ
724 2289 819 2342 τοῦ
851 2290 1156 2363 θαυμασίου
1197 2299 1529 2371 προσευχῆς.
1569 2300 1628 2354 '0
1664 2302 1721 2356 δὲ

132 2370 233 2424 τὸν
262 2372 407 2427 ὅσιον
435 2377 517 2440 εἰς
546 2377 644 2449 τὴν
670 2380 792 2434 κατ’
833 2383 999 2438 αὐτοῦ
1027 2384 1244 2443 δικαίαν
1272 2370 1545 2463 τιμωρίαν
1574 2392 1719 2448 διαν-

133 2463 391 2536 έστησεν.
428 2467 652 2541 Ἕτερος
692 2471 785 2528 οὖν
824 2473 888 2528 τὸ
926 2476 1149 2548 θρέμμα
1184 2480 1285 2549 τῆς
1323 2482 1595 2552 όρθοξίας,
1625 2486 1720 2541 καὶ

127 2556 321 2627 ἔτερος
346 2560 375 2613 6
397 2561 495 2631 τῆς
524 2564 733 2635 πλάνης
765 2568 963 2639 κήρυξ.
1001 2570 1143 2623 ’Δλλ’
1182 2572 1294 2626 οὐδ’
1317 2576 1346 2628 6
1376 2576 1477 2645 τὴν
1507 2574 1719 2646 ἐκφρα-

130 2665 224 2701 σιν
247 2650 349 2721 τῆς
383 2652 661 2725 μάρτυρος
690 2659 840 2729 Εύφη
849 2659 977 2730 μίας
1000 2661 1438 2735 ἀναταξάμενος,
1462 2668 1640 2721 κοινόν
1662 2685 1715 2721 τι

131 2740 297 2810 φέρει
326 2742 461 2829 πρὸς
490 2745 581 2798 τὸν
607 2746 706 2818 τῆς
746 2748 1066 2815 δυσσεϐείας
1109 2754 1433 2826 ύπέρμαχον
1459 2773 1472 2787 ·
1502 2758 1718 2829 πρῶτον

133 2832 241 2900 μὲν
272 2833 329 2899 ἐξ
364 2827 440 2889 ὧν
483 2836 677 2892 θᾶττον
712 2841 740 2893 6
768 2842 1033 2914 δυσσεϐὴς
1072 2846 1301 2900 ἀπέτισε
1336 2850 1440 2921 τὴν
1467 2827 1658 2921 δίκην
1689 2854 1718 2907 6

127 2922 244 2993 γάρ
270 2925 369 2994 τῆς
395 2928 693 2999 εἰρημένης
715 2933 924 2997 εἰκόνος
944 2934 1372 3008 λογογραφήσας
1390 2940 1490 3012 τὴν
1510 2940 1719 3014 ἐκφρα-

129 3028 242 3076 σιν,
269 3014 345 3079 ὡς
375 3016 433 3069 εν
463 3035 606 3073 τισιν
653 3020 821 3075 αὑτοῦ
864 3025 974 3077 τῶν
1006 3024 1182 3093 λόγων
1225 3029 1609 3101 διαλαμϐάνει,
1634 3035 1717 3100 εἰς

127 3101 276 3195 βαθῦ
293 3107 466 3175 γῆρας
484 3109 580 3162 τοῦ
602 3109 717 3179 βίου
748 3114 1108 3185 κατήντησεν
1143 3118 1413 3190 δεύτερον,
1441 3123 1471 3175 6
1497 3123 1597 3193 μὲν
1617 3127 1716 3195 τῆς

1828 1944 2015 1985 errore
2041 1929 2307 1985 educatus
2337 1939 2422 1984 est
2449 1948 2462 1984 :
2501 1930 2712 1986 tardius
2744 1946 2873 1988 vero
2922 1932 3406 1991 Christianismum

1826 2021 2118 2086 simulans,
2171 2022 2225 2076 in
2280 2020 2612 2076 Arianorum
2661 2032 2875 2092 partem
2927 2024 3240 2080 declinavit.
3290 2024 3411 2097 Ipse

1828 2126 1959 2167 vero
1984 2111 2055 2166 ob
2085 2110 2417 2182 petulantem
2448 2110 2693 2181 linguam
2740 2127 2935 2182 pcenas
2965 2113 3271 2170 Antiochiae
3308 2115 3406 2170 dc-

1826 2202 1940 2268 dit,
2001 2202 2054 2257 id
2103 2210 2366 2273 operante
2411 2201 2720 2257 admirandi
2769 2202 2973 2258 Iuliani
3028 2205 3277 2261 oratione
3308 2221 3324 2260 :
3354 2218 3409 2261 et

1827 2301 2078 2350 sanctum
2115 2293 2290 2347 virum
2326 2291 2589 2347 excitavit
2616 2290 2686 2346 ad
2714 2290 2926 2362 justum
2962 2295 3289 2365 supplicium
3339 2297 3406 2351 de

1826 2400 1885 2441 se
1917 2384 2269 2441 sumendum.
2304 2382 2460 2438 Alter
2495 2381 2663 2453 igitur
2695 2382 2753 2437 in
2792 2385 3097 2440 orthodoxa
3130 2384 3238 2443 tlde
3267 2386 3404 2442 edu-

1825 2484 1983 2531 catus
2022 2482 2139 2541 est;
2187 2473 2327 2529 alter
2358 2473 2568 2529 erroris
2610 2487 2793 2543 praeco
2834 2474 2958 2530 fuit.
2990 2475 3083 2531 Ille
3117 2492 3279 2546 porro
3309 2479 3405 2548 qui

1824 2569 1892 2622 de
1936 2573 2122 2620 sancta
2156 2573 2393 2635 martyre
2435 2562 2741 2633 Euphemia
2785 2568 3161 2622 narrationem
3211 2570 3401 2633 edidit,

1824 2655 1962 2711 nihil
2015 2669 2308 2711 commune
2359 2668 2484 2709 cum
2533 2653 2828 2723 impietatis
2880 2653 3170 2712 defensore
3219 2658 3400 2713 habet.

1824 2749 2008 2805 Primo
2035 2749 2257 2820 quidem
2298 2748 2559 2818 quoniam
2605 2748 2806 2818 impius
2843 2749 2935 2805 ille
2978 2750 3252 2807 maturius
3283 2768 3401 2821 pa:-

1824 2857 1924 2897 nas
1957 2840 2108 2896 dedit
2150 2858 2163 2895 :
2196 2855 2322 2894 nam
2353 2838 2447 2909 qui
2480 2839 2548 2893 de
2582 2848 2885 2895 memorata
2932 2841 3173 2911 imagine
3209 2857 3402 2897 narra-

1825 2932 2029 2987 tionem
2069 2931 2329 2995 instituit,
2382 2940 2444 2985 ut
2488 2930 2544 2985 in
2573 2930 2813 3001 quadam
2863 2932 2954 2987 ille
3000 2933 3250 2989 oratione
3300 2951 3400 2990 sua

1825 3023 2079 3087 indicat,
2132 3023 2201 3078 ad
2255 3031 2572 3093 provectam
2621 3031 2959 3078 senectutem
3010 3024 3276 3081 devenit:
3315 3041 3403 3082 se.

1822 3115 2025 3177 cundo,
2057 3114 2149 3169 ille
2172 3114 2379 3170 Ariano
2410 3113 2596 3170 furore
2635 3114 2830 3184 plenus
2863 3123 3018 3181 erat;
3059 3116 3146 3170 hic
3172 3130 3303 3171 vero
3344 3116 3399 3170 in

140 3194 433 3290 ’Δρειανῆς
460 3198 669 3270 λύσσης
695 3203 1054 3277 ἐπεπλήρωτο
1078 3223 1092 3239 ο
1123 3200 1283 3273 οὗτος
1307 3212 1364 3265 δὲ
1388 3213 1448 3267 ἑν
1481 3217 1595 3279 τοῖς
1632 3194 1711 3269 οἰ-

1821 3205 2038 3276 scriptis
2084 3204 2200 3260 suis
2248 3206 2611 3261 orthodoxam
2654 3206 2983 3262 sententiam
3026 3221 3139 3276 pra‘.
3179 3222 3239 3263 se
3275 3206 3398 3275 fert,

124 3287 306 3351 κεὶοις
333 3288 514 3358 λόγοις
540 3292 612 3346 τά
638 3293 746 3347 τῶν
770 3294 1071 3367 ὁρθοδόξων
1110 3299 1453 3370 δογματίζει,
1489 3306 1592 3358 ούκ
1620 3309 1712 3362 ἐκ-

128 3376 369 3445 μιόντων
396 3378 459 3451 [1.
504 3382 569 3435 hc
617 3383 694 3455 μὴ
718 3384 913 3459 ὄντων]
940 3388 1034 3441 τὸν
1082 3389 1213 3444 Υίδν
1264 3393 1361 3446 καὶ
1394 3393 1571 3463 Λόγον
1614 3399 1712 3451 τοῦ

121 3465 273 3518 θεοῦ
298 3466 374 3529 ὡς
404 3470 433 3521 6
453 3470 713 3540 μεμηνὼς
737 3473 911 3545 δυσφη
920 3476 1038 3545 μῶν
1069 3476 1371 3551 Ἀστίριος,
1393 3482 1480 3536 ἀεὶ
1504 3484 1561 3536 δὲ
1583 3484 1711 3540 ὄντα

124 3554 401 3624 θεολογῶν
435 3558 533 3611 καὶ
562 3560 651 3613 ἀεὶ
682 3562 912 3617 συνόντα
942 3563 1023 3634 τῷ
1064 3567 1266 3638 Πατρι.
1292 3569 1508 3640 Τρίτον,
1556 3574 1585 3626 6
1618 3576 1717 3645 μὲν

124 3645 409 3736 αἰρετικδς
456 3648 732 3721 ’Δστὲριος
774 3652 836 3706 ού
883 3654 984 3724 τῆς
1028 3656 1348 3727 ’Δμασείας,
1385 3662 1504 3715 ἀλλ’
1547 3664 1716 3736 ἄλλης

122 3735 279 3827 τινὸς
302 3736 508 3801 πόλεως
554 3740 963 3815 πλησιαζούσης
984 3748 1052 3817 τῇ
1086 3747 1382 3820 Ἀντιόχου,
1405 3753 1596 3822 μισθὸν
1616 3735 1714 3827 τῆς

123 3826 393 3920 ἀσεϐείας
426 3830 576 3902 παρά
613 3831 729 3887 τῶν
776 3841 1218 3908 συναιρεσιωτῶν
1254 3843 1353 3914 τὴν
1405 3826 1714 3920 ἐπισκοπὴν

123 3914 385 4012 είληφεν·
416 3917 546 4012 ἑξῆς
596 3925 689 3975 καὶ
719 3926 1062 3998 μετάκλητος
1112 3931 1170 3983 ὲν
1210 3932 1511 4007 Ἀντιοχείᾳ
1559 3914 1711 4012 παρ-ά

123 4006 245 4096 τῶν
285 4010 605 4080 ὁμοφρόνων
636 4015 877 4083 γεγονὼς
923 4020 1016 4072 ἐπὶ
1046 4024 1337 4096 συμμαχία
1383 4006 1711 4082 τοῦίδυσσε-

122 4095 399 4191 ϐήματος,
420 4103 538 4165 ταῖς
564 4102 660 4156 τοῦ
684 4105 988 4177 θαυμασίου
1032 4095 1322 4169 Ἰουλιανοῦ
1356 4124 1708 4191 προσευχαῖς,

121 4189 210 4252 ὡς
257 4193 612 4263 προείρηται,
645 4196 739 4251 τὸν
777 4199 893 4268 βίον
920 4202 1120 4268 ἀθλίως
1153 4207 1547 4281 κατέστρεψεν.
1589 4189 1713 4268 Ἐπὶ

120 4282 342 4347 τούτοις
367 4285 397 4338 6
439 4284 541 4355 μὲν
562 4286 800 4344 διδάσκει
820 4291 881 4344 τὸ
910 4293 1181 4364 ποίμνιον,
1223 4300 1320 4352 καὶ
1343 4301 1711 4371 φιλοπονεὴαι

122 4374 267 4463 sapt
281 4373 391 4429 τῶν
429 4377 662 4447 ἀρετῶν,
693 4382 914 4452 ἀπάσης
948 4385 1221 4444 δείκνυται
1271 4390 1565 4463 θεαρέστου
1613 4413 1712 4450 πο-

117 4460 335 4555 λιτείας
358 4466 702 4537 καταγώγιον
725 4486 743 4503 ·
770 4473 801 4526 6
840 4473 898 4527 δὲ
944 4476 1096 4530 οὐδὲν
1124 4460 1383 4535 τοιοῦτον
1417 4484 1559 4555 ιχων
1588 4489 1709 4540 ἑπι-

118 4550 481 4623 γινώσκεται.

661 4655 998 4711 ΕΡΩΤΗΣΙΣ
1019 4660 1163 4715 TII'".

412 4744 552 4814 Περί
574 4746 681 4801 τοῦ
724 4749 1040 4803 Ἰακὼϐκαί
1076 4751 1185 4819 τῆς
1217 4756 1416 4822 Λείας.

1730 4559 1783 4619 D

1819 3310 2012 3365 nempe
2053 3294 2251 3352 Filium
2301 3307 2359 3354 et
2405 3294 2639 3352 Verbum
2692 3296 2785 3351 Dei
2839 3312 2951 3352 non
2999 3311 3124 3353 esse
3169 3314 3236 3354 ex
3290 3315 3399 3353 non

1817 3386 2186 3453 exstantibus,
2224 3395 2281 3441 ut
2333 3385 2576 3443 furiosus
2623 3386 2714 3443 ille
2744 3388 2998 3445 Asterius
3047 3390 3214 3459 impie
3243 3390 3395 3447 dice-

1817 3477 1940 3543 bat;
1973 3479 2067 3533 sed
2110 3493 2326 3548 semper
2352 3492 2497 3543 esse,
2530 3488 2585 3532 et
2615 3492 2834 3548 semper
2875 3477 3025 3533 Patri
3056 3480 3397 3535 coexsistere

1819 3568 2124 3639 theologice
2152 3568 2388 3625 alilrmat
2420 3588 2434 3624 :
2472 3570 2654 3634 tertio,
2686 3570 2978 3625 haereticus
3002 3570 3091 3625 ille
3122 3571 3395 3633 Asterius.

1818 3674 1926 3713 non
1955 3659 2223 3725 Amasear,
2260 3661 2355 3716 sed
2398 3660 2624 3716 alterius
2650 3674 2822 3731 prope
2850 3660 3206 3717 Antiochiam
3242 3663 3394 3719 urbis

1814 3753 2190 3823 episcopatum
2225 3767 2256 3806 a
2292 3753 2460 3807 sociis
2504 3752 2621 3808 suis
2670 3752 2944 3809 haereticis
2986 3753 3042 3808 in
3087 3754 3395 3810 mercedem

1815 3844 2110 3914 impietatis
2167 3848 2397 3915 accepit.
2447 3845 2655 3901 Deinde
2702 3846 3007 3902 accersitus
3056 3848 3127 3901 ab
3171 3846 3396 3901 asseclis

1815 3934 2183 3997 Antiochiam,
2242 3944 2303 3990 ut
2370 3935 2708 4005 impietatem
2758 3950 2945 3993 secum
2999 3946 3391 4006 propugnaret,

1814 4028 2118 4082 admirandi
2148 4024 2349 4082 Iuliani
2393 4028 2669 4096 precibus,
2717 4036 2780 4082 ut
2826 4042 2997 4093 supra
3036 4030 3242 4083 dictum
3287 4038 3390 4095 est,

1815 4118 1977 4171 vitam
2028 4118 2230 4172 misere
2277 4117 2497 4173 clausit.
2545 4118 2627 4171 Ad
2664 4119 2779 4173 haec
2834 4133 2983 4184 vero,
3045 4119 3132 4173 ille
3171 4134 3392 4191 gregem

1813 4210 1992 4272 docet,
2022 4208 2091 4263 de
2118 4208 2413 4263 virtutibus
2446 4209 2860 4265 lucubrationes
2883 4209 3071 4273 edidit,
3106 4210 3395 4280 omnisque

1813 4301 1938 4354 vitae
1965 4298 2136 4369 probe
2165 4298 2515 4354 instituenda:
2544 4299 2788 4354 methodi
2821 4301 3228 4369 receptaculum
3268 4309 3386 4355 est:

1812 4392 1916 4447 iste
1953 4406 2082 4446 vero
2120 4390 2254 4445 nihil
2293 4389 2606 4459 huiusmodi
2644 4390 2906 4446 habuisse
2938 4391 3385 4461 deprehenditur.

1913 4664 2238 4733 QUESTIO
2278 4665 2523 4722 CCCXIII
2563 4665 2753 4738 [CoisL
2788 4668 2951 4722 Tnut'.
2995 4670 3253 4743 CXXVI].

2336 4756 2413 4811 De
2438 4757 2602 4812 Iacob
2629 4771 2678 4813 ει
2704 4758 2855 4814 Leia.

724 4833 866 4885 Edita
886 4848 913 4884 a
945 4836 1070 4887 Italo
1092 4839 1243 4902 (Nov.
1268 4842 1393 4893 σου.
1421 4850 1459 4893 t.
1492 4844 1574 4905 IX,
1607 4859 1654 4908 p.
1683 4848 1987 4910 157,138,q.
2010 4848 2101 4897 515
2120 4854 2174 4897 et
2202 4847 2389 4897 ultima.
2424 4852 2479 4899 In
2512 4850 2635 4901 Gen.
2674 4852 2831 4913 xxix).

199 4905 317 4966 ὀτι
351 4921 453 4981 μιν
484 4912 622 4981 μετά
651 4914 944 4981 ἑπταετίαν
980 4918 1010 4970 6
1044 4917 1239 4973 Ἰακὼϐ
1266 4923 1365 4993 τὴν
1388 4923 1557 4982 Λείαν
1583 4905 1707 4983 ἀντί

108 5003 223 5073 τῆς
257 5002 459 5073 Ῥαχὴλ
499 5006 579 5067 είς
613 5007 846 5073 γυναῖκα
883 5008 1187 5080 παρέλαϐε,
1218 5011 1379 5082 δῆλον
1422 5018 1457 5089 ὴ
1512 5018 1702 5092 Γραφὴ

111 5094 285 5147 ποιεῖ·
322 5094 419 5147 καὶ
458 5094 540 5147 ὅτι
585 5096 706 5149 ἀντὶ
764 5096 1009 5164 δουλείας
1036 5100 1226 5173 ἀλλης,
1266 5106 1409 5161 ἑπτὰ
1465 5109 1559 5163 καὶ
1598 5113 1696 5163 αύ-

109 5181 220 5253 τῆς
238 5181 332 5253 ιτη
355 5187 845 5259 παρατεινομένης,
873 5189 976 5261 τὴν
1003 5191 1207 5265 Ῥαχὴλ
1227 5196 1488 5266 ἠγάγετο,
1520 5200 1614 5253 καί
1629 5203 1693 5256 ὲκ

1869 4930 2029 4997 Quod
2104 4940 2229 5001 post
2314 4932 2712 4990 hebdomadem
2796 4952 3065 4992 annorum
3149 4938 3388 4999 Jacobus

1799 5020 1983 5076 Leiam
2025 5037 2126 5092 pro
2180 5023 2386 5079 Rachel
2439 5040 2663 5081 uxorem
2724 5030 3049 5097 sumpserit,
3105 5030 3387 5102 Scriptura

1797 5121 2059 5180 testatur;
2112 5115 2369 5186 quodque
2447 5124 2572 5186 post
2630 5118 2794 5173 alium
2865 5120 2998 5177 item
3047 5136 3385 5191 perseptem

1792 5216 1968 5258 annos
2044 5202 2373 5261 famulitium
2445 5204 2738 5262 Rachelem
2797 5209 3017 5266 duxerit
3073 5227 3142 5267 ex
3190 5215 3383 5269 eadem

110 5271 311 5325 τούτου
341 5272 528 5341 σαφῶς
554 5274 794 5331 διδάσκει
833 5293 848 5308 ο
879 5280 926 5331 εί
954 5279 1010 5334 δὲ
1032 5282 1404 5355 ὑποσχόμενος
1434 5288 1533 5360 τὴν
1568 5290 1691 5345 δου-

1815 5296 2139 5366 perspicuum
2198 5306 2303 5352 est.
2382 5298 2576 5354 Utrum
2614 5314 2743 5354 vero
2808 5302 2995 5356 statim
3049 5313 3170 5373 post
3223 5306 3384 5375 polli-

112 5363 275 5417 λείαν
300 5363 463 5430 εὐθὺς
495 5365 714 5435 ἐλαϐεν,
762 5370 796 5441 ὴ
828 5371 923 5425 καὶ
957 5373 1096 5444 μετά
1130 5375 1190 5429 τὸ
1214 5377 1445 5435 διελθεῖν
1488 5382 1694 5454 ταύτην

109 5454 519 5526 ὅλην,ὔστερον
559 5459 817 5529 ὴγάγετο,
840 5462 939 5517 οὐκ
980 5464 1440 5537 ἀντιπαραδίδωσι
1486 5476 1691 5545 σαφῶς,

108 5545 239 5601 ἀλλ’
261 5546 555 5617 ἀμφίδοξον
596 5552 723 5604 ὅσον
761 5552 869 5607 ἀπὸ
907 5553 1018 5608 τῶν
1063 5558 1325 5628 ῥημάτων
1358 5564 1642 5622 ὑπολείπει
1676 5586 1690 5602 -

110 5636 352 5706 ¹πότερον
378 5638 751 5710 ὑποσχόμενος
782 5645 880 5714 τὴν
906 5645 1151 5702 δουλείαν
1188 5649 1351 5716 εὐθὺς
1376 5654 1471 5708 τὸν
1504 5659 1695 5727 μισθὸν

106 5730 217 5798 τῆς
262 5727 461 5801 Ῥαχὴλ
487 5731 754 5805 ἔλαϐεν,ἢ
785 5738 923 5807 μετά
943 5738 1041 5810 τὴν
1070 5740 1180 5795 τῶν
1213 5743 1391 5799 πόνων
1429 5748 1688 5819 ἐπίδειξιν

105 5820 322 5891 καὶτῆς
335 5821 678 5894 ὑποσχέσεως
691 5828 788 5899 τὴν
804 5831 1212 5905 συμπλήρωσιν,
1233 5839 1369 5906 μετά
1384 5840 1538 5897 τοῦτο
1554 5846 1689 5916 πρὸς

1792 5386 1960 5441 citum
2018 5386 2349 5445 famulitium
2417 5406 2644 5447 uxorem
2721 5380 3053 5465 sumpserit,
3116 5411 3184 5451 an
3259 5411 3383 5467 post

1792 5480 2125 5537 famulitium
2199 5484 2592 5554 adimpletum,
2649 5502 2759 5543 non
2797 5490 3064 5557 liquidum
3120 5501 3224 5557 est,
3284 5495 3380 5549 sed

1794 5584 2061 5642 quantum
2114 5590 2181 5630 ex
2232 5577 2415 5633 verbis
2461 5579 2802 5650 ambiguum.
2862 5581 3056 5637 Utrum
3110 5594 3265 5653 pacta
3311 5586 3379 5642 de

1794 5663 2066 5719 famulitio
2095 5665 2222 5734 fide,
2256 5669 2565 5725 mercedem
2602 5670 2896 5727 Rachelem
2943 5676 3233 5743 acceperit,
3278 5692 3373 5740 an,

1800 5766 1993 5811 exacto
2021 5757 2207 5813 labore
2236 5768 2291 5814 et
2312 5762 2578 5817 absolutis
2622 5765 2909 5833 promissis
2932 5807 2945 5829 ,
3023 5768 3372 5824 matrimonio

1804 5862 1925 5904 cam
1949 5848 2056 5906 sibi
2084 5851 2357 5919 iunxerit,
2396 5867 2463 5911 cx
2509 5856 2688 5911 verbis
2724 5856 2867 5913 inter
2928 5869 3214 5930 utramque
3244 5875 3371 5915 sen-
