4156 6438
774 390 904 452 1163

1963 389 2210 451 PIIO'I-‘II
2250 383 2748 446 PATRIARCH/E
2780 383 2889 445 CP.

3890 372 4014 441 1161

767 499 992 553 tentiam
1027 511 1179 551 mens
1209 496 1371 552 dubia
1405 495 1648 551 ﬂuctuat.
1703 496 1963 560 Quaedam
2022 501 2336 563 argumenta

2442 490 2614 559 γάμον
2626 490 2866 557 ἠγάγετο
2881 505 2894 518 ·
2916 486 3029 541 ἀλλ’
3047 486 3156 540 ἁπδ
3174 487 3273 555 μὲν
3298 486 3392 539 τοῦ
3409 487 3574 557 ῥητοῦ
3600 487 3733 552 πρὸς
3749 487 3972 552 ἑκάτερ’
3990 505 4014 533 ν

766 587 836 643 ad
879 588 931 641 id
987 587 1270 653 inclinant,
1324 588 1472 657 quod
1528 598 1683 656 pacta
1737 588 1838 641 lide
1890 587 2072 642 Statim
2131 585 2338 639 sociam

768 677 1006 733 Iacobus
1059 677 1324 748 virginem
1375 680 1666 748 acceperit.
1732 676 1928 732 Verum
1994 677 2039 730 si
2085 676 2340 745 'pcractis

770 780 977 836 septem
1009 769 1168 823 annis
1211 784 1331 822 eam
1381 770 1648 834 duxisset,
1697 767 1865 823 Jacob
1912 768 2185 822 videretur
2234 782 2341 820 non

769 855 948 908 solum
994 855 1152 909 annis
1191 855 1381 922 viginti
1435 856 1576 924 apud
1610 853 1815 920 Lalian,
1852 863 1910 907 ut
1951 855 2211 921 scriptum
2237 861 2340 914 est,

769 954 1161 1011 commoratus,
1197 944 1290 997 sed
1320 945 1488 997 multo
1517 943 1742 998 diutius.
1772 941 1906 996 Nam
1929 944 1973 998 si
1995 953 2115 1012 post
2139 951 2342 1010 septem

770 1050 945 1092 annos
971 1035 1264 1089 Rachelem
1295 1035 1398 1089 sibi
1423 1036 1629 1104 junxit,
1657 1035 1804 1088 aliud
1827 1035 2056 1103 spatium
2085 1032 2343 1100 temporis

767 1126 1013 1196 elapsum
1046 1135 1129 1182 est
1161 1127 1213 1180 in
1243 1142 1352 1196 quo
1380 1141 1478 1181 sua
1515 1128 1565 1181 ei
1595 1127 1857 1182 sterilitas
1890 1125 2212 1195 exprobrata
2237 1131 2339 1187 est,

771 1217 1101 1286 ancillasque
1121 1214 1324 1271 Iacobo
1342 1217 1407 1270 ad
1429 1216 1636 1271 sobolis
1647 1215 2074 1285 procreationem
2095 1213 2342 1284 przebuit,

774 1307 986 1379 illeque
1069 1317 1354 1376 postquam
1408 1306 1462 1360 in
1513 1306 1639 1364 sinu
1686 1306 2092 1374 concepissent,
2149 1318 2347 1373 pueros

776 1408 1102 1468 genuerunt.
1155 1399 1275 1464 Quo
1301 1407 1542 1468 tempore
1565 1407 1784 1468 peracto
1831 1398 1974 1452 aliud
2034 1397 2242 1452 exstitit
2291 1398 2342 1449 in

775 1505 885 1559 quo
952 1490 1204 1554 Rachel,
1261 1490 1561 1544 sterilitatis
1617 1497 1840 1558 purgata
1891 1488 2344 1557 exprobratione,

773 1580 963 1648 genuit
988 1577 1308 1648 Joseplmm.
1354 1579 1598 1649 Denique
1629 1589 1750 1649 post
1776 1588 1989 1648 partum
2021 1577 2344 1646 .Iosephum,

776 1683 868 1722 sex
904 1682 1081 1722 annos
1113 1667 1354 1722 declarat
1390 1667 1668 1739 Scriptura
1699 1685 1792 1738 per
1821 1684 1959 1738 quos
1986 1667 2227 1723 Jacobus
2253 1683 2348 1735 pro

773 1767 929 1826 pacta
959 1759 1144 1814 ovium
1193 1759 1442 1814 mercede
1486 1760 1704 1815 Labano
1729 1760 2023 1814 famulatus
2065 1768 2183 1824 est;
2236 1759 2348 1811 haec

2447 579 2727 648 μερίζεται
2756 580 2788 646 ἡ
2814 576 3040 630 διάνοια·
3064 576 3312 644 λογισμοὶ
3330 576 3386 628 δέ
3422 592 3566 636 τινες
3587 574 3791 643 μᾶλλον
3824 572 4012 642 {iam

2441 668 2533 719 τὸν
2561 667 2683 718 νοῦν
2701 664 3155 728 ὑποτίθενται,ώς
3184 665 3321 732 μετὰ
3350 664 3445 734 τὴν
3468 664 3759 732 ὑπόσχεσιν
3774 666 3861 724 εἰς
3894 664 4013 729 ὁμι-

2442 755 2560 808 λίαν
2587 755 2748 816 εὐθὺς
2763 755 2824 806 τὸ
2844 754 3065 821 γύναιον
3085 752 3477 822 προσελάϐετοο
3509 754 3629 804 ἐπεὶ
3657 753 3709 804 εί
3732 752 3883 820 μετὰ
3920 753 4012 817 τὴν

2444 845 2837 912 συμπλήρωσιν
2851 843 2951 912 τῆς
2968 842 3256 904 ἑπταετίας
3268 841 3472 909 ταύτην
3487 842 3745 910 ἠγάγετο,
3764 842 3833 893 οὐ
3857 841 4014 908 μόνον

2443 932 2614 984 εἰκοσι
2637 932 2730 1001 ἔτη
2763 933 2821 984 ὲν
2845 934 2910 1002 τῇ
2934 929 3028 984 τοῦ
3055 929 3242 984 Λάϐαν
3257 930 3404 1001 οἰκίᾳ
3429 931 3458 982 ό
3502 931 3719 997 Ἰακὼϐ,
3739 930 3820 993 ὡς
3857 930 4014 991 αὐτός

2445 1039 2599 1091 φησι,
2626 1021 2910 1092 διατρίψας
2934 1019 3202 1089 φαίνεται,
3227 1020 3365 1073 ἀλλὰ
3385 1021 3482 1074 καὶ
3501 1023 3707 1075 τούτων
3737 1022 3971 1072 πλείονα
4002 1038 4013 1047 ·

2443 1114 2491 1164 εἰ
2543 1111 2649 1182 γὰρ
2673 1111 2812 1180 μετὰ
2837 1112 3489 1182 τεσσαρεσκαιδεκαετίαν
3511 1113 3612 1180 τὴν
3646 1111 3859 1181 Ῥαχὴλ
3881 1113 4014 1178 ἠγα-

2444 1219 2594 1270 γετο,
2644 1202 2835 1273 χρόνος
2878 1201 3095 1265 πάντως
3136 1201 3324 1272 ἔτερος
3367 1201 3692 1271 διεληλύθει,
3750 1204 3810 1254 ιν
3862 1193 3912 1267 ᾧ
3967 1216 4020 1251 τε

2447 1295 2480 1363 ἡ
2524 1293 2809 1364 στείρωσις
2868 1291 3040 1360 αὐτῆς
3089 1292 3424 1362 διηλέγχετο,
3462 1294 3558 1347 καὶ⁵
3581 1294 3640 1344 ἐν
3691 1284 3738 1358 ᾧ
3769 1291 3879 1352 τὰς
3899 1308 4020 1341 παιο

2446 1383 2632 1444 δίσκας
2655 1383 2736 1444 είς
2772 1381 3114 1436 παιδοποιίαν
3133 1381 3208 1452 τῷ
3240 1381 3436 1435 Ἰακὼϐ
3459 1382 3778 1451 παρείχετο,
3795 1383 3864 1434 ιν
3893 1374 3940 1446 ᾧ
3965 1397 4021 1432 τε

2448 1473 2656 1548 ἐκεῖναι
2677 1471 2823 1531 κατὰ
2850 1471 3086 1541 γαστρὸς
3132 1471 3394 1524 λαϐοῦσαι
3431 1472 3559 1535 τοὺς
3603 1472 3800 1535 παῖδας
3835 1473 4023 1527 ἀπέτι-

2449 1579 2595 1623 κτον,
2635 1563 2731 1614 καὶ
2776 1562 2915 1632 μετὰ
2946 1562 3134 1616 τοῦτον
3156 1562 3340 1632 ἕτερος
3391 1565 3449 1616 ὲν
3507 1556 3550 1629 ᾧ
3579 1564 3613 1634 η
3652 1561 3862 1633 Ῥαχὴλ
3919 1561 4023 1614 τῶν

2446 1651 2768 1721 ὀνειδισμῶν
2800 1652 3144 1722 ἀπολυομένη
3167 1652 3268 1721 τῆς
3296 1651 3658 1722 στειρώσεως,
3688 1651 3781 1704 τδν
3823 1652 4023 1718 Ἰωσὴφ

2449 1740 2785 1794 ἐτεκνώσατο
2815 1757 2832 1773 ·
2856 1736 2976 1796 εἷτα
3009 1742 3148 1810 μετὰ
3177 1742 3268 1794 τὸν
3303 1741 3462 1794 τόκον
3483 1740 3580 1793 τοῦ
3623 1741 3827 1810 Ἰωσὴφ
3859 1741 4024 1808 lupa

775 1858 1016 1918 tempora
1066 1866 1174 1905 non
1211 1851 1398 1920 viginti
1443 1866 1617 1906 annos
1660 1851 1836 1906 solum
1877 1851 2331 1920 complectuntur.

2442 1827 2497 1893 ἐξ
2517 1831 2938 1900 ἐπισημαίνεται
2970 1833 3004 1900 ἡ
3027 1831 3217 1901 Γραφὴ
3239 1831 3333 1883 ἐπὶ
3365 1831 3540 1901 μισθῷ
3568 1830 3871 1900 προϐάτων
3904 1831 4026 1884 δου-

771 1937 1016 2010 Namque
1051 1941 1172 1997 istis
1217 1943 1556 2011 temporibus
1586 1943 1632 1997 si
1663 1943 1927 2012 adieceris
1969 1942 2097 1996 illud
2135 1941 2190 1994 in
2233 1955 2340 2009 quo

771 2029 973 2086 sterilis
1001 2029 1103 2086 fuit
1151 2029 1391 2096 Rachel,
1447 2039 1502 2087 et
1556 2033 1610 2086 in
1657 2048 1766 2101 quo
1803 2042 2106 2103 genuerunt
2141 2043 2339 2100 pueros

770 2121 1001 2185 ancillae,
1031 2123 1265 2191 spatium
1297 2122 1467 2176 multo
1484 2121 1698 2192 longius
1733 2123 2021 2192 colligitur.
2055 2122 2187 2187 Quae
2212 2136 2339 2175 vero

771 2225 980 2266 merces
1007 2210 1211 2267 Iacobo
1244 2212 1385 2267 inter
1425 2214 1840 2282 quatuordecim
1919 2223 1974 2266 et
2023 2228 2117 2267 sex
2164 2227 2338 2266 annos

768 2300 1033 2357 famulata
1086 2302 1428 2358 decernitur?
1472 2317 1595 2356 cum
1647 2304 1794 2357 nullo
1847 2304 2108 2372 temporis
2161 2303 2339 2373 spatio

767 2391 1019 2446 videatur
1069 2391 1238 2448 Iacob
1281 2393 1616 2448 famulitium
1660 2395 1780 2449 sine
1824 2395 2073 2449 mercede
2125 2395 2336 2449 tulisse.

765 2479 981 2535 Etenim
1010 2481 1068 2535 in
1093 2481 1266 2550 prima
1304 2497 1573 2536 annorum
1602 2482 1954 2549 hebdomade,
1985 2500 2083 2554 pro
2117 2484 2335 2550 Rachel,

764 2585 979 2626 merces
1005 2571 1058 2626 ei
1101 2570 1262 2638 Leia;
1315 2588 1414 2641 pro
1460 2574 1697 2628 secunda
1725 2575 2057 2632 hebdomade
2113 2577 2335 2639 Rachel.

764 2673 975 2729 proque
1017 2675 1113 2716 sex
1157 2662 1279 2716 aliis
1318 2664 1478 2720 annis
1539 2666 1642 2719 sibi
1682 2676 1962 2736 comparat
2008 2682 2156 2722 oves.
2196 2667 2339 2734 Quid

765 2748 933 2817 igitur
957 2765 1056 2820 pro
1075 2750 1261 2821 elapso
1289 2753 1430 2808 inter
1451 2755 1870 2824 quatuordecim
1921 2765 1976 2811 et
1997 2772 2088 2812 sex
2119 2758 2338 2814 ultimos

765 2852 942 2897 annos
973 2841 1192 2909 spatio?
1241 2841 1372 2908 Qua:
1401 2843 1509 2899 alia
1543 2860 1755 2901 merces
1801 2846 2112 2915 detegitur?
2161 2848 2339 2917 Opor-

765 2937 902 2983 teret
923 2929 1092 2994 enim,
1125 2931 1172 2985 si
1196 2930 1432 2994 Iacobus
1465 2936 1878 3004 quatuordecim
1911 2939 2069 2993 annis
2107 2940 2338 3008 peractis

765 3014 1056 3074 Rachelem
1087 3020 1192 3076 sibi
1218 3023 1589 3090 adjunxisset,
1619 3035 1673 3081 et
1701 3026 1921 3092 Rachel,
1951 3030 2184 3097 primum
2224 3037 2336 3084 ste-

764 3112 905 3178 rilis,
955 3113 1150 3168 deinde
1172 3117 1510 3184 peperisset,
1552 3118 1660 3173 alio
1699 3127 1939 3188 tempore
1990 3132 2334 3192 consumpto,

2448 1921 2634 1974 λεῦσαι
2661 1923 2752 1974 τὸν
2789 1921 2984 1975 Ἰακὼϐ
3015 1922 3093 1993 τῷ
3119 1924 3327 1980 Λάϐαν.
3361 1924 3484 1992 οὐχὶ
3515 1925 3654 1993 μόνα
3687 1923 3872 1976 εἰκοσι
3897 1940 4022 1986 συγο

2447 2011 2836 2080 κεφαλαιοῦται
2868 2029 2883 2042 ⁸
2914 2012 3049 2066 ἀλλὰ
3079 2015 3174 2066 καὶ
3204 2016 3316 2076 τοῖς
3339 2015 3548 2083 χρόνοις
3567 2015 3782 2076 τούτοις
3816 2015 4021 2081 μεταξὺ

2447 2100 2873 2169 προστιθεμένου
2900 2101 3021 2154 καθ’
3046 2103 3105 2155 ὃν
3149 2119 3210 2154 τε
3230 2090 3233 2091 ν
3255 2103 3593 2174 ὲστείρευσεν
3622 2105 3655 2173 ἡ
3691 2103 3902 2174 Ῥαχὴλ
3934 2106 4024 2155 καὶ

2448 2190 2568 2242 καθ’
2599 2189 2658 2242 δν
2685 2191 2741 2242 al
2771 2191 3054 2244 παιδίσκαι
3085 2190 3315 2258 ἔτικτον,
3348 2192 3554 2246 πλέονό
3572 2193 3765 2263 χρόνος
3789 2195 4021 2260 συνάγε-

2444 2298 2532 2333 ται
2563 2298 2576 2313 ο
2608 2283 2694 2344 τίς
2721 2282 2778 2334 δὲ
2805 2283 2900 2335 καὶ
2930 2281 3123 2352 μισθὸς
3155 2283 3347 2336 τούτου
3372 2284 3434 2336 τὸ
3469 2285 3673 2354 μεταξὺ
3710 2284 3825 2337 τῶν
3857 2284 4016 2336 δεκα-

2444 2369 2723 2440 τεσσάρων
2771 2373 2977 2441 χρόνων
3020 2373 3237 2425 καὶτῶν
3267 2373 3329 2438 ἒξ
3350 2373 3429 2443 τῷ
3465 2373 3659 2427 Ἰακὼϐ
3699 2373 4016 2428 δουλεύοντι

2443 2458 2522 2527 τῷ
2558 2460 2743 2513 Λάϐαν
2765 2461 3116 2531 ἀφορίζεταις
3147 2464 3195 2514 εί
3214 2462 3272 2515 δὲ
3299 2463 3556 2534 οὐδεμίαν
3584 2465 3695 2517 τῶν
3733 2465 4008 2533 περιόδων

2445 2550 2522 2619 τῷ
2565 2550 2760 2604 Ἰακὼϐ
2796 2553 3044 2620 φαίνεται
3069 2553 3262 2622 ἀμισθὶ
3301 2554 3401 2626 τὴν
3431 2554 3676 2607 δουλείαν
3709 2555 4019 2606 ἐταλαιπω-

2449 2645 2630 2710 ρεϊτο⁹
2664 2645 2722 2695 ἐν
2777 2643 2876 2712 μὲν
2927 2644 3036 2714 γὰρ
3073 2648 3141 2715 τῇ
3195 2644 3388 2716 πρώτη
3439 2645 3704 2717 ἑπταετίᾳ
3748 2646 3878 2699 ἀντὶ
3924 2645 4021 2715 τῆς

2457 2735 2659 2806 Ῥαχήλ
2688 2737 2721 2806 ἡ
2771 2736 2906 2788 Λεία
2953 2736 3142 2806 μισθὸς
3185 2738 3356 2808 αὐτῷ.
3395 2739 3517 2791 ἀντὶ
3549 2737 3607 2790 δὲ
3632 2737 3734 2805 τῆς
3764 2737 4022 2805 δευτέρας

2446 2827 2479 2894 ἡ
2519 2826 2721 2896 Ῥαχὴλ
2753 2842 2766 2855 ·
2801 2827 2895 2879 καὶ
2927 2827 3048 2880 ἀντὶ
3104 2827 3215 2880 τῶν
3239 2827 3560 2880 τελευταίων
3587 2827 3728 2878 ἑτῶν
3762 2826 3845 2891 ἐξ,
3883 2827 3916 2878 ό
3939 2826 4022 2878 διὰ

2445 2916 2553 2968 τῶν
2575 2917 2862 2986 προϐάτων
2888 2915 3038 2988 αὐτῷ
3060 2917 3466 2988 χορηγούμενος
3499 2933 3515 2947 ·
3566 2918 3689 2971 ἀντὶ
3724 2917 3864 2984 γοῦν
3929 2916 4019 2968 τοῦ

2448 3005 2649 3076 μεταξὺ
2681 3007 2871 3076 χρόνου
2921 3009 3020 3077 τῆς
3068 3008 3727 3078 τεσσαρεσκαιδεκαετίας
3758 3008 3858 3060 καὶ
3917 3006 4022 3059 τῶν

2443 3096 2767 3149 τελευταίων
2785 3097 2865 3162 ἒξ,
2887 3096 2974 3160 τίς
2999 3095 3422 3163 ἐπιγινώσκεται
3445 3098 3637 3168 μισθὸς
3650 3098 3884 3167 tum;
3919 3098 4024 3151 εδει

765 3175 930 3270 hujus
962 3175 1188 3273 quoque
1211 3175 1375 3274 spatii
1416 3175 1726 3261 mercedem
1776 3175 1959 3262 notam
2015 3175 2336 3278 praelini'tam

2442 3188 2498 3240 δὲ
2552 3188 2599 3238 εἰ
2650 3186 2788 3256 μετὰ
2833 3186 2933 3258 τὴν
2970 3188 3364 3258 συμπλήρωσιν
3421 3189 3522 3258 τῆς
3562 3189 4023 3260 τεσσαρεπιαιδε·

764 3289 958 3352 fuisse.
1021 3292 1128 3348 Sed
1203 3311 1471 3366 nusquam
1547 3297 1842 3369 Scriptura:
1928 3299 2035 3356 alia
2111 3315 2340 3367 merces,

762 3396 1038 3453 nusquam
1067 3385 1214 3441 aliud
1243 3395 1455 3458 tempus
1489 3398 1690 3458 praeter
1720 3392 2134 3459 quatuordecim
2163 3404 2219 3449 et
2247 3409 2340 3449 sex

763 3486 983 3574 annos,
1037 3487 1330 3547 supputato
1378 3479 1494 3548 jam
1565 3482 1799 3551 tempori
1864 3482 2102 3540 medium
2167 3487 2334 3542 inter-

765 3569 1006 3638 ponitur.

2443 3276 2663 3339 καετίας
2713 3277 2814 3349 τὴν
2868 3275 3122 3347 Ῥαχὴλό
3189 3275 3379 3332 Ἰακὼϐ
3427 3277 3656 3348 ἔγημεν,
3705 3277 3811 3332 εἷθ’
3855 3279 4024 3340 οὕτως

2442 3367 2475 3434 ἡ
2511 3368 2771 3438 παιδίσκη
2815 3368 2910 3421 καὶ
2956 3368 2990 3438 ἠ
3034 3368 3237 3440 Ῥαχὴλ
3295 3369 3652 3438 στιιρεύουσα
3692 3370 3796 3422 καὶ
3861 3371 4019 3421 πάλιν

2439 3456 2704 3509 τίκτουσα
2767 3456 2960 3527 χρόνον
3006 3456 3165 3511 ἄλλον
3221 3457 3635 3525 κατηνάλωσαν,
3691 3459 3794 3511 καὶ
3835 3460 4023 3511 τούτου

2443 3547 2534 3599 τὸν
2563 3546 2755 3615 μισθὸν
2785 3545 3118 3601 καθεστάναι
3146 3545 3425 3616 γνώριμον
3453 3561 3469 3577 ⁸
3505 3546 3622 3600 ἀλλ’
3653 3545 3906 3614 οὐδαμοῦ
3933 3547 4024 3614 τῆς

2438 3637 2657 3707 Γραφῆς
2709 3635 2833 3690 οὔτε
2879 3637 3072 3707 μισθὸς
3122 3638 3405 3705 φαίνεται,
3443 3637 3568 3691 οὔτε
3633 3637 3832 3706 χρόνος
3873 3636 4023 3699 ea»);

2439 3729 2590 3798 παρᾶ
2607 3730 2676 3782 τὰ
2691 3729 3066 3799 δεκατέσσαρα
3089 3733 3180 3783 καὶ
3208 3730 3278 3782 τὰ
3302 3730 3363 3793 ἒξ
3393 3729 3486 3799 ιτη
3533 3729 3904 3800 παρενθήκην
3927 3730 4018 3782 ἑπ-

2437 3821 2574 3887 ἑχων
2607 3819 2779 3888 λόγων
2823 3821 3335 3888 συγκατάταττεται.

2179 4032 2578 4094 MONITUM.

836 4141 972 4194 Ante
999 4142 1358 4210 quaestionem
1383 4157 1414 4196 a
1439 4143 1600 4200 nobis
1633 4147 1794 4215 juxta
1828 4147 2065 4204 indicem
2101 4149 2222 4204 Vat.
2265 4167 2495 4207 numero
2552 4151 2804 4208 CCCXIII
2840 4154 3111 4224 signatam
3153 4151 3334 4208 Ilaius
3373 4160 3614 4222 quatuor
3665 4152 3813 4210 alias
3852 4152 4018 4222 publi-

758 4236 925 4300 cavit,
957 4252 1081 4308 quc
1104 4239 1280 4294 titulis
1311 4249 1368 4296 et
1400 4243 1852 4313 inscriptionibus
1879 4247 2115 4314 prOpriis
2139 4257 2330 4302 carent
2357 4257 2413 4302 et
2443 4249 2632 4304 nescio
2661 4263 2773 4318 qua
2800 4250 3222 4306 amanuensium
3249 4248 3577 4320 negligentia
3608 4263 3721 4303 non
3757 4249 3819 4304 in
3847 4247 4016 4303 indice

757 4342 1056 4389 numerata
1094 4333 1333 4390 fuerunt.
1365 4336 1477 4394 Nos
1508 4339 1632 4406 has,
1661 4354 1732 4395 ne
1771 4343 1942 4396 series
1965 4343 2330 4412 quaestionum
2368 4354 2423 4399 et
2465 4360 2730 4400 numerus
2765 4346 3034 4412 turbetur,
3065 4346 3303 4420 propriis
3344 4347 3587 4416 signatas
3629 4345 3892 4400 numeris
3925 4345 4014 4398 ad-

752 4426 1061 4499 iungimus,
1093 4443 1219 4483 cum
1264 4430 1473 4485 numeri
1551 4434 1656 4488 sub
1702 4434 1903 4504 quibus
1950 4437 2091 4504 apud
2149 4435 2348 4491 Maium
2380 4452 2681 4508 apparent,
2729 4439 2934 4495 turbati
2990 4441 3104 4495 sint
3151 4448 3208 4494 et
3252 4440 3370 4495 dua:
3429 4439 3773 4509 quastiones
3827 4436 4013 4494 eodem

755 4537 988 4578 numero
1020 4525 1197 4580 notari
1237 4525 1524 4593 deberent,
1563 4529 1610 4586 si
1653 4543 1778 4583 eum
1803 4529 1989 4584 hacin
2028 4547 2088 4586 re
2123 4547 2494 4603 sequeremur.
2528 4534 2656 4590 Post
2707 4538 2807 4591 has
2849 4544 3086 4606 quatuor
3127 4537 3458 4606 quaestiones
3492 4549 3590 4591 eas
3624 4543 3848 4604 septem
3886 4534 4012 4589 alias

752 4616 1169 4682 collocahimus.
1197 4619 1402 4688 quibus
1436 4619 1736 4677 Vaticanus
1769 4621 1941 4678 codex
1977 4635 2143 4680 caret.

1221 4709 1549 4775 QUAESTIO
1583 4712 1852 4769 CCCXIV.

2973 4718 3301 4773 ΕΡΩΤΗΣΙΣ
3339 4719 3480 4773 Τ1Δ⁸.

1875 4827 1946 4882 De
1975 4833 2164 4900 populo
2183 4833 2345 4900 jussu
2379 4829 2591 4885 Davidis
2621 4843 2913 4886 nunteratc.

1367 4911 1509 4963 Edita
1529 4927 1556 4962 a
1577 4913 1701 4965 Ilaio
1731 4917 1788 4980 (I.
1829 4929 1872 4966 c.
1907 4931 1954 4981 p.
1988 4920 2095 4980 t5l,
2123 4922 2226 4981 155,
2247 4935 2297 4984 q.
2321 4921 2454 4984 3H).
2481 4921 2533 4970 In
2557 4922 2598 4971 ll
2624 4922 2748 4984 Reg.
2776 4934 2939 4980 xxxiv,
2965 4922 2985 4970 ί
3011 4920 3170 4971 Paral.
3200 4935 3300 4980 xu,
3331 4921 3368 4970 Ι.

831 5020 952 5074 lloc
984 5019 1203 5074 verbum
1230 5019 1457 5074 secundi
1504 5017 1713 5092 Regum
1774 5022 1916 5089 libri,
1967 5044 1986 5076 ι
2019 5023 2325 5081 Commovit

751 5108 921 5163 David
944 5108 1027 5159 ἰε
1067 5125 1086 5159 s
1131 5106 1281 5161 vides
1330 5123 1342 5156 :
1376 5114 1430 5161 et
1480 5107 1534 5162 in
1564 5109 1740 5177 primo
1769 5111 2219 5183 Paralipomenon
2247 5114 2326 5170 sic

747 5214 1116 5270 expressum:
1182 5217 1202 5250 ι
1258 5198 1619 5255 Consurrexit
1672 5210 1851 5257 autem
1913 5203 2076 5259 Satan
2136 5215 2324 5261 contra

2495 5025 2568 5078 Τὸ
2600 5025 2781 5096 μέντοι
2809 5026 2971 5098 ῥητὸν
2997 5027 3025 5080 ὃ
3083 5029 3140 5079 ἑν
3171 5030 3237 5096 τῇ
3278 5026 3512 5096 δευτέρα
3545 5025 3658 5081 τῶν
3693 5026 4008 5094 Bumasti”,

2431 5136 2448 5169 ι
2472 5116 2767 5182 Ἀνέσεισε,
2795 5119 2994 5185 κεῖται,
3017 5117 3108 5170 τὸν
3131 5117 3314 5180 Δαϐὶδ,
3341 5135 3359 5169 ι
3384 5116 3543 5170 τοῦτο
3560 5117 3624 5188 δὴ
3651 5119 3710 5171 tv
3731 5123 3805 5190 τῇ
3827 5120 4008 5190 πρώτῃ

2423 5207 2529 5260 τῶν
2556 5207 3070 5279 Παραλειπομίνων,
3103 5226 3122 5259 ‹
3143 5209 3373 5278 Δνέστη,
3399 5208 3821 5279 παρατέθειται,
3841 5211 4008 5263 Σαταν

749 5290 938 5353 Israel,
966 5299 1022 5344 et
1052 5289 1344 5345 concitavit
1380 5288 1546 5345 David
1576 5300 1636 5346 ut
1664 5305 1974 5349 numeraret
1999 5293 2178 5351 Israel.
2209 5297 2257 5328 "
2301 5316 2319 5348 ι

748 5380 876 5436 Haec
903 5381 1014 5436 duo
1056 5381 1157 5436 etsi
1191 5381 1469 5436 contraria
1501 5383 1825 5453 videantur,
1873 5385 2098 5442 minime
2144 5397 2325 5443 tamen

750 5480 1069 5542 repugnant.
1103 5470 1277 5527 Furor
1301 5473 1522 5542 quidem
1554 5473 1771 5530 Domini
1797 5478 2090 5531 commovit
2128 5479 2318 5545 David,

749 5565 966 5635 impulit
992 5565 1201 5619 scilicet
1227 5574 1281 5619 et
1314 5566 1559 5621 incitavit
1607 5568 1674 5622 ad
1706 5569 1868 5623 Israel
1902 5572 2316 5635 numerandum.

748 5666 969 5733 propter
1001 5657 1181 5726 populi
1220 5657 1600 5712 defectionem.
1644 5657 1807 5714 Satan
1843 5677 1986 5724 vcro,
2020 5674 2077 5716 ut
2107 5679 2319 5733 semper

817 5771 854 5795 “
889 5767 926 5821 ΙΙ
960 5768 1085 5841 [ιρις.
1120 5787 1258 5836 xxlv,
1299 5774 1340 5826 ι,
1421 5774 1463 5804 ⁸³
1507 5771 1728 5827 lParal.
1757 5791 1862 5841 XXI,
1908 5777 1947 5828 I.

2424 5300 2502 5370 τῷ
2542 5300 2761 5373 Ἰσραήλ
2803 5306 2816 5319 ⁸
2845 5303 2939 5354 καὶ
2978 5301 3240 5355 ἀπέσεισε
3262 5301 3353 5354 τὸν
3379 5301 3542 5354 Δαϐιδ
3567 5300 3884 5372 ἀριθμῆσαι
3919 5303 4005 5354 τὸν

2426 5391 2550 5445 λαόν
2583 5407 2599 5424 ο
2625 5411 2643 5445 ι
2673 5392 2767 5447 καὶ
2791 5393 2892 5447 οὐκ
2910 5392 3058 5446 ἔστιν
3087 5392 3342 5463 αλλήλοις
3365 5393 3584 5446 ἐναντία
3615 5392 3822 5459 ταῦτα,
3845 5395 3894 5446 sl
3917 5393 4006 5444 καὶ

2429 5483 2573 5535 δοκεῖ
2612 5498 2626 5512 ο
2674 5482 2839 5553 ἠμὲν
2886 5483 2979 5536 τοῦ
3013 5482 3148 5536 Θεοῦ
3181 5483 3319 5554 ὀργὴ
3367 5483 3616 5536 ἀνέσεισε
3673 5482 3768 5536 τὸν
3827 5483 4001 5544 Δαόὶζ,

2432 5579 2550 5646 ἦτοι
2584 5578 2804 5649 ἐκίνησε
2839 5579 2933 5657 καὶ
2980 5578 3288 5632 διεσάλευσε
3347 5579 3485 5648 πρὸς
3533 5579 3631 5649 τὴν
3683 5578 4000 5649 ἀρίῧμησιν,

2425 5668 2622 5742 διὰτὴν
2644 5670 2941 5726 ἀπόστασιν
2968 5669 3061 5726 τοῦ
3096 5671 3246 5725 λαοῦ.
3267 5672 3337 5724 Τὸ
3362 5671 3439 5736 δὲ,
3479 5671 3674 5736 Σατάν,
3701 5670 3780 5734 ὡς
3803 5671 4000 5726 ἐπίπαν
