4156 6438
104 402 246 467 1155

852 406 951 464 AD
975 405 1561 468 AMPIIILOCIIIUM
1600 408 1939 479 QUIESTIO
1979 410 2262 483 CCCXIV,
2299 410 2551 470 CCCXV.

3218 402 3349 467 1166

100 521 288 575 εἴωθεν
328 523 387 573 έν
424 522 491 589 τῇ
517 518 637 589 θείᾳ
655 517 843 587 Γραφῇ
871 518 991 570 ἀντὶ
1023 517 1139 584 τοῦ,
1172 517 1522 589 κολαφισμός,
1551 519 1666 583 καὶ,
1698 524 1721 578 Α

1806 535 1825 573 ο
1864 520 2145 590 Scriptura
2193 536 2345 576 sacra
2383 523 2550 586 solet.
2605 536 2701 591 pro
2752 536 2907 588 poena
2964 529 3017 575 et
3056 521 3352 573 tentatione

102 612 429 682 πειρασμός,
469 608 934 678 έκλαμϐἀνεσθαι·
954 607 1094 661 ὥστε
1124 610 1172 660 εί
1198 609 1293 661 καὶ
1320 609 1395 680 μὴ
1430 608 1673 679 ὠργίσθη

1806 606 2068 672 rxcipitur.
2124 605 2200 661 Ita
2252 615 2311 661 ut
2345 608 2390 661 si
2438 624 2544 661 non
2580 608 2750 663 iratus
2796 607 2981 661 fuisset
3013 606 3189 671 Deus,
3244 621 3350 660 non

101 706 255 768 Θεὸς,
277 704 378 757 οὐκ
416 702 483 757 ἂν
508 700 794 768 ἀνεσείσθη
824 701 853 751 6
870 698 1057 762 Δαϐὶδ,
1076 699 1195 768 ἦτοι
1219 699 1354 768 πρὸς
1376 698 1674 770 ἐνθύμησιν

1806 705 2086 752 romtnotus
2114 697 2307 753 fuisset
2336 697 2539 763 David,
2587 714 2687 753 nec
2726 699 2982 752 nimirum
3022 698 3205 769 populi
3250 713 3353 751 nu-

110 793 347 862 μετέστη
363 789 458 843 τοῦ
475 789 779 859 ἀριθμῆσαι
798 788 889 841 τὸν
916 788 1045 842 λαόν
1074 803 1087 817 ·
1114 790 1163 841 εί
1185 789 1241 842 δὶ
1265 788 1340 859 μὴ
1362 787 1672 859 ἀνεσείσθη,

104 883 212 935 οὐδ’
244 883 275 935 6
310 880 613 951 πειρασμὸς
653 878 814 931 ἔπεσε
847 878 926 949 τῷ
955 878 1193 948 Ἰσραὴλ,
1215 879 1383 949 ἧγουν
1408 881 1437 932 6
1462 877 1639 932 Σατάν
1660 893 1673 907 ·

104 971 237 1023 αὐτὸ
257 970 364 1038 γάρ
399 968 461 1021 τὸ
497 966 870 1039 ἀριθμηθῆναι
913 965 1074 1019 τοῦτο
1102 966 1273 1020 αῐτιον
1319 967 1534 1035 λέγεται
1583 963 1678 1017 τοῦ

106 1060 436 1131 πειρασμοῦ,
452 1059 631 1112 καίτοι
653 1059 753 1127 τῆς
789 1059 1139 1121 ἀποστάσεως
1170 1057 1368 1127 μᾶλλον
1387 1057 1483 1128 τὴν
1498 1057 1679 1112 αίτίαν

108 1150 502 1219 ἀποτεκούοης.
518 1150 674 1203 Ἐπεὶ
698 1150 795 1202 καὶ
819 1148 1059 1217 Μωῦσῆς
1079 1148 1375 1218 ἠρίθμησε,
1395 1149 1492 1203 καὶ
1521 1148 1682 1202 Δαϐὶδ

108 1240 274 1293 πάλιν
304 1240 441 1307 μετά
458 1238 556 1308 τὴν
580 1238 795 1308 πληγήν
817 1254 834 1271 ·
856 1238 951 1291 καὶ
974 1236 1199 1306 οὐδεμιᾷ
1213 1237 1418 1291 τούτων
1437 1238 1543 1291 τῶν
1564 1240 1684 1305 ἀρι-

110 1330 369 1399 θμήσεων
400 1329 525 1381 οῦτε
559 1326 751 1398 μῶμος
778 1325 904 1380 οὔτε
931 1326 1115 1396 πληγὴ
1132 1326 1569 1396 ἐγκατέσκηψεν·
1604 1328 1684 1378 ὅτι

109 1420 169 1472 δὲ
218 1420 300 1484 τὸ,
336 1420 537 1483 Σατάν,
575 1419 697 1473 ἀντὶ
726 1418 823 1472 τοῦ
854 1416 1162 1489 πειρασμοῦ
1202 1419 1297 1469 καὶ
1346 1416 1683 1487 κολαφισμοῦ

109 1511 469 1582 λαμϐάνεται,
487 1514 584 1565 καὶ
599 1510 657 1576 ιε
673 1509 875 1582 ἑτέρων
890 1509 1066 1580 δῆλον·
1086 1508 1181 1562 καὶ
1207 1526 1225 1559 ε
1250 1509 1471 1579 Ἀνέστη
1480 1525 1536 1561 σε
1554 1510 1681 1578 γάρ,

112 1604 269 1674 φησι,
296 1602 472 1657 Σατάν
493 1604 589 1655 επὶ
638 1601 854 1672 Ἰσραὴλ
881 1600 1046 1671 ’Δδερ
1074 1601 1164 1654 τὸν
1187 1600 1460 1654 Ἰουδαῖον·
1492 1619 1510 1653 ι
1539 1600 1631 1653 καὶ
1658 1602 1687 1653 6

112 1694 408 1757 ἀπόστολος
437 1692 663 1757 Παῦλος·
695 1710 715 1745 ε
756 1693 942 1763 Ἐδόθη
976 1710 1067 1764 μοι
1096 1692 1292 1761 σκόλοψ
1313 1694 1378 1761 τῇ
1408 1694 1568 1763 σαρκὶ
1586 1691 1685 1758 ἀγ-

113 1784 271 1852 γελος
292 1785 490 1851 Σατάν,
521 1785 610 1837 ἴνα
644 1800 711 1853 με
733 1781 1016 1857 κολαφίζῃ·
1046 1801 1066 1835 ι
1093 1777 1203 1835 οἷον
1228 1782 1458 1851 ἄγγελος
1480 1783 1571 1835 καί
1589 1781 1689 1833 ὑπ-

1784 786 2028 840 merandi
2074 788 2362 842 consilium
2414 788 2469 843 in
2523 789 2708 844 animo
2750 790 3025 860 agitasset.
3075 787 3131 842 Si
3171 796 3353 842 autem

1784 890 1889 929 non
1920 887 2225 933 commotus
2260 878 2471 945 fuisset,
2524 890 2670 936 certe
2722 880 2776 935 in
2834 879 2995 936 Israel
3049 879 3354 948 periculum

1787 984 1892 1022 non
1918 968 2213 1035 incidisset,
2238 971 2290 1025 id
2319 985 2419 1039 est,
2448 972 2634 1028 Satan.
2661 971 2731 1028 Ut
2755 973 2901 1027 enim
2924 972 3207 1042 Scriptura
3233 985 3357 1041 per-

1787 1060 1965 1125 hibet,
2008 1063 2316 1119 numeratio
2348 1066 2527 1133 populi
2553 1080 2714 1119 causa
2741 1065 2905 1135 pestis
2927 1062 3049 1119 fuit.
3080 1062 3151 1117 Ut
3175 1071 3357 1117 autem

1788 1166 1845 1205 se
1872 1166 1959 1206 res
1996 1151 2175 1218 habet,
2211 1152 2445 1209 defectio
2475 1156 2656 1225 populi
2704 1156 2864 1219 talem
2887 1153 3092 1226 peperit
3124 1153 3355 1209 cladem.

1757 1281 1762 1289 .
1789 1238 1997 1292 Etenim
2031 1238 2240 1310 Moyses
2271 1256 2487 1311 quoque
2512 1244 2768 1313 populum
2802 1243 3131 1307 numeravit,
3162 1240 3357 1297 David-

1790 1345 1894 1399 que
1925 1345 2116 1386 rursus
2146 1340 2269 1401 post
2298 1345 2501 1401 pestem
2529 1350 2541 1385 :
2580 1341 2816 1389 attamen
2859 1334 2989 1387 nulli
3024 1338 3217 1387 barum
3250 1348 3357 1386 nu-

1792 1423 2147 1478 meratiouum
2169 1424 2450 1488 neclabes.
2482 1441 2580 1481 nec
2609 1441 2767 1495 paena
2788 1424 3052 1479 incubuit.
3085 1423 3355 1477 Caeterum

1792 1527 1891 1583 pro
1909 1527 2064 1582 poena
2086 1523 2137 1568 et
2153 1514 2393 1583 periculo
2408 1514 2569 1570 Satan
2587 1514 2913 1585 deprehendi
2930 1523 2985 1567 et
3001 1526 3064 1567 ex
3083 1512 3205 1567 aliis
3225 1512 3360 1566 locis

1792 1611 2062 1658 constatu
2081 1602 2376 1660 Suscitavit
2404 1606 2546 1661 enim
2577 1605 2764 1668 Satan,
2794 1606 2872 1659 ait
2901 1602 3205 1673 Scriptura,
3233 1616 3362 1658 con-

1795 1694 1873 1741 tra
1924 1688 2089 1743 Israel
2128 1688 2275 1746 Ader
2300 1690 2581 1759 Judaeum;
2625 1711 2643 1745 ι
2676 1690 2987 1761 Paulusque
3038 1688 3358 1760 apostolus:

1798 1796 1818 1830 ‹
1847 1776 2013 1834 Datus
2047 1787 2133 1835 est
2162 1780 2295 1834 mihi
2322 1781 2577 1837 stimulus
2614 1782 2796 1837 carnis
2822 1794 2956 1837 mea:
2988 1778 3215 1850 angelus
3248 1776 3354 1833 Sa-

112 1875 319 1944 ηρέτης
361 1873 668 1944 πειρασμοῦ
701 1890 794 1927 και
823 1871 1180 1942 κολαφίσμοῦ·
1214 1871 1477 1936 τουτέστι,
1506 1871 1589 1924 Δι’
1616 1861 1677 1923 οῦ
1713 1864 1721 1919 Ι

1806 1883 1940 1935 ana,
1961 1869 2051 1938 qui
2076 1884 2162 1924 tne
2186 1869 2485 1941 colaphizet
2502 1871 2640 1935 ⁸³·³⁰,
2663 1890 2681 1923 ι
2710 1872 2762 1926 in
2781 1886 2890 1941 quo
2907 1869 3123 1942 ponitur
3140 1868 3364 1938 angelus

119 1982 209 2035 μοι
258 1966 307 2017 el
350 1964 678 2035 κολαφισμοὶ
718 1964 814 2017 καὶ
861 1966 910 2017 οί
973 1964 1272 2033 πειρασμοὶ
1325 1962 1683 2031 ἐπέρχονται·

117 2054 406 2109 αίνίττοιτο
431 2056 477 2107 δ’
498 2054 565 2108 ἂν
598 2055 660 2107 τὸ
691 2054 852 2125 ῥητὸν
897 2054 1018 2125 ἦτοι
1046 2052 1387 2122 Ἀλέξανδρον
1418 2051 1507 2105 τὸν
1539 2050 1685 2104 Χαλ-

117 2146 223 2199 κέα
251 2145 343 2199 τὸν
371 2145 540 2199 πολλά
579 2147 724 2199 κακά
746 2145 1112 2213 ἑπενεγκόντα
1134 2143 1211 2213 τῷ
1244 2143 1464 2213 Παύλῳ,
1494 2143 1527 2213 ἢ
1559 2143 1684 2205 τοὺς

1784 1973 1883 2029 pro
1935 1960 2241 2017 ministerio
2296 1976 2469 2033 pana
2514 1972 2567 2019 et
2604 1963 2942 2027 tentationis,
3003 1961 3054 2016 id
3103 1970 3206 2023 est,
3257 1959 3359 2013 Per

1783 2066 1943 2120 quem
2006 2053 2135 2107 mihi
2201 2054 2415 2123 colapbi
2484 2064 2538 2110 et
2609 2056 2936 2110 tentationes
3014 2052 3351 2122 lnlliguntur.

1783 2139 2023 2197 Obscure
2052 2152 2230 2211 posset
2257 2144 2565 2214 significare
2598 2146 2701 2200 hoc
2745 2145 2970 2200 verbum
3006 2143 3087 2198 vel
3121 2142 3358 2195 Alexan-

117 2237 242 2290 κατ’
265 2238 440 2290 έκεῖνο
467 2236 662 2308 καιροῦ
709 2237 1007 2307 τυράννους
1039 2236 1133 2288 καὶ
1177 2233 1685 2305 έτεροδιδασκάλους

1806 2229 1940 2284 lrum
1997 2234 2247 2288 marium
2308 2235 2572 2291 artificem
2632 2250 2794 2305 aquo
2837 2233 3005 2289 multa
3053 2246 3247 2303 passus
3281 2240 3366 2284 est

116 2323 581 2397 δπανισταμένους
608 2326 778 2397 αὐτῷ,
799 2327 892 2380 καὶ
909 2326 1119 2379 πολλῶν
1139 2324 1460 2395 πειρασμῶν
1480 2323 1687 2387 αἰτίους

118 2417 215 2471 καὶ
267 2416 544 2481 διακόνους
578 2417 727 2488 αὐτῷ
756 2416 1178 2487 γεγενημένους.

646 2617 978 2670 ΕΡΩΤΗΣΙΣ
1001 2616 1149 2671 ΤΙΕ’.

1791 2317 2013 2385 Paulus,
2060 2321 2143 2375 vel
2176 2321 2338 2391 hujus
2366 2323 2628 2393 temporis
2666 2338 2824 2394 reges
2871 2332 2926 2378 et
2975 2323 3222 2377 homines
3269 2319 3363 2390 qui

1796 2410 1899 2463 alia
1921 2410 2177 2467 docentes
2201 2413 2361 2483 eique
2386 2414 2451 2469 ad
2468 2414 2665 2470 versati
2684 2415 2979 2469 multarum
3007 2412 3364 2468 tentationum

1798 2512 2048 2556 auctores
2075 2513 2130 2557 et
2156 2504 2393 2560 ministri
2426 2503 2589 2560 Paulo
2621 2502 2853 2559 fuerant.

2288 2615 2615 2684 ουιεδτιο
2636 2614 2880 2673 CCCXV.

973 2729 1082 2784 Cur
1114 2728 1284 2782 David
1309 2730 1387 2783 vir
1418 2729 1702 2783 secundum
1730 2746 1819 2783 cor
1845 2729 1941 2784 Dei
1970 2729 2268 2797 appellatus
2302 2730 2483 2800 fuerit.

1155 2820 1294 2870 Edita
1320 2834 1349 2870 a
1380 2820 1504 2870 Malo
1536 2821 1593 2882 (I.
1627 2833 1671 2871 e.
1705 2834 1755 2884 ι).
1793 2820 1902 2883 I55,
1939 2822 2042 2882 ιδσ,
2068 2835 2115 2870 n.
2148 2820 2279 2884 312).

197 2924 363 2991 Τδδι,
398 2942 417 2977 ε
462 2915 634 2992 Εὗρον
661 2922 754 2977 τὸν
794 2921 960 2977 Δαϐὶδ
992 2921 1158 2993 ἄνδρα
1195 2922 1337 2974 κατά
1361 2922 1460 2993 τὴν
1485 2922 1712 2993 καρδίαν

126 3035 258 3087 μου,
279 3036 299 3069 ε
327 3014 506 3087 ῥητῶς
537 3015 636 3085 μὲν
658 3012 830 3077 οὕτως
855 3015 913 3067 έν
944 3015 1012 3083 τῇ
1047 3012 1256 3083 Παλαιᾷ
1294 3012 1480 3083 Γραφῇ
1514 3013 1614 3066 οὐκ
1642 3013 1709 3067 ἀν

123 3110 258 3180 εὗρε
268 3106 406 3177 θείη·
426 3106 475 3159 εί
489 3104 597 3177 γὰρ
611 3105 706 3159 καὶ
732 3105 792 3158 ιν
812 3103 1060 3174 ιι)⁹αλμοῖς
1076 3104 1278 3175 ᾅδεται·
1305 3124 1323 3155 ε
1352 3097 1523 3174 Εὗρον
1547 3101 1710 3156 Δαϐὶδ

123 3198 412 3253 τὸνδοῦλόν
439 3213 563 3267 μου,
582 3198 639 3249 έν
655 3195 794 3267 ἁγίῳ
819 3195 983 3265 έλαίῳ
1003 3194 1196 3265 έχρισα
1226 3196 1408 3249 αὐτόν·
1433 3214 1453 3247 ι
1478 3196 1596 3250 ἀλλ’
1615 3195 1708 3249 οὖν

128 3289 268 3342 πολὺ
289 3288 382 3342 τοῦ
410 3287 701 3358 εἰρημένου
726 3285 891 3357 ῥητοῦ
931 3290 998 3358 τῇ
1030 3286 1172 3353 λέξει
1201 3286 1482 3357 διέστηκεν
1501 3302 1514 3317 ·
1544 3286 1708 3355 εγγύ-

1887 2921 2001 2979 lloc
2026 2926 2245 2979 verbum
2274 2940 2289 2978 :
2322 2942 2340 2975 ε
2373 2922 2556 2979 Inveni
2585 2924 2751 2979 David
2778 2920 3053 2979 hominem
3076 2923 3375 2979 secundum

1808 3028 1903 3068 cor
1948 3030 2149 3080 meum,
2184 3032 2203 3065 ι
2254 3016 2589 3071 nominatum
2632 3017 2686 3071 in
2733 3017 2905 3072 veteri
2963 3015 3243 3086 Scriptura
3298 3018 3378 3071 sic

1809 3117 1917 3156 non
1962 3103 2233 3167 invenies,
2301 3120 2612 3175 quanquam
2652 3114 2706 3160 et
2752 3105 2805 3158 in
2852 3105 3078 3160 Psalmis
3118 3106 3375 3161 canitur:

1813 3208 1832 3243 ι
1872 3190 2054 3246 Inveni
2111 3191 2282 3247 David
2335 3209 2549 3249 servum
2590 3209 2799 3260 meum;
2855 3194 2976 3250 oleo
3022 3202 3214 3249 sancto
3256 3209 3379 3248 meo

1808 3282 1938 3335 unxi
1966 3282 2172 3337 eum“.
2210 3302 2227 3335 ι
2263 3282 2367 3339 Sed
2400 3286 2579 3354 priora
2605 3286 2761 3356 longe
2787 3285 2958 3341 abhis
2987 3287 3223 3341 distant:
3257 3300 3382 3354 pro-

127 3396 287 3451 τερον
313 3379 359 3432 δ’
383 3380 450 3433 ἄν
470 3378 557 3449 εῖη
590 3378 789 3448 μᾶλλον
818 3378 879 3431 τὸ
901 3377 1191 3448 εἰρημένον
1208 3377 1288 3449 τῷ
1317 3379 1569 3448 προφήτῃ
1594 3377 1698 3429 Σα-

1806 3372 2030 3442 piusque
2083 3376 2364 3430 accederet
2412 3376 2556 3445 quod
2626 3375 2887 3445 propheta
2956 3374 3174 3431 Samuel
3229 3376 3382 3430 Sauli

130 3471 307 3543 μουὴλ
325 3471 461 3541 πρὸς
494 3470 584 3523 τὸν
609 3469 780 3523 Σαούλ
800 3485 815 3501 ·
838 3469 1111 3533 ὀνειδίζων
1139 3468 1248 3539 γάρ
1286 3468 1446 3523 αὐτὸν
1471 3469 1568 3539 τὴν
1606 3486 1710 3521 πα-

135 3565 371 3634 ράϐασιν
403 3561 514 3615 τῶν
538 3561 778 3630 νομικῶν
802 3560 1032 3614 έντολῶν
1067 3560 1162 3614 καὶ
1189 3560 1285 3631 τὴν
1323 3560 1597 3614 έκπτωσιν
1620 3561 1716 3630 τῆς

131 3655 411 3722 βασιλείας
432 3653 581 3722 αὐτῷ
607 3652 1036 3722 προαναφωνῶν,
1081 3653 1216 3721 φησὶ
1244 3652 1379 3721 πρὸς
1419 3651 1602 3714 αὐτὸν,
1635 3650 1714 3703 ὅτι

135 3762 155 3796 ε
166 3743 390 3814 Ἐπειδὴ
411 3745 474 3797 σὺ
488 3744 626 3796 κατά
640 3744 738 3806 τὰς
748 3742 897 3805 ὁδοὺς
918 3741 1119 3811 Κυρίου
1133 3741 1227 3795 καὶ
1239 3741 1306 3794 τά
1322 3742 1717 3811 προστάγματα

129 3833 297 3887 αὑτοῦ
314 3834 638 3906 πορεύεσθαι
656 3835 716 3886 οὐ
738 3831 1222 3903 βούλειᾷκλέξεται
1244 3830 1420 3900 ἑαυτῷ
1438 3833 1466 3883 6
1480 3830 1609 3891 Θεὸς
1626 3830 1718 3884 dv-

130 3923 237 3994 δρα
257 3923 396 3977 κατὰ
414 3926 512 3992 τὴν
528 3922 753 3990 καρδίαν
777 3921 965 3988 αὑτοῦ,
984 3922 1043 3985 ὃς
1069 3922 1283 3991 ποιήσει
1304 3922 1477 3975 πάντα
1494 3920 1563 3973 τὰ
1590 3921 1716 3991 ἀρε-

132 4015 239 4068 στά
264 4012 492 4067 ινώπιον
512 4014 675 4066 αὐτοῦ
697 4030 713 4046 ·
741 4031 759 4064 ι
779 4013 893 4066 ἀλλ’
909 4014 957 4066 εί
980 4014 1074 4066 καὶ
1091 4012 1422 4082 πλατύτερον
1446 4012 1604 4065 τοῦτο
1616 4012 1716 4080 τῆς

134 4105 347 4175 ρἡεως
373 4103 475 4173 τῆς
498 4102 795 4172 ψαλμικῆς,
824 4101 962 4171 πλὴν
985 4101 1046 4154 οὐ
1064 4100 1203 4154 κατὰ
1220 4100 1392 4153 πάντα
1406 4101 1719 4169 άπαράτρεω

135 4196 270 4249 πτόν
285 4198 402 4249 έστι
414 4197 523 4257 τοῖς
536 4195 760 4260 ὀνόμασι
776 4192 910 4263 πρὸς
926 4192 1007 4258 τὸ,
1018 4211 1036 4243 ε
1048 4186 1218 4262 Εὗρον
1231 4191 1320 4244 τὸν
1336 4189 1497 4243 Δαϐὶδ
1513 4189 1604 4242 τὸν
1624 4189 1715 4241 τοῦ

146 4280 344 4335 Ἰεσσαὶ
362 4280 529 4351 ἀνδρα
551 4279 799 4348 κατάτὴν
822 4278 1048 4349 καρδίαν
1071 4293 1194 4346 μου·
1219 4297 1238 4330 ι
1262 4276 1379 4330 ἀλλ’
1398 4272 1489 4330 οὖν
1513 4274 1669 4328 τοῦτο
1689 4275 1718 4327 6

133 4371 420 4432 θεσπέσιος
459 4368 667 4431 Παῦλος
685 4368 842 4430 εἰδὼς
863 4369 941 4430 είς
966 4369 1169 4420 ἐκεῖνον
1188 4366 1512 4437 δημηγορῶν
1528 4367 1579 4418 έν
1599 4368 1717 4429 ταῖς

136 4460 377 4530 Πράξεσι
405 4457 725 4527 σχηματίζει
750 4472 764 4485 ·
794 4455 933 4527 ἀνὴρ
967 4455 1024 4507 δὲ
1049 4454 1264 4523 λέγεται
1295 4456 1435 4508 κατὰ
1458 4454 1553 4524 τὴν
1581 4470 1718 4523 καρ-

133 4551 260 4603 δίαν
286 4548 381 4602 τοῦ
409 4547 544 4601 Θεοῦ
572 4547 837 4616 εὑρῆσθαι
866 4549 896 4599 6
942 4547 1123 4611 Aa6‘.8,
1158 4548 1345 4616 έπειδὴ
1391 4546 1601 4600 πολλῶν
1629 4548 1717 4598 έν-

133 4638 313 4693 τολῶν
333 4636 796 4707 ὑπαρχουσῶν,δι’
837 4631 912 4691 ὧν
933 4637 962 4687 6
994 4638 1090 4707 τῆς
1131 4636 1333 4705 ἀρετῆς
1378 4634 1716 4706 χαρακτηρί-

1812 3464 1975 3529 dixit,
2048 3478 2171 3519 cum
2224 3467 2530 3537 increparet
2609 3480 2735 3520 eum
2795 3466 3050 3536 quoniam
3128 3468 3382 3520 mandata

1815 3564 2185 3626 transgressus
2223 3565 2376 3623 erat,
2409 3559 2566 3628 eique
2607 3559 2923 3628 praediceret
2952 3557 3066 3613 fore
3109 3568 3171 3611 ut
3214 3572 3383 3627 regno

1815 3648 2099 3715 pelleretur
2135 3664 2148 3702 :
2197 3667 2215 3701 ‹
2255 3647 2394 3715 Quia
2426 3649 2480 3704 in
2512 3650 2631 3705 vias
2680 3649 2897 3705 Domini
2948 3650 3230 3705 ambulare
3283 3665 3383 3705 ηο-

1816 3736 1988 3803 luisti,
2044 3744 2100 3793 et
2150 3738 2404 3793 mandata
2460 3738 2605 3793 illius
2654 3754 2761 3793 non
2813 3739 3098 3794 custodisti
3127 3779 3141 3802 ,
3177 3749 3387 3809 quaeret

1818 3823 2080 3878 Dominus
2124 3823 2229 3879 sibi
2276 3826 2452 3879 virum
2502 3826 2656 3896 juxta
2709 3842 2803 3881 eor
2857 3842 3049 3892 suum,
3094 3828 3187 3897 qui
3224 3826 3386 3882 faciet

1815 3927 2007 3968 omnes
2038 3913 2339 3971 voluntates
2357 3915 2481 3985 ejus
2501 3916 2571 3971 “.
2611 3936 2629 3969 ι
2667 3916 2771 3972 Sed
2799 3920 3049 3988 quamvis
3075 3919 3191 3974 haec
3221 3918 3385 3989 paulo

1816 4006 2157 4073 expressiora
2198 4007 2308 4061 sint
2335 4022 2499 4076 quam
2534 4024 2597 4063 ea
2642 4026 2765 4079 quae
2805 4010 2907 4065 fert
2949 4011 3224 4080 psalmus,
3274 4027 3385 4066 non

1820 4102 1998 4148 tamen
2024 4096 2173 4149 omni
2229 4110 2292 4150 ex
2342 4108 2491 4165 parte
2524 4113 2645 4153 cum
2691 4100 2796 4154 illis
2827 4101 3004 4156 verbis
3032 4112 3339 4173 congruunt
3367 4122 3382 4160 :

1823 4198 1841 4230 ε
1876 4178 2055 4235 Inveni
2114 4180 2281 4236 David
2327 4182 2477 4239 Iesse
2522 4184 2719 4250 tilium,
2762 4187 3036 4242 hominem
3089 4188 3244 4257 juxta
3293 4206 3388 4244 cor

1820 4286 2021 4337 meum,
2047 4289 2065 4323 ι
2094 4287 2215 4341 qua:
2229 4272 2387 4328 divus
2411 4272 2631 4341 Paulus,
2658 4280 2899 4344 quamvis
2918 4279 3159 4348 apprime
3178 4290 3381 4345 nosset,

1820 4371 2055 4417 attamen
2088 4378 2272 4417 coram
2303 4365 2499 4434 popqu
2527 4367 2594 4419 de
2623 4368 2801 4423 activa
2832 4369 2955 4424 vitae
2984 4372 3194 4425 ratione
3223 4372 3385 4426 verba

1821 4453 2025 4508 faciens
2046 4454 2135 4517 ”',
2166 4469 2325 4509 voces
2356 4470 2521 4525 supra
2549 4458 2724 4514 dictas
2757 4475 2849 4527 per
2882 4460 3200 4516 abusionem
3231 4480 3388 4518 usur-

1821 4542 1987 4607 pavit.
2015 4539 2220 4594 Dieitur
2252 4538 2419 4596 David
2472 4542 2626 4611 juxta
2652 4560 2746 4598 cor
2785 4545 2877 4600 Dei
2923 4547 3173 4603 inventus
3199 4550 3385 4616 fuisse,

1819 4629 1983 4698 quod,
2033 4630 2217 4685 multis
2250 4632 2521 4687 mandatis
2568 4635 2894 4704 vigentibus,
2945 4639 3147 4706 quibus
3172 4640 3388 4697 virtutis

137 4730 295 4794 ζεται
318 4730 533 4799 τρόπος,
555 4728 781 4798 οὐδεμία
807 4728 939 4798 άλλη
986 4727 1166 4797 ἵστησι
1202 4726 1433 4795 πλησίον
1453 4725 1588 4780 Θεοῦ
1625 4726 1717 4778 καί

1820 4718 2095 4787 proprium
2145 4719 2506 4789 exprimitur,
2561 4724 2765 4777 nullum
2821 4726 2965 4781 aliud
3036 4730 3259 4799 propius
3320 4732 3388 4787 ad

136 4824 265 4875 ὅσον
296 4818 611 4890 ἀνθρωπίνῃ
646 4819 804 4888 φύσει
830 4818 1058 4871 δυνατὸν
1098 4821 1174 4880 εἰς
1218 4819 1319 4886 τὴν
1354 4818 1486 4887 πρὸς
1509 4818 1713 4870 έκεῖνον

137 4912 403 4981 ὁμοίωσιν
423 4908 766 4973 ἀναϐιϐάζει,
787 4908 863 4972 ὡς
883 4908 946 4961 τὸ
984 4908 1109 4971 τοὺς
1136 4906 1360 4978 ἐχθροὺς
1388 4906 1712 4977 ἀμείϐεσθαι

104 5040 107 5043 -
136 5000 388 5069 ἀγαθοῖς·
413 5003 505 5054 καὶ
552 5000 660 5069 γάρ
687 5002 716 5053 6
763 4999 1034 5069 Κυριακὸς
1072 5000 1130 5051 έν
1164 4998 1512 5065 Εὐαγγελίοις
1561 4996 1715 5059 λόγος

138 5091 299 5161 φησί·
333 5090 593 5144 «Γίνεσθε
635 5088 979 5159 οἰκτίρμονες
1017 5089 1093 5150 ὡς
1130 5090 1221 5141 καὶ
1259 5090 1288 5141 6
1337 5086 1525 5156 Πατὴρ
1563 5085 1714 5155 ὑμῶν

136 5180 473 5251 οἰκτίρμων·
505 5180 668 5241 αὐτὸς
692 5179 802 5249 γὰρ
822 5177 1102 5232 ἀνατέλλει
1129 5177 1217 5230 τὸν
1258 5176 1406 5247 ἣλιον
1432 5174 1596 5229 αὐτοῦ
1617 5175 1709 5226 επὶ

136 5268 381 5339 ἀγαθοὺς
411 5272 504 5326 καὶ
519 5270 819 5341 πονηρούς·
854 5289 873 5322 ο
903 5272 996 5323 καὶ
1040 5270 1219 5325 πάλιν·
1250 5286 1269 5320 ι
1294 5269 1487 5331 Καλῶς
1516 5269 1714 5320 ποιεῖτε

133 5365 255 5423 τοῖς
278 5360 526 5430 μισοῦσιν
547 5361 713 5431 ὑμᾶς,
753 5360 844 5415 ἵνα
874 5358 1106 5430 γένησθε
1159 5360 1333 5428 ὅμοιοι
1365 5357 1459 5410 τοῦ
1505 5357 1713 5426 Πατρός

138 5466 250 5520 μου
273 5450 365 5502 τοῦ
382 5448 449 5502 ’δν
464 5454 574 5513 τοῖς
592 5450 865 5520 οὐρανοῖς·
892 5467 910 5499 ι
940 5446 1113 5515 όγοῦν
1150 5446 1317 5500 saeta
1343 5446 1544 5513 ταύτην
1580 5461 1713 5497 κατ-

134 5540 387 5612 ορθώσας
418 5542 515 5610 τὴν
543 5539 764 5610 ἀρετὴν,
782 5542 830 5592 εί
858 5540 951 5592 καὶ
971 5541 1028 5591 έν
1068 5537 1267 5604 ἄλλοις,
1294 5537 1387 5590 ἅτε
1412 5534 1479 5605 δὴ
1501 5534 1710 5604 ἀνθρω-

206 5748 255 5779 ⁵³
286 5746 329 5777 ³⁸
361 5744 401 5799 ll
427 5745 554 5801 Cor.
599 5761 689 5809 xu,
719 5744 769 5798 7.
836 5744 874 5776 “
903 5744 1043 5798 I'sal.
1076 5759 1339 5809 suum,
1362 5744 1450 5796 ιιι.

1823 4807 1984 4862 Deum
2008 4823 2108 4863 nos
2127 4810 2287 4881 erigit
2306 4821 2360 4865 et
2383 4822 2647 4882 quantum
2689 4815 2939 4871 humanm
2972 4828 3180 4873 natura:
3204 4822 3388 4877 datum

1820 4909 1922 4962 est,
1974 4900 2043 4954 ad
2083 4902 2492 4957 similitudinem
2532 4906 2679 4960 illius
2727 4908 2887 4972 tollit,
2939 4924 3102 4978 quant
3152 4911 3391 4968 inimicis

1823 4989 2023 5052 nostris
2085 4990 2224 5044 bona
2285 5006 2380 5060 pro
2436 4994 2594 5049 malis
2650 4996 2969 5053 retribuam.
3033 4998 3279 5071 Namque
3336 5005 3391 5058 in

1823 5077 2113 5147 Evangelia
2157 5081 2295 5137 dixit
2344 5081 2606 5141 Dominus
2650 5106 2662 5140 :
2714 5105 2733 5138 ε
2770 5086 2954 5143 Estote
2990 5105 3120 5159 ergo
3172 5094 3390 5149 miseri-

1823 5169 2015 5223 cordes
2038 5169 2179 5224 sicut
2198 5178 2251 5224 et
2271 5167 2433 5225 Pater
2453 5182 2633 5229 vester
2658 5176 2969 5233 misericors
2993 5190 3097 5234 est.
3126 5180 3215 5236 Ille
3244 5184 3389 5238 enim

1823 5260 1988 5313 solem
2039 5275 2195 5314 suum
2244 5261 2375 5315 oriri
2410 5260 2725 5335 facitsuper
2751 5264 2921 5323 bonos
2965 5278 3021 5324 ct
3064 5272 3236 5327 malos
3255 5274 3320 5328 ³³.
3364 5294 3383 5327 ι

1822 5350 2138 5420 Rursusque
2188 5368 2201 5405 :
2260 5370 2280 5403 ι
2336 5351 2644 5411 Bcnefacite
2695 5360 2780 5413 his
2833 5362 2924 5431 qui
2989 5364 3224 5419 oderunt
3270 5380 3388 5432 vos,

1822 5451 1879 5493 ut
1906 5442 2027 5495 sitis
2058 5441 2151 5494 lilii
2183 5440 2357 5497 Patris
2383 5448 2549 5500 vestri
2579 5450 2673 5517 qui
2701 5449 2753 5503 in
2785 5452 2939 5507 caelis
2967 5465 3051 5509 est
3068 5454 3133 5508 “.
3163 5472 3183 5507 ι
3221 5453 3391 5511 David

1822 5532 1980 5602 igitur
2007 5532 2096 5586 illa
2131 5532 2329 5589 virtute
2378 5537 2656 5605 prmditus,
2708 5544 2956 5610 quamvis
2989 5545 3092 5598 alia
3124 5560 3188 5599 cx
3242 5556 3392 5614 parte

1510 5743 1551 5773 ³³
1587 5741 1605 5795 l
1634 5739 1721 5807 lic;

1806 5753 1908 5803 IIII,
1943 5737 2022 5791 l-i.
2078 5738 2138 5770 ³³·
2172 5739 2290 5793 Act.
2322 5755 2437 5806 xttt,
2468 5742 2555 5795 '23.
2615 5745 2654 5773 λδ
2686 5742 2813 5798 Luc.
2840 5745 3016 5807 γι,5εὶ.
3080 5750 3114 5777 ³·
3144 5748 3272 5804 ibid.
3299 5747 3387 5805 27.
