4156 6438
214 414 358 482 1169

974 421 1074 482 AD
1102 415 1694 480 AMPIIILOCHIUM
1724 416 2072 488 QUAZSTIO
2111 417 2705 481 CCCXVII-CCCXX.

3351 422 3492 497 1170

208 529 329 592 δεις
360 528 450 582 διὰ
496 526 608 581 τῶν
658 525 916 597 θυμάτων
960 526 1301 595 ιπελύγαςον
1329 526 1424 581 τὸν
1474 527 1619 597 ἀέρα
1647 542 1662 558 ο
1699 526 1793 580 καὶ

1899 526 2042 581 inter
2067 525 2342 581 sacriﬁcia
2377 539 2557 581 aerem
2580 527 3030 585 obscurantibus.
3058 527 3361 602 Meritoque
3415 538 3485 589 ad

208 619 444 681 εἰκότως
469 616 607 687 πρὸς
636 617 879 689 ἑσπέραν
921 616 983 670 τδ
1008 616 1386 687 προχαράττον
1413 614 1513 685 τὴν
1564 614 1797 685 νομικὴν

206 710 408 764 θυσίαν
453 710 784 779 κατεφέρετο
820 711 933 772 τοῖς
984 707 1343 778 Ἰσραηλίταις
1381 722 1398 737 ο
1428 705 1691 771 ὡσαύτως
1736 705 1795 759 δι

206 804 270 857 εί
297 822 381 869 τις
419 804 576 867 ἄλλος
614 802 863 874 έθελήσοι
900 801 1086 857 λαϐεῖν
1130 800 1291 854 τοῦτο
1321 800 1398 863 ὡς
1421 800 1795 871 προκάραγμα

208 895 315 965 τῆς
338 898 419 959 είς
444 896 679 966 Χριστὸν
726 894 982 957 πίστεως,
1022 894 1125 947 οὐκ
1154 892 1223 947 ἂν
1248 890 1343 945 τοῦ
1377 891 1588 954 εἰκότος
1614 906 1793 961 παρα·

211 988 469 1058 σφαλείη·
496 987 591 1041 καὶ
627 985 720 1040 τοῦ
743 985 993 1056 σώματος
1020 985 1078 1039 δὲ
1102 983 1341 1056 Χριστοῦ
1360 985 1390 1036 ὁ
1414 980 1594 1036 λαϐὼν
1616 983 1791 1037 ἐδίδου

207 1081 328 1142 τοῖς
348 1080 663 1149 μαθηταίςὸ
683 1079 873 1149 Σωτήρ
884 1078 1084 1146 λέγων·
1112 1076 1348 1145 «Φάγετε
1364 1075 1589 1143 πάντες,
1618 1094 1637 1127 s
1658 1074 1794 1138 είτις

211 1170 573 1239 προτύπωσιν
600 1169 735 1238 φαίη
767 1168 829 1222 τὺ
856 1171 1054 1239 μάννα,
1078 1168 1315 1236 εὐλόγως
1341 1166 1408 1220 ἂν
1445 1166 1599 1239 εῦροι
1625 1167 1686 1220 τὸ
1733 1168 1793 1221 ιν

211 1274 284 1343 τῇ
316 1272 497 1343 πρωῖφ
530 1267 689 1323 τοῦτο
715 1266 979 1338 φέρεσθαι
1010 1266 1122 1328 τοῖς
1155 1263 1656 1334 Ἰσραηλίταιςοκα),
1684 1264 1794 1337 γὰρ

213 1365 253 1433 ἡ
282 1360 549 1431 καθολικὴ
579 1359 675 1413 τοῦ
705 1356 842 1412 Θεοῦ
865 1391 877 1402 -
900 1355 1217 1426 Ἐκκλησία,
1248 1353 1409 1408 τοῦτο
1436 1357 1556 1409 νυνὶ
1598 1354 1795 1425 διαφυ-

210 1456 421 1519 λάττει,
446 1455 505 1507 ιν
534 1452 615 1521 τῷ
644 1451 747 1520 τῆς
777 1450 990 1522 πρωῖας
1028 1447 1205 1518 καιρῷ
1233 1446 1332 1519 τὴν
1362 1448 1517 1519 ἱερὰν
1566 1450 1661 1502 καὶ
1692 1465 1794 1502 κα-

213 1544 390 1616 θαρὰν
418 1544 515 1597 καὶ
537 1542 874 1613 ἀναίμακτον
891 1538 1083 1593 θυσίαν
1107 1536 1545 1609 μυσταγωγοῦσα
1566 1539 1663 1592 καὶ
1690 1538 1790 1611 τὴν

211 1636 311 1691 τοῦ
342 1634 608 1705 παναγίου
627 1632 943 1703 Πνεῦματος
964 1630 1127 1702 χάριν
1150 1629 1507 1699 ικδεχομένη.

732 1720 1069 1775 ΕΡΩΊῊΣΙΣ
1118 1717 1263 1772 ⁸1⁵12⁸.

1896 631 2181 686 vesperam
2260 616 2405 687 quod
2487 617 2741 688 legitima:
2798 628 2919 674 erat
2994 621 3233 676 victima:
3315 623 3485 695 ﬁgura

1898 705 2163 763 lsraelitis
2200 716 2571 780 ortygometra
2615 709 2992 766 diﬁ‘erebatur.
3057 711 3262 767 Eodem
3317 717 3482 770 modo

1898 816 2005 855 non
2047 816 2079 855 a
2125 799 2486 870 conjiciendis
2537 800 2863 856 abhorreret
2919 801 3015 872 qui
3073 801 3181 857 hoc
3234 815 3487 860 censeret

1894 891 2347 963 praenuntiavisse
2388 890 2548 946 tidem
2580 890 2636 946 in
2685 891 2990 948 Christum.
3032 891 3251 963 Corpus
3299 905 3483 949 autem

1896 983 2105 1040 Christi
2128 982 2277 1052 quod
2317 991 2603 1054 postquam
2650 984 2885 1054 cepisset
2933 984 3190 1041 Christus
3230 984 3486 1041 Salvator

1897 1087 2087 1134 noster
2106 1075 2393 1146 discipulis
2406 1075 2552 1131 dedit
2576 1077 2766 1133 dicens
2787 1094 2802 1132 :
2825 1075 3142 1134 «Comedite
3163 1092 3357 1134 omnes
3377 1076 3444 1134 ³⁸.
3460 1098 3479 1131 s

1898 1173 1956 1228 Si
1996 1172 2120 1242 quis
2148 1170 2550 1242 praeliguratum
2578 1185 2697 1225 esse
2723 1185 2922 1225 manna
2954 1171 3185 1238 diceret,
3236 1180 3490 1227 censeret

1865 1281 1871 1288 ’
1900 1280 2102 1319 manna
2125 1264 2324 1319 merito
2347 1261 2606 1318 lsraelitis
2630 1278 2790 1317 mane
2816 1263 3040 1318 allatum
3061 1278 3219 1331 esse;
3247 1279 3486 1334 namque

1900 1356 2169 1412 catholica
2221 1353 2319 1409 Dei
2368 1354 2613 1410 Ecclesia
2664 1369 2873 1409 morem
2906 1356 3054 1413 hunc
3101 1357 3265 1413 hodie
3313 1358 3481 1413 etiam

1900 1448 2155 1503 observat
2184 1460 2309 1504 cum
2343 1460 2505 1501 mane
2528 1456 2778 1501 sanctum
2812 1463 3116 1519 purumque
3145 1457 3202 1505 et
3230 1449 3486 1504 incruen-

1897 1545 2013 1591 tum
2078 1535 2409 1593 sacriﬁcium
2481 1536 2759 1604 celebret,
2837 1548 3060 1609 accepta
3144 1541 3483 1599 sanctissimi

1895 1630 2132 1701 Spiritus
2157 1630 2355 1703 gratia.

2368 1723 2693 1792 QUAESTIO
2722 1723 3021 1781 CCCXVII.

921 1839 1067 1891 Edita
1098 1853 1125 1889 a
1158 1839 1283 1889 Malo
1315 1839 1373 1904 (1.
1404 1852 1451 1890 c.
1483 1852 1533 1903 p.
1567 1838 1677 1901 156,
1712 1839 1820 1902 157,
1849 1854 1901 1892 ιι.
1934 1841 2066 1907 314).
2104 1870 2165 1882 --
2202 1844 2258 1894 lu
2289 1843 2411 1894 Gen.
2445 1858 2562 1906 xvn,
2593 1845 2624 1894 2
2652 1859 2793 1909 seqq.

305 1932 396 1987 Ἐν
423 1930 607 1997 μέντοι
636 1928 732 1998 τῷ·
762 1949 782 1980 ι
808 1927 971 1998 Θήσω
987 1926 1084 1997 τὴν
1098 1926 1367 1996 διαθήκην
1388 1942 1489 1997 μου
1510 1924 1614 1979 ἀνὰ
1632 1924 1793 1997 μέσον

1969 1927 2027 1983 ln
2057 1929 2161 1984 hoc
2189 1931 2375 1996 verbo,
2418 1949 2438 1982 ι
2470 1929 2718 1986 Statuam
2750 1940 2968 2002 pactum
3000 1948 3182 1988 meum
3216 1932 3360 1989 inter
3393 1950 3481 1990 me

214 2022 353 2095 ἐμοῦ
388 2023 481 2075 καὶ
500 2018 596 2073 σοῦ
625 2038 644 2071 s
668 2017 804 2089 πρὸς
820 2018 911 2070 τὸν
938 2016 1189 2088 Ἀϐραὰμ
1212 2017 1507 2088 εἰρημένῳ,
1529 2015 1794 2087 διαθήκην

220 2118 321 2188 μὲν
344 2114 410 2168 τὰ
443 2113 538 2167 νῦν
561 2111 661 2182 τὴν
691 2110 992 2181 περιτομὴν
1016 2108 1186 2180 δηλοῖ·
1221 2108 1285 2161 τὸ
1316 2108 1396 2173 δὲ,
1426 2127 1445 2161 ι
1469 2109 1594 2162 Ἀνὰ
1624 2109 1793 2179 μέσον

217 2206 354 2279 ἐμοῦ
379 2205 474 2259 καὶ
505 2203 622 2269 σοῦ,
652 2204 733 2255 ὅτι
761 2201 909 2271 Αὕτη
930 2202 1037 2271 ἐμὴ
1065 2199 1302 2271 διαθήκη
1345 2201 1654 2271 μεσιτεύσει
1684 2202 1795 2271 ἁμ-

213 2304 338 2368 φοῖν
396 2295 734 2365 ἀναμεταξὺ,
780 2296 863 2348 δτι
913 2293 1166 2363 ἀψευδεῖς
1229 2309 1314 2347 σοι
1363 2295 1418 2345 αἱ
1474 2293 1604 2363 παρ’
1651 2292 1786 2364 ἐμοῦ

212 2376 429 2445 ἔσονται
458 2389 803 2458 ἐπαγγελίαι·
818 2408 838 2441 s
859 2388 1084 2443 δύναται
1102 2388 1160 2441 δὲ
1173 2388 1252 2453 τδ,
1278 2407 1298 2440 ι
1320 2388 1448 2443 Ἀνὰ
1464 2389 1629 2459 μέσον
1656 2387 1793 2458 ἐμοῦ

217 2485 314 2537 καὶ
345 2482 439 2536 σοῦ
472 2503 490 2536 s
514 2482 609 2536 καὶ
633 2482 893 2552 χρονικήν
917 2498 1040 2535 τινα
1060 2482 1371 2552 παράτασιν
1401 2480 1791 2551 ὕπεμφαίνειν,

216 2574 314 2626 καὶ
363 2572 569 2641 ταύτην
612 2570 667 2623 εί
707 2587 792 2634 τις
850 2570 1043 2640 ἔμελλε
1097 2573 1165 2641 τῇ
1223 2572 1497 2641 περιτομῇ
1536 2587 1790 2642 παραμε-

214 2664 486 2734 τρεῖσθαι,
516 2663 743 2717 ὡσανεί·
775 2663 834 2716 '0
857 2663 956 2733 τὴν
978 2663 1112 2732 πρὸς
1142 2664 1201 2716 σὲ
1223 2665 1343 2717 νυνὶ
1368 2663 1635 2735 διαθήκην
1666 2679 1794 2717 συν-

222 2758 372 2819 ιστὰς
438 2754 572 2823 ἐγὼ,
608 2754 762 2807 ἔσται
788 2754 875 2807 ὅτε
908 2756 1212 2825 γενήσομαι
1255 2753 1545 2826 ἄνθρωπος
1574 2770 1590 2785 ο
1619 2753 1717 2808 καὶ
1758 2756 1793 2827 ή

214 2847 447 2917 διαθήκη
481 2862 582 2916 μου
616 2844 756 2917 αῦτη
786 2846 906 2914 ήτοι
934 2847 967 2916 ή
1001 2845 1273 2916 περιτομὴ
1305 2846 1413 2899 ἀπὸ
1438 2845 1533 2900 σοῦ
1562 2847 1661 2916 τὴν
1692 2847 1797 2918 ἀρ-

216 2936 320 3009 χὴν
343 2935 602 3000 λαὸοῦσα,
640 2935 834 3007 μέχρις
872 2935 1007 3007 ἐμοῦ
1040 2935 1458 3007 διακρατήσασα
1484 2935 1675 3005 λήξει·
1700 2935 1797 2990 καὶ

214 3027 346 3096 γὰρ]
389 3027 530 3097 μετὰ
563 3023 661 3094 τὴν
713 3022 1016 3095 περιτομὴν
1059 3024 1152 3077 τοῦ
1201 3024 1473 3077 Δεσπότου
1531 3022 1792 3093 Χριστοῦ,

214 3117 401 3170 οὐκέτι
431 3114 614 3187 χώραν
655 3115 814 3185 ἔσχεν
846 3117 902 3185 ιή
950 3113 1091 3168 κατὰ
1153 3114 1319 3184 νόμον
1375 3114 1645 3185 γενομένη
1696 3115 1794 3185 τῆς

214 3204 579 3277 ἀκροϐυστίας
608 3204 876 3275 περιτομή
899 3202 1047 3257 ’ἀλλ’
1077 3203 1192 3256 ὅσοι
1226 3201 1673 3273 περιετμήθησαν
1700 3205 1797 3255 καὶ

1893 2028 1949 2075 et
1976 2028 2048 2086 te,
2087 2037 2107 2071 ι
2130 2018 2404 2075 Abraham
2435 2020 2602 2086 dicto,
2631 2023 2771 2078 Deus
2804 2022 3050 2078 ostendit
3085 2023 3231 2093 pacti
3256 2023 3478 2093 quidem

1895 2109 1978 2163 sui
2008 2110 2223 2179 signum
2256 2125 2380 2165 esse
2408 2112 2909 2167 circumcisionem.
2953 2111 3069 2167 Hoc
3099 2128 3252 2179 vero,
3284 2132 3303 2164 ε
3334 2114 3484 2168 inter

1898 2215 1983 2256 me
2010 2209 2064 2255 et
2086 2212 2158 2265 te,
2185 2221 2205 2254 s
2235 2201 2379 2257 hanc
2408 2201 2515 2255 vim
2548 2201 2711 2258 habet
2738 2220 2753 2256 :
2790 2220 2808 2253 ι
2841 2200 3023 2273 Ipsum
3050 2218 3234 2258 meum
3261 2213 3480 2273 pactum

1896 2297 1950 2351 in
1976 2297 2157 2351 medio
2192 2297 2299 2352 erit
2347 2297 2488 2352 inter
2520 2313 2621 2353 nos
2670 2299 2931 2368 quoniam
2978 2314 3111 2354 mea:
3163 2315 3272 2354 non
3320 2309 3483 2354 erunt

1895 2387 2046 2444 falsa
2074 2389 2493 2459 promissioues.
2521 2408 2540 2443 ι
2590 2388 2781 2447 Potest
2803 2406 3024 2460 quoque
3046 2391 3151 2446 hoc
3178 2409 3197 2442 ι
3224 2389 3367 2444 Inter
3392 2405 3480 2443 me

1894 2487 1950 2535 et
1982 2488 2033 2535 te
2070 2499 2088 2532 ι
2126 2480 2359 2550 spatium
2412 2481 2679 2550 temporis
2719 2480 3026 2550 designare,
3057 2480 3225 2548 quod,
3275 2480 3319 2533 si
3352 2479 3479 2549 quis

1896 2572 2026 2628 velit
2057 2573 2478 2629 circmncisione
2505 2572 2710 2635 metiri,
2740 2572 3025 2626 habebitur
3052 2571 3197 2627 Deus
3224 2573 3338 2626 haec
3363 2568 3479 2625 fere

1894 2662 2084 2718 dicens
2118 2660 2385 2717 :Pactum
2419 2662 2563 2732 quod
2594 2676 2695 2732 ego
2727 2660 2904 2731 pepigi
2950 2668 3129 2715 tecum
3171 2659 3277 2713 erit
3302 2673 3479 2728 usque

1896 2750 1962 2805 ad
1982 2760 2198 2821 tempus
2223 2767 2333 2822 quo
2363 2752 2527 2806 homo
2558 2754 2704 2806 ﬁam.
2738 2751 2805 2805 Et
2838 2766 3017 2807 meum
3044 2758 3287 2821 pactum,
3319 2749 3477 2806 scili-

1895 2856 1980 2900 cet
2013 2846 2361 2902 circumcisio
2410 2862 2535 2917 qua:
2585 2862 2617 2901 a
2665 2854 2718 2901 te
2771 2846 2993 2917 incipiet
3047 2861 3223 2915 usque
3276 2848 3341 2900 all
3389 2861 3477 2901 me

1896 2938 2119 3008 vigebit.
2187 2937 2399 2993 Etenim
2461 2948 2584 3008 post
2648 2937 2861 2993 Domini
2921 2939 3126 2994 Christi
3181 2939 3476 2993 circumci-

1897 3026 2131 3090 sionem,
2159 3028 2364 3081 nullam
2392 3026 2508 3097 jam
2548 3027 2736 3082 habuit
2767 3027 2944 3081 locum
2988 3027 3237 3096 praeputii
3276 3041 3473 3081 secun.

1895 3119 2023 3172 dum
2055 3119 2227 3188 legem
2252 3118 2625 3174 circumcisio.
2652 3118 2756 3174 Sed
2786 3134 2951 3188 quam
2980 3119 3138 3172 multi
3169 3119 3477 3172 circumcisi

1896 3218 2026 3265 sunt
2048 3218 2158 3263 tam
2190 3211 2343 3263 multi
2368 3218 2559 3264 contra
2600 3209 2809 3280 legem;
2847 3210 2962 3263 lucc
3004 3218 3185 3263 autem
3238 3209 3477 3263 cireum-

218 3298 665 3370 παρανομοῦντες
692 3298 1224 3371 περιετμήθησανοή
1252 3297 1311 3350 δὲ
1342 3298 1493 3369 παρὰ
1513 3296 1633 3367 Θεῷ
1663 3297 1793 3368 ὡρι-

1897 3300 2036 3357 cisio
2066 3316 2098 3355 a
2130 3300 2241 3355 Deo
2270 3300 2533 3371 prmﬁnita
2557 3301 2609 3355 in
2642 3278 2761 3372 ipso
2795 3300 3013 3355 Christo
3045 3302 3208 3355 ﬁnem
3243 3301 3425 3355 habet.

221 3392 396 3463 σμένη
432 3390 702 3462 περιτομή
725 3391 783 3444 ἑν
826 3390 977 3461 αὐτῷ
995 3391 1273 3445 πέπαυται
1299 3389 1378 3461 τῷ
1409 3388 1649 3460 Χριστῷ.

738 3502 1073 3557 ΕΡΩΤΗΣΙΣ
1104 3503 1262 3557 Τιιίο.

218 3598 327 3651 Διὰ
357 3597 412 3649 τι
438 3596 806 3662 ἑπετΙμησεν
830 3598 863 3648 ό
906 3593 1147 3663 Ἰησοῦς
1175 3591 1255 3657 τῷ
1284 3594 1500 3661 Πέτρῳ,
1558 3595 1666 3648 τὸν
1694 3594 1795 3648 0d—

536 3682 723 3719 νατον
755 3664 1320 3733 δυσανασχετοῦντι
1349 3666 1425 3735 (1)
1450 3680 1465 3728 ;

2012 3498 2341 3568 QUIESTIO
2377 3500 2678 3557 cccxvm
2722 3503 2909 3576 [eam
2954 3503 3117 3558 Taur.
3159 3501 3368 3575 xcnu.

1897 3588 2074 3655 Quare
2104 3588 2266 3643 Iesus
2313 3588 2555 3672 Pen-unt.
2600 3602 2851 3719 mortem?
2867 3594 2984 3663 ejus
3024 3610 3163 3663 aegre
3204 3593 3474 3662 ferentem,

2522 3673 2810 3719 increpavit

2522 3673 2810 3732 increpavit

586 3782 843 3833 Editarum
866 3796 895 3832 a
916 3780 1090 3833 Wolﬁo
1108 3782 1485 3845 quadragesima
1503 3782 1675 3843 quinta
1706 3780 1848 3843 (Cur.
1875 3773 2079 3839 Philol.,
2103 3781 2144 3827 t.
2164 3777 2225 3838 V,
2258 3792 2308 3842 p.
2333 3778 2443 3829 684.
2474 3779 2678 3831 Galland
2722 3796 2772 3845 p.
2803 3782 2912 3844 706,
2936 3797 2987 3833 ιι.
3005 3782 3080 3845 9).

299 3871 538 3941 Ὀτιπερ
569 3872 619 3923 εί
674 3870 769 3922 καὶ
801 3868 1011 3940 φίλτρῳ
1045 3866 1241 3932 ζέοντι,
1296 3870 1391 3922 καὶ
1440 3869 1643 3938 στοργῇ
1696 3867 1796 3937 έμ-

219 3964 384 4034 πύρῳ
408 3960 584 4015 ἐδόκει
611 3962 954 4032 προαγαγεῖν
995 3960 1057 4013 τδ
1106 3958 1283 4030 ῥῆμα,
1315 3958 1431 4012 ἀλλ’
1457 3957 1552 4011 οῦν
1598 3957 1796 4029 ήδονήν

218 4056 418 4125 ἔφερεν
463 4055 542 4123 τῷ
588 4052 845 4121 διαῦόλῳ.
880 4051 989 4105 Τοῦ
1019 4052 1128 4123 γὰρ
1165 4051 1243 4123 μὴ
1282 4050 1475 4105 παθεῖν
1520 4050 1613 4105 τὸν
1659 4052 1795 4123 Χρι-

225 4146 377 4210 στὸν,
420 4145 614 4214 κέρδος
659 4138 728 4214 ἦν
778 4144 1036 4213 μέγιστον
1062 4142 1142 4213 τῷ
1171 4144 1417 4215 Σατανᾷ,
1467 4143 1563 4197 ἅτε
1606 4142 1671 4213 δὴ
1698 4142 1797 4212 τῆς

217 4237 335 4292 τῶν
401 4235 709 4307 ἀνθρώπων
756 4233 1072 4305 τυραννίδος
1124 4234 1225 4287 οὐκ
1279 4234 1637 4305 ὲξισταμένῳ.
1696 4235 1794 4289 Διὰ

213 4325 379 4379 τοῦτο
405 4324 499 4379 οῦν
526 4326 622 4378 καὶ
650 4326 685 4395 ή
735 4324 1055 4395 ἐπιτίμησις
1097 4322 1281 4393 λέγει·
1316 4343 1335 4377 ι
1369 4324 1586 4393 Ὕπαγε
1619 4324 1794 4379 ὀπίσω

219 4434 354 4490 μου,
381 4417 617 4483 Σατανᾶ,
652 4414 790 4469 διότι
817 4414 881 4469 οὐ
911 4416 1129 4486 φρονεῖς
1150 4416 1221 4469 τα
1243 4412 1338 4468 τοῦ
1368 4413 1527 4471 Θεοῦ.
1569 4432 1589 4466 s

1965 3862 2153 3920 Causa
2198 3865 2275 3919 rei
2306 3865 2422 3922 haec
2452 3876 2556 3931 est,
2590 3869 2760 3937 quod,
2793 3870 3047 3938 quamvis
3074 3885 3144 3925 ex
3178 3870 3354 3925 calido
3387 3871 3474 3925 af-

1900 3949 2052 4009 fectu
2082 3964 2137 4010 et
2166 3968 2357 4011 amore
2389 3954 2636 4011 fervente
2679 3957 2751 4012 ita
2778 3958 2926 4029 loqui
2953 3960 3249 4028 videretur,
3283 3964 3475 4019 eadem

1899 4046 2081 4094 tamen
2147 4056 2314 4112 opera
2369 4043 2590 4099 diabolo
2630 4056 2843 4116 gratum
2895 4048 3151 4106 faciebat.
3194 4052 3473 4108 Christum

1893 4130 2046 4183 enim
2089 4146 2198 4185 non
2244 4133 2475 4203 perpeti,
2536 4136 2834 4191 maximum
2884 4138 3099 4193 lucrum
3144 4143 3477 4199 conciliabat

1895 4216 2134 4287 Satanae,
2186 4221 2255 4278 de
2306 4232 2578 4292 potestate
2631 4241 2731 4281 sua
2779 4228 2834 4282 in
2890 4230 3144 4287 homines
3189 4250 3472 4305 nunquam

1893 4307 2136 4380 alioquin
2192 4311 2559 4370 deturbando.
2611 4316 2904 4387 Propterea
2954 4323 3119 4377 etiam
3172 4324 3474 4395 increpatio

1897 4398 1973 4453 ita
2033 4400 2308 4457 habebat:
2343 4420 2363 4456 ι
2403 4402 2738 4475 Retrocede,
2806 4407 3044 4480 Satana,
3097 4428 3272 4486 neque
3322 4417 3470 4473 enim

1898 4489 2045 4559 sapis
2073 4507 2159 4560 ea,
2190 4508 2313 4563 qua:
2340 4493 2438 4550 Dei
2468 4506 2597 4551 sunt
2619 4497 2687 4552 ”.
2719 4499 2759 4569 »ι

1196 4587 1524 4681 ΩυΑῦΞΤΙΟ
1573 4591 1827 4650 CCCXIX
1885 4599 2070 4673 [CoisL
2113 4605 2271 4663 Taur.
2313 4605 2470 4664 XCIV
2476 4609 2517 4681 J.

1320 4680 1398 4735 De
1424 4681 1702 4737 Absalomi
1730 4688 2005 4749 seditione.
2035 4724 2101 4736 —
2132 4696 2360 4754 luedita.

216 4781 282 4836 γι
321 4776 600 4847 στυιαίνει
647 4774 687 4842 ἠ
734 4773 843 4829 τοῦ
863 4772 1200 4898 £20m“
1229 4772 1311 4841 τῷ
1342 4777 1518 4845 πατρί
1561 4779 1780 4837 ἐπανά-

982 4861 1116 4898 σερε

943 4861 1083 4910 acu;
1093 4861 1116 4910 ;

286 4936 400 5006 Τήν
442 4936 552 4989 τῶν
600 4933 872 4988 Ἰουδαίων
918 4934 1175 4999 είκονίζει
1218 4937 1360 4992 κατὰ
1386 4939 1480 4994 τοῦ
1530 4941 1784 5016 Σωτῆρος

204 5027 673 5083 iuvandum...

765 5115 1101 5170 ΕΡΩἸἮΣΙΣ
1127 5117 1258 5173 τις.

207 5204 353 5283 Πῷς
392 5204 468 5283 (εί)
497 5205 932 5283 ἐντελλόμενος
955 5211 988 5260 ὀ
1013 5208 1496 5283 ,Σωτὴρίπάλντας
1522 5213 1781 5283 ἀγαπᾷν,

282 5274 578 5329 ἐπιτάττει
615 5274 885 5351 *ἀτέρπ-ων
931 5277 1075 5351 τοὺς
1133 5274 1401 5351 μᾶθητὰς
1439 5274 1525 5349 εἷς
1560 5274 1626 5336 ib
1679 5274 1785 5351 ἀήᾷ

274 5361 498 5414 purga,
518 5346 750 5413 μηδένα
774 5345 1147 5407 άσπὰζὲσθαὶ
1183 5349 1333 5403 κατὰ
1374 5345 1699 5418 τῆν’όὸόθπ

1964 4786 2105 4854 Quid
2131 4793 2403 4861 signiﬁcat
2444 4796 2721 4851 Absalomi
2762 4809 2947 4855 contra
2988 4814 3196 4871 patrem
3234 4808 3469 4866 seditio!

1962 4939 2186 5010 Figurat
2233 4943 2548 5004 Judzeorum
2624 4955 2946 5012 seditionem
3010 4971 3205 5016 contra
3274 4964 3467 5020 Salva.

1890 5040 2064 5089 torem
2103 5077 2116 5089 .
2153 5075 2166 5089 .
2204 5075 2219 5088 .

2029 5125 2357 5192 ρυιεδτιο
2393 5130 2622 5188 CCCXX
2664 5133 2857 5206 [CoisL
2914 5138 3080 5195 Taur.
3125 5142 3307 5218 XCV].

1892 5216 2469 5307 QuomotIOISaloator
2526 5237 2750 5307 noster,_
2797 5246 2976 5284 omnes
3016 5250 3198 5290 nutare
3236 5216 3464 5307 jnbms,

1964 5288 2256 5378 discipulos
2296 5303 2470 5347 tamen
2514 5288 2750 5378 suoshd
2788 5288 3194 5378 prwdicaudnm

1964 5372 2227 5429 prwctptt,
2262 5378 2326 5417 ne
2352 5380 2503 5433 quem
2537 5372 2593 5418 in
2622 5372 2703 5420 ria
2732 5372 2963 5424 salutent
2982 5372 3065 5425 δοῖ)

431 5458 679 5549 Editarum
768 5460 948 5549 Wolﬁo
978 5461 1350 5549 quadragesima
1373 5472 1526 5549 sexta
1561 5468 1700 5529 (Cur.
1723 5469 1929 5532 Philal.,
1965 5478 2004 5520 t.
2042 5472 2101 5531 ν,
2140 5487 2190 5535 p.
2220 5475 2332 5526 6st.
2368 5477 2591 5527 Galland.
2628 5492 2677 5541 ρ.
2713 5480 2823 5540 706,
2858 5497 2907 5532 ιι.
2953 5485 3023 5542 ιο,
3058 5500 3108 5547 q.
3144 5488 3247 5549 ΕΗ).

289 5541 463 5606 Ἔδει,
520 5544 602 5596 ὅτι
668 5544 768 5596 οὐκ
823 5542 969 5597 ἔστιν
1021 5545 1237 5599 ἐναντία
1295 5548 1466 5602 ταῦτα
1514 5550 1777 5621 ἀλλήλων.

284 5682 334 5712 ³⁸
363 5680 553 5736 Matth.
592 5697 740 5746 xxvi,
776 5681 865 5737 26.
944 5683 986 5715 ³³
1023 5682 1216 5742 Matth.
1260 5688 1477 5750 “hi3.

1963 5554 2220 5624 Noverat,
2249 5574 2311 5613 ea
2342 5561 2446 5615 sibi
2470 5563 2700 5643 invicem
2724 5579 2831 5620 non
2858 5568 3157 5624 adversari.
3188 5576 3467 5647 Amplexiv

1556 5691 1598 5721 "
1632 5689 1760 5745 Luc.
1792 5709 1843 5758 κ,
1886 5693 1939 5747 ί.

1685 5808 1918 5866 ποτε,

283 5887 365 5960 (l)
404 5886 561 5948 Deest
588 5891 644 5950 iu
672 5893 794 5950 cod.
823 5894 979 5951 Colb.

1971 5905 2043 5975 (2)
2079 5905 2421 5969 Desideratur
2448 5922 2500 5970 et
2536 5914 2638 5973 hoc
2665 5931 2986 5992 responsum
3014 5922 3068 5978 iu
3092 5923 3246 5982 Colb.
