4156 6438
242 454 372 519 1201

1318 452 1778 515 FRAGMENTA
1794 449 1877 511 IN
1906 447 2373 510 MA'I'I‘lI/EUM.

3332 444 3472 511 1202

243 568 381 620 Τότε
410 562 637 632 ἤρξατο
676 561 978 632 ὀνειδίζειν
1014 561 1120 627 τὰς
1165 563 1384 632 πόλεις
1411 562 1484 632 ἐν
1525 557 1630 632 αἶς
1676 560 1805 627 ἐγέ-

1923 556 2081 632 νελιιε.
2116 556 2205 632 20.
2261 554 2407 609 Tunc
2428 557 2577 632 capit
2602 555 2921 632 exprobrare
2946 555 3249 632 civitatibus
3280 556 3337 632 in
3360 560 3479 626 qui-

309 630 489 688 νον-ἑο
517 635 576 685 αι
607 631 883 687 πλεῖσται
904 631 1186 700 δυνάμεις
1212 630 1422 697 αὑτοῦ,
1448 631 1537 683 ὅτι
1572 631 1645 683 οὐ
1670 645 1808 698 μετα

452 717 594 755 σαν.
881 750 883 752 .

452 717 594 755 σαν.
881 727 891 752 ,ι

308 704 555 845 mimi.
585 789 730 842 Ἔδει
753 788 852 852 τὰς
871 753 1056 852 πόλεις
1078 790 1381 857 ὀνειδίζειν,
1404 789 1493 843 ὅτε
1522 786 1810 856 ἐδικαιώθη

240 882 274 950 ἡ
303 880 462 949 σοφία
501 880 677 933 πάντα
726 879 1057 932 ὲκτελέσασα
1088 878 1158 931 τὰ
1190 879 1288 948 τῆς
1332 876 1604 946 σωτηρίας
1632 873 1813 929 αὐτῶν

237 973 386 1026 αῐτια
413 989 428 1003 ο
482 971 606 1024 ἐπεὶ
636 970 692 1023 δὲ
726 970 902 1024 πάντα
934 971 1163 1039 ποιήσας
1210 970 1310 1022 οὐκ
1352 968 1589 1031 ἔπεισεν,
1622 966 1814 1036 ἑτέραν

234 1064 496 1129 ⁴τρέπεται
526 1060 665 1125 ὁδὸν,
710 1062 806 1114 καὶ⁸
832 1061 1103 1124 ταλανίζει
1150 1059 1368 1125 αὐτοὺς,
1421 1058 1497 1127 μή
1549 1074 1666 1119 πως
1704 1056 1808 1108 κᾶν

234 1150 325 1203 διά
354 1150 448 1202 τοῦ
479 1148 810 1218 ταλανισμοῦ
858 1148 1060 1219 ἑλκύσῃ
1098 1146 1236 1217 πρὸς
1284 1146 1560 1216 σωτηρίαν
1589 1144 1804 1206 αὐτούς.

1982 629 2079 706 bus
2112 626 2270 693 facta:
2316 635 2437 705 sunt
2479 628 2722 707 plurima:
2755 628 3005 689 gvirtutes
3051 626 3187 693 ejus,
3217 628 3343 693 quia
3378 643 3481 679 non

1968 704 2194 764 egissent
2223 704 2606 762 penitentiam.

1972 784 2177 839 Pliotii.
2226 782 2521 853 Oportebat
2558 785 2887 854 exprobrare
2938 784 3255 840 civitatibus
3291 822 3306 846 ,
3337 798 3477 851 quo-

1909 874 2380 945 niamjustiﬁcata
2435 888 2517 931 est
2570 877 2839 946 sapientia
2869 916 2886 943 ,
2936 875 3197 945 perfectis
3246 874 3315 927 ab
3365 874 3482 942 ipsa

1911 966 2191 1021 cumu'ate
2243 964 2348 1021 illis
2382 966 2660 1032 omnibus,
2692 982 2812 1035 qua:
2849 965 2915 1020 ad
2949 965 3183 1020 salutem
3240 963 3481 1031 ipsorum

1910 1055 2303 1110 conﬁciendam
2329 1055 2564 1110 eﬂieacia
2600 1071 2722 1110 esse
2745 1061 2986 1124 possent.
3022 1052 3321 1122 Postquam
3351 1064 3485 1102 vero

1912 1146 2095 1198 omnia
2127 1155 2400 1213 expertus.
2434 1160 2542 1198 non
2568 1146 2859 1213 persuasit,
2885 1144 2992 1198 alia
3039 1141 3130 1196 via
3160 1149 3440 1211 grassatur
3467 1155 3479 1188 :

235 1244 471 1297 miseros
516 1242 667 1311 ipsos
711 1214 1001 1295 denuntiat
1018 1214 1059 1303 ξ
1075 1214 1320 1294 δί-ῐοτιο
1370 1214 1455 1291 vei
1525 1234 1836 1290 incutiendo
1874 1249 2132 1301 mcerore,
2191 1244 2286 1290 aut
2335 1246 2501 1300 metu,
2558 1235 2783 1290 trahere
2812 1233 2878 1289 ad
2912 1214 3149 1289 sal'utem
3177 1231 3486 1287 obstinatos

234 1345 423 1405 queat.

234 1426 367 1494 Πῶς
397 1425 685 1492 εισῆλθεν
704 1426 798 1494 sic

403 1490 623 1563 ἄρτους
653 1490 1124 1562 τῆς-προθέσεως
1147 1494 1389 1562 ἔφαγεν,
1420 1508 1474 1543 κ.
1502 1507 1554 1543 τ.
1586 1490 1636 1543 λ.

311 1589 558 1641 Φωτίου.
595 1588 658 1640 '0
686 1585 850 1638 Δαδὶδ
877 1585 1084 1647 δίκαιος
1111 1582 1186 1637 ὢν
1216 1585 1305 1637 ὅτε
1329 1582 1457 1645 τοὺς
1487 1582 1684 1651 ἄρτους
1710 1580 1809 1649 τῆς

236 1678 552 1747 προθέσεως
580 1675 773 1744 ἔφαγε,
804 1676 901 1729 καὶ
930 1676 980 1727 oi
1013 1676 1177 1744 ἱερεῖς
1206 1674 1264 1728 δὲ
1291 1673 1618 1728 δικαιότατοι
1652 1674 1700 1724 oi
1724 1671 1809 1724 δε-

826 1425 932 1479 τόν
973 1419 1144 1478 οἷκον
1178 1422 1286 1477 τοῦ
1331 1421 1501 1481 Θεοῦ.
1537 1420 1635 1475 καί
1666 1420 1807 1486 τοὺς

1909 1418 2039 1474 Ωιι).
2095 1413 2210 1469 XII.
2260 1414 2424 1468 Vens.
2474 1412 2530 1466 4.
2585 1412 2858 1477 Quomodo
2898 1411 3116 1465 intravit
3165 1411 3221 1462 in
3270 1410 3487 1461 domum

2120 1484 2212 1538 Dei
2239 1494 2290 1537 et
2312 1500 2472 1551 panes
2488 1482 2862 1551 propositionis
2892 1480 3138 1544 comedit,
3166 1488 3272 1532 etc.

1975 1577 2171 1632 Photii.
2204 1574 2369 1628 David
2394 1575 2576 1643 justus
2595 1584 2714 1628 erat
2741 1589 2865 1627 cum
2898 1587 3065 1642 panes
3089 1570 3482 1640 propositionis

1909 1669 2144 1725 comedit
2177 1685 2191 1721 :
2222 1667 2537 1722 sacerdotes
2580 1680 2797 1734 quoque
2826 1664 3117 1733 iustissimi
3161 1663 3256 1733 qui
3301 1676 3485 1717 come-

234 1772 470 1833 δωκότες
512 1768 661 1839 αὐτῷ
692 1769 817 1832 τοὺς
846 1768 1064 1837 ἄρτους.
1107 1765 1332 1835 Καίπερ
1365 1766 1468 1829 οὐκ
1504 1762 1571 1835 ἦν
1603 1762 1809 1817 δίκαιον

1923 1760 2119 1816 ﬂendos
2154 1774 2247 1813 eos
2280 1772 2447 1825 panes
2474 1757 2783 1812 obtulerunt
2818 1755 2981 1824 lipsi,
3033 1754 3282 1827 quamvis
3330 1750 3486 1806 nefas

238 1826 467 1917 έσθίειν-
487 1863 583 1915 ἀπ’
631 1826 860 1913 έκείνων
884 1826 1227 1930 ’τῶν-ἀρτων
1270 1826 1389 1917 τὶ.νά
1409 1894 1426 1921 ,
1448 1826 1540 1909 τί.
1571 1855 1645 1926 μὴ
1687 1855 1811 1917 τοὺς

1923 1861 2031 1906 erat
2058 1851 2202 1905 vesci
2231 1849 2351 1905 istis
2384 1850 2618 1919 panibus
2647 1848 2783 1904 alios
2807 1864 2972 1917 quam
3006 1847 3341 1902 sacerdotes.
3374 1843 3484 1897 Da-

239 1954 405 2025 ιερεϊς
459 1952 674 2022 μόνους.
726 1942 892 2012 Οὗτος
924 1947 980 2000 δὲ
1030 1946 1212 1999 λαϐὼν
1250 1946 1315 2000 οὐ
1368 1945 1530 2015 μόνον
1586 1944 1811 2012 ιφαγεν,

237 2045 377 2099 ἀλλά
416 2045 511 2097 καὶ
555 2043 670 2105 τοῖς
716 2040 831 2111 μετ’
872 2038 1038 2096 αὐτοῦ
1091 2038 1280 2093 ἔδωκε.
1334 2038 1506 2090 Τοῦτο
1540 2037 1595 2089 δὲ
1636 2034 1814 2104 πολλῷ

241 2134 430 2205 μεῖζον
481 2129 549 2204 ἦν
595 2132 632 2202 ἢ
680 2132 815 2199 ὅπερ
878 2130 1167 2185 ἐνεκάλουν
1223 2131 1336 2192 τοῖς
1394 2126 1713 2189 ἀποστόλοις
1762 2124 1814 2178 oi

253 2225 522 2278 Ἰουδαῖοι.

241 2315 398 2372 Είδέ
436 2313 552 2383 ἐγὼ
597 2313 667 2366 ἐν
708 2309 1185 2383 Πνεύματιμϐεοῦ
1211 2308 1525 2383 ’βκᾷάέλω
1566 2307 1639 2383 ea
1688 2306 1818 2383 dat:

312 2376 511 2507 goria,
545 2382 659 2451 ἄρα
689 2376 955 2451 ἐφθαὰεν
999 2380 1092 2449 ἐφ’
1131 2378 1286 2449 ὑμᾶς
1322 2381 1360 2447 ἠ
1393 2377 1678 2443 βασιλεία
1710 2376 1817 2430 τοῦ

364 2470 491 2507 εου.

317 2545 565 2598 Φωτίου.
591 2542 907 2611 ’Λποτόμως
930 2540 1077 2609 λέγει
1100 2542 1183 2594 ὅτι
1218 2540 1520 2607 Ἐφθασεν
1548 2536 1638 2605 ἐφ’
1668 2534 1819 2605 ὑμᾶς

238 2635 285 2700 ἡ
310 2632 601 2699 βασιλεία
627 2632 732 2685 τοῦ
754 2630 923 2694 Θεοῦ,
950 2631 1226 2683 τουτέστιν
1250 2630 1372 2681 ὅσον
1400 2627 1550 2681 οὔπω
1584 2626 1818 2697 λήψεσθε

239 2725 346 2794 τὴν
372 2722 481 2776 τῶν
514 2721 921 2793 ἡμαρτημένων
944 2720 1072 2789 ὑμῖν
1101 2718 1476 2773 ἀνταπόδοσιν.

247 2984 329 3037 Ἦ
374 2980 499 3046 πῶς
555 2979 805 3035 δύναταί
855 2995 943 3045 τις
991 2976 1288 3031 εἰσελθεῖν
1344 2977 1431 3046 εις
1482 2973 1597 3046 τὴν
1629 2972 1826 3046 οί-κίαν

320 3052 427 3104 τοῦ
457 3042 732 3171 ίὶἰχυροῦ,
767 3049 867 3103 καὶ
915 3042 989 3101 τὰ
1028 3048 1220 3114 σκεύη
1259 3044 1444 3099 αὐτοῦ
1477 3042 1822 3110 διαρπάσαι,

323 3139 377 3173 κ.
405 3137 459 3173 τ.
528 3158 543 3172 .

321 3210 565 3263 Φωτιου.
606 3207 785 3276 Σκεύη
819 3205 1053 3260 ἐνταῦθα
1090 3205 1215 3267 τοὺς
1240 3203 1499 3273 δαίμονας
1526 3202 1696 3268 λέγει,
1728 3201 1822 3265 οὒς

239 3303 277 3356 ὁ
299 3301 485 3369 Σωτὴρ
507 3298 826 3352 ἀπελαύνων
852 3298 949 3350 καὶ
974 3296 1186 3350 διώκων
1211 3298 1275 3348 ἐκ
1304 3294 1411 3347 τῶν
1436 3293 1821 3363 κατεχομένων

242 3398 343 3450 ὑπ’
372 3394 571 3457 αὐτῶν,
596 3390 847 3462 ἁρπάζει.
883 3390 1054 3441 Τοῦτο
1085 3388 1142 3441 δὲ
1174 3389 1274 3442 οὐκ
1308 3388 1373 3441 ἂν
1401 3387 1635 3454 ἐγένετο,
1667 3388 1715 3437 εί
1751 3384 1823 3455 μὴ

243 3488 280 3538 ὁ
309 3486 497 3554 Σωτὴρ
524 3484 660 3552 πρὸς
682 3484 829 3551 ἡμᾶς
855 3478 1230 3551 παραγέγονεν
1259 3479 1352 3530 ἐπὶ
1384 3476 1627 3547 σωτηρίᾳ
1646 3476 1823 3545 ἡμῶν,

239 3575 351 3645 τὴν
380 3574 533 3642 ἰσχὺν
562 3570 743 3625 αὐτῶν
768 3570 1033 3624 καθελών.

328 3666 422 3731 Τίς
470 3664 643 3716 ἐστιν
687 3662 727 3730 ἡ
747 3661 1131 3783 μήὲἓιρλμοὶκ
1168 3658 1265 3713 καὶ
1307 3657 1465 3723 τινες
1503 3654 1660 3709 είσίν
1702 3657 1758 3709 οι

905 3746 934 3782 ε
980 3746 1055 3783 σο
1110 3743 1261 3783 uov:

905 3743 1077 3797 ελςεοι
1103 3746 1222 3797 μου
1242 3743 1261 3789 ;

325 3824 569 3876 Φωτίου.
605 3820 834 3883 Διδάξας
876 3822 1023 3889 ἡμᾶς
1056 3822 1084 3871 ὁ
1114 3817 1303 3888 Σωτὴρ
1328 3817 1417 3870 διά
1446 3816 1605 3884 λόγου
1641 3831 1829 3885 προτι-

239 3915 402 3969 οέναι
424 3913 523 3983 τὴν
549 3911 833 3964 εὐσέϐειαν
852 3947 868 3975 ,
899 3910 1021 3980 ἥτις
1044 3910 1191 3962 ἐστὶν
1210 3908 1354 3978 ἀρχὴ
1384 3906 1571 3960 πασῶν
1596 3905 1826 3975 ἀρετῶν,

239 4006 347 4058 καὶ
394 4007 532 4074 μήτε
583 4003 821 4070 πατέρα,
874 4003 1011 4070 μήτε
1060 3999 1272 4069 μητέρα
1312 3999 1584 4068 προτιμᾷν
1637 3998 1826 4067 αὐτῆς,

242 4094 351 4146 νῦν
404 4094 492 4145 διά
556 4092 666 4144 τῶν
720 4091 898 4160 ἔργων
948 4090 1257 4142 έπιὸεὸαιοί
1310 4090 1453 4158 ἆπερ
1507 4088 1826 4156 ἐφθέγξατο.

260 4184 418 4235 Ἐπεὶ
450 4182 559 4251 γάρ
598 4182 687 4235 ὅτε
715 4184 841 4244 τοὺς
874 4180 1063 4250 δχλους
1095 4178 1368 4249 ἐπιμελῶς
1404 4178 1668 4243 ἐδίδασκε,
1706 4179 1829 4231 τότε

244 4272 562 4339 ἐπέστησαν
586 4271 623 4339 ἦ
656 4286 716 4322 τε
751 4271 932 4340 μήτηρ
962 4269 1059 4322 καὶ
1093 4269 1142 4322 oi.
1187 4267 1426 4335 ἀδελφοὶ,
1458 4267 1554 4335 οὐχ
1586 4266 1827 4336 ὑπήκου-

248 4379 372 4424 σεν,
402 4362 462 4414 οὒ
498 4359 855 4428 καταφρονῶν
883 4360 980 4428 τῆς
1015 4358 1247 4429 μητέρος
1269 4396 1283 4422 ,
1330 4357 1556 4409 ἀλλ’ἵνα
1589 4357 1664 4427 μὴ
1698 4359 1833 4427 ἀμε-

246 4455 369 4506 λεῖν
408 4452 536 4525 δόξῃ
565 4452 676 4505 τῶν
712 4450 1132 4520 διδασκομένων,
1177 4451 1272 4502 καὶ
1304 4448 1575 4519 περικόψῃ
1615 4449 1714 4517 τὴν
1751 4448 1831 4501 δι-

1914 1939 2003 1993 vid
2026 1948 2206 1993 autem
2244 1954 2351 1992 non
2380 1937 2617 1992 comedit
2646 1938 2761 2003 ipse
2790 1937 2967 1991 solum
2988 1976 3003 1997 ,
3045 1936 3141 1989 sed
3186 1934 3487 1988 comitibus

1914 2044 2132 2102 quoque
2162 2028 2313 2083 dedit
2344 2029 2480 2083 suis.
2534 2027 2688 2094 Quod
2739 2036 2855 2080 erat
2892 2026 3035 2080 haud
3075 2024 3239 2095 paulo
3275 2024 3478 2092 majus,

1914 2136 2078 2191 quam
2134 2120 2333 2189 inquo
2382 2134 2527 2173 nunc
2572 2116 2747 2173 Judaei
2798 2118 3077 2188 apostolos
3114 2116 3485 2171 criminaban-

1918 2222 2025 2266 tur.

1917 2300 2081 2355 Vens.
2116 2298 2207 2353 28.
2241 2299 2301 2351 Si
2330 2306 2505 2351 autem
2538 2297 2709 2366 egofin
2746 2296 2947 2362 Spiritu
2975 2297 3069 2350 Dei
3113 2297 3266 2362 ejicio
3288 2296 3485 2350 diemd-

2121 2385 2229 2433 nes,
2258 2370 2421 2438 igitur
2439 2368 2667 2436 pervenit
2690 2368 2742 2419 in
2772 2384 2858 2421 vos
2898 2384 3113 2437 regnum
3147 2367 3271 2419 Dei.

1994 2541 2185 2596 Photii.
2216 2538 2409 2609 Rigide
2443 2538 2577 2592 dicit
2632 2547 2795 2607 atque
2825 2539 2878 2591 in
2911 2553 3075 2593 sensu
3108 2539 3475 2593 comminato-

1918 2634 2022 2697 rio,
2049 2633 2289 2687 Pervenit
2324 2632 2379 2683 in
2402 2645 2488 2682 vos
2513 2646 2726 2699 regnum
2755 2628 2873 2693 Dei,
2908 2630 3062 2697 cujus
3089 2629 3192 2681 vim
3228 2632 3487 2698 nontpm.

1918 2725 2127 2794 pitiam,
2168 2720 2261 2775 sed
2294 2717 2544 2773 infestam
2576 2716 2855 2785 experturi
2885 2717 3140 2769 nimirum
3169 2715 3256 2769 isti
3280 2723 3487 2775 essent,

1921 2818 1979 2862 ut
2014 2806 2190 2861 meriti
2214 2814 2388 2860 erant.
2435 2804 2641 2857 Sensus
2674 2803 2817 2857 enim
2841 2812 2925 2858 est
2962 2823 2975 2858 :
3011 2803 3339 2858 Praesentem
3366 2818 3487 2855 mox

1921 2899 2183 2952 ultionem
2218 2910 2247 2949 a
2276 2894 2382 2948 Deo
2412 2893 2689 2961 recipietis
2736 2904 3040 2948 vestrorum
3072 2903 3440 2963 peccatorum.

1922 2989 2089 3044 Vens.
2118 2985 2208 3040 ἓξ).
2245 2987 2348 3039 Aut
2396 2983 2651 3053 quomodo
2684 2994 2848 3051 potest
2888 2986 3163 3053 quisquam
3206 2986 3408 3039 intrare
3437 2985 3491 3037 in

2100 3057 2311 3109 domum
2341 3055 2494 3123 fortis
2520 3092 2535 3118 ,
2576 3063 2623 3107 et
2655 3070 2779 3107 vasa
2808 3055 2920 3121 ejus
2955 3056 3201 3123 diripere.
3228 3064 3334 3109 etc.

1990 3210 2192 3264 Pliotii.
2240 3209 2385 3264 Vasa
2440 3210 2529 3263 hic
2567 3208 2842 3264 daemonas
2875 3210 3043 3273 dicit,
3076 3225 3213 3279 quos
3246 3209 3497 3263 Salvator

1924 3302 2149 3371 cjiciens
2179 3308 2233 3355 et
2261 3301 2485 3368 abigens
2504 3314 2573 3356 ex
2606 3300 2673 3355 iis
2702 3316 2840 3370 quos
2885 3300 3253 3369 possidebant,
3287 3300 3493 3369 diripit.

1926 3394 2040 3448 Hoc
2068 3404 2248 3447 autem
2274 3408 2379 3448 non
2413 3392 2567 3448 ﬁeret
2602 3394 2709 3447 nisi
2760 3392 3008 3446 Salvator
3041 3393 3107 3444 ad
3156 3405 3257 3445 nos
3302 3390 3499 3444 salutis

1926 3495 2129 3539 nostrae
2156 3499 2324 3539 causa
2353 3484 2685 3547 advenisset,
2714 3484 2820 3537 vim
2858 3498 2921 3537 ac
2967 3483 3133 3537 robur
3173 3498 3363 3537 eorum
3394 3482 3497 3535 eli-

1926 3590 2111 3630 surus.

1928 3666 2095 3722 VERS.
2130 3667 2221 3723 48.
2268 3665 2399 3732 Qua
2428 3674 2503 3720 est
2538 3674 2705 3719 mater
2745 3680 2879 3771 fitfit,
2920 3672 2969 3716 et
3005 3663 3093 3731 qui
3140 3670 3259 3714 sunt
3306 3662 3499 3730 fratres

2659 3751 2758 3787 ηιει
2779 3751 2791 3786 ὶ

1990 3824 2190 3879 Pliotii.
2221 3823 2355 3878 Cum
2384 3824 2553 3879 verbo
2586 3840 2649 3878 ac
2681 3839 2935 3878 sermone
2973 3839 3074 3876 nos
3124 3822 3373 3875 Salvator
3402 3821 3504 3873 do«

1928 3916 2153 3978 cuissct,
2192 3914 2368 3967 ollicia
2426 3914 2703 3981 religionis
2727 3955 2741 3978 ,
2791 3929 2913 3983 quae
2947 3913 3199 3982 princeps
3232 3912 3497 3965 virtutum

1927 4014 2011 4061 est
2037 4044 2052 4068 ,
2086 4005 2296 4059 caneris
2350 4005 2603 4059 omnibus
2637 4002 2827 4058 olliciis
2884 4004 3239 4072 prmponenila
3274 4041 3290 4066 ,
3325 4001 3398 4054 ita
3448 4010 3505 4053 ut

1931 4112 2029 4150 nec
2072 4096 2277 4165 patris',
2334 4112 2433 4150 nec
2466 4097 2659 4151 matris
2720 4096 2773 4148 in
2804 4095 3211 4164 comparatione
3244 4092 3338 4147 Dei
3366 4092 3507 4145 ratio

1931 4186 2198 4239 habeatur
2229 4224 2245 4250 ,
2278 4201 2425 4240 nunc
2454 4185 2614 4241 factis
2644 4194 2697 4239 et
2725 4187 2973 4254 exemplo
3005 4186 3198 4239 asserit
3226 4184 3369 4253 quod
3418 4184 3506 4236 di-

1930 4282 2104 4327 xerat.
2142 4273 2276 4327 Cum
2304 4275 2448 4328 enim
2495 4274 2597 4343 ipsi
2638 4275 2706 4327 de
2736 4272 2936 4327 divinis
2962 4273 3127 4326 rebus
3160 4272 3223 4325 ad
3248 4270 3506 4339 populum

1931 4364 2119 4417 sedulo
2153 4365 2328 4433 agenti
2362 4364 2806 4433 supervenissent
2850 4373 3023 4417 mater
3046 4373 3100 4417 et
3134 4362 3352 4424 lratres,
3387 4376 3497 4413 non

1932 4453 2187 4508 sustinuit
2218 4454 2547 4523 interpellari
2589 4470 2647 4509 se
2670 4498 2686 4520 ,
2720 4456 2863 4509 haud
2907 4455 2996 4509 ille
3025 4455 3247 4523 quidem
3276 4462 3507 4506 matrem

246 4523 573 4597 δασκαλίαν.
610 4544 719 4596 Καὶ
745 4542 807 4595 οὑ
839 4541 1206 4613 προτετίμηκε
1235 4540 1335 4609 τὴν
1367 4541 1581 4609 μητέρα
1601 4540 1699 4609 τῆς
1724 4540 1822 4593 τῶν

1937 4546 2238 4612 spernensf,
2265 4545 2358 4598 sed
2412 4560 2479 4599 ne
2521 4560 2709 4600 eorum
2747 4562 2883 4615 quos
2914 4546 3278 4600 instituendos
3317 4544 3370 4597 in
3406 4543 3510 4595 "(l0

251 4632 473 4686 ⁴πολλῶν
499 4632 786 4700 ὠφελείας.

1937 4646 2271 4705 susceperat,
2318 4636 2585 4691 minorem
2638 4652 2800 4705 quam
2850 4636 3338 4705 consanguinitatis
3394 4648 3511 4687 suae

252 4726 435 4794 ipsius
480 4740 669 4780 curam
713 4738 900 4793 gerere
956 4730 1139 4793 posset
1218 4721 1427 4785 videri,
1466 4722 1511 4776 si
1568 4721 1622 4775 in
1664 4723 1856 4778 matris
1889 4727 2119 4795 gratiam
2180 4730 2496 4782 inchoatum
2544 4742 2853 4782 sermonem
2903 4730 3276 4796 abrumperet.
3332 4724 3507 4793 Igitur

250 4816 487 4871 salutem
528 4814 886 4883 plurimorum
939 4813 1034 4882 qui
1082 4812 1334 4867 astabant
1389 4812 1789 4881 audiebantque
1827 4814 2008 4883 ipsum
2035 4855 2049 4876 .
2091 4819 2283 4871 matris
2313 4817 2672 4871 consolationi
2702 4819 2935 4886 praetulit
2970 4818 3100 4886 (Η).

376 4904 561 4973 Ὑμεῖς
587 4899 702 4957 οὖν
738 4902 1037 4973 ἀκούσατε
1082 4901 1195 4966 τὴν
1230 4901 1585 4969 παραϐολὴν
1628 4902 1734 4955 τοῦ

864 4972 1245 5037 σπείραντος.

330 5063 580 5115 Φωτιου.
613 5059 736 5113 Τῶν
770 5060 998 5113 ἐντολῶν
1036 5059 1128 5112 τοῦ
1162 5058 1398 5129 Χριστοῦ
1444 5060 1494 5111 οἱ
1533 5061 1632 5129 μὲν
1663 5062 1841 5131 ,ἥκου-

253 5170 361 5206 σαν
392 5152 610 5222 ἀμελῶς
643 5168 656 5182 ·
707 5144 853 5204 οὗτοί
885 5152 1024 5205 εἰσιν
1050 5151 1099 5204 oi
1131 5150 1283 5221 παρὰ
1307 5151 1405 5220 τὴν
1428 5151 1544 5203 ὁδὸν
1570 5153 1833 5220 κείμενοι.

253 5246 324 5298 Oi
349 5246 408 5297 δὲ
439 5243 716 5313 ἐπιμελῶς
762 5242 881 5312 μὲν,
909 5243 971 5293 οὐ
1000 5240 1231 5310 βεϐαίως
1258 5241 1314 5296 δέ
1341 5260 1353 5274 ·
1403 5244 1517 5295 ὅσοι
1556 5244 1707 5314 παρὰ
1736 5246 1837 5316 τὴν

261 5336 494 5405 πέτραν.
532 5335 594 5386 Oi
620 5332 677 5385 δὲ
710 5332 983 5401 ἐπιμελῶς
1012 5331 1111 5402 μὲν
1136 5333 1230 5385 καὶ
1256 5332 1512 5402 βεϐαίως,
1543 5333 1757 5403 ἔχοντες
1779 5336 1835 5388 δὲ

257 5424 569 5493 ἐπισποράν
604 5424 856 5478 ἀκανθῶν
890 5423 986 5476 καὶ
1014 5423 1289 5488 ζιζανίων.
1340 5425 1551 5489 Οἶτινες
1601 5427 1695 5480 καὶ
1728 5428 1834 5480 ἀπ-

256 5507 566 5580 επνίγησαν
593 5513 714 5577 ταῖς
747 5510 1024 5580 βιωτικαῖς
1058 5511 1354 5582 φροντίσιν.

1940 4904 2091 4961 CAP.
2124 4906 2261 4959 Xlll.
2296 4904 2458 4960 Vens.
2498 4907 2580 4960 18.
2632 4907 2825 5027 Aud‘ite
2850 4923 2971 4975 ergo
3002 4903 3312 4975 parabolant
3355 4904 3511 4957 senti.

2628 4992 2731 5027 nan
2762 4993 2826 5027 is.

2628 4992 2826 5029 ιιαιιιιδ.

2011 5051 2206 5117 Photii.
2243 5063 2490 5118 Mandata
2524 5063 2724 5118 Christi
2785 5064 3006 5132 quidam
3061 5063 3388 5116 audiverunt
3420 5076 3512 5115 nc—

1938 5154 2219 5226 gligcnter.
2249 5154 2315 5209 lli
2344 5164 2476 5209 sunt
2500 5154 2592 5223 qui
2624 5168 2783 5208 secus
2812 5155 2951 5208 viam
2978 5153 3185 5222 jacent.
3209 5151 3311 5204 Alii
3346 5165 3511 5205 exce-

1936 5262 2062 5316 pere
2090 5248 2306 5315 quidem
2353 5248 2576 5300 verbum
2607 5254 2826 5300 strenue
2856 5255 2909 5300 ct
2966 5260 3091 5301 cum
3124 5243 3309 5299 studio
3348 5283 3364 5308 ,
3414 5244 3511 5297 sed

1934 5336 2296 5390 constantiam
2370 5352 2478 5391 non
2540 5335 2847 5389 habuerunt
2893 5352 2909 5388 :
2960 5335 3150 5389 horum
3209 5341 3293 5387 est
3330 5332 3509 5386 solum

1932 5436 2233 5496 pctrosutn.
2282 5426 2567 5484 Nonnullis
2621 5444 2718 5483 nec
2768 5428 3006 5483 studium
3060 5424 3352 5491 audiendi,
3408 5436 3513 5475 nec

1938 5521 2340 5587 perseverantia
2372 5519 2591 5575 tenendi
2623 5518 2835 5586 defuit,
2876 5534 3061 5574 verum
3097 5533 3161 5573 ex
3207 5514 3513 5585 superiecta

1779 5654 2007 5713 NUTAS.

344 5764 561 5836 (Il)Cl‘.
598 5783 652 5837 (ι.
692 5764 849 5835 XLV,
884 5766 1080 5821 ccxv.
