4156 6438
742 400 882 474 1215

1909 403 2170 466 ΡΠΟΤῘΙ
2208 403 2712 466 ΡΑΤΒΙΛΠΕΠᾸΞ
2747 404 2853 465 CP.

741 525 1002 580 universo
1073 521 1453 592 prcstiterunt
1517 519 1904 584 traditionem;
1967 527 2023 574 et
2078 518 2326 574 fraudem

2439 518 2620 589 κόσμῳ
2647 518 2987 588 παρέσχοντο
3009 517 3111 588 τιν
3140 517 3474 587 παράδοσιν
3504 519 3601 574 ιιι
3629 519 3736 590 τὴν
3767 519 3994 574 δάσω-

740 612 1096 681 expellentes,
1123 618 1178 664 et
1203 611 1534 664 oblivionem
1560 610 1836 672 tollentes,
1876 617 1933 664 et
1957 608 2324 677 integritatem

2428 609 2526 679 λὴν
2551 609 2966 673 ἀπελαύνοντες,
3005 609 3102 662 καὶ
3125 609 3225 678 τὴν
3249 609 3419 678 λήθην
3439 611 3876 673 ἀνακόπτοντες.
3905 614 3996 666 ιιι

743 700 1017 756 traditioni
1052 709 1432 770 suppetentes.
1466 697 1572 754 Sed
1618 699 1910 753 Mattheus
1931 707 1986 752 et
2016 697 2237 752 larens
2268 705 2330 751 ut

2439 701 2487 753 ιδ
2527 695 2812 762 ἀνελλιπὲς
2852 701 2921 770 τῇ
2963 700 3262 769 παραδόσει
3317 700 3798 770 περιποιούμενοι.
3843 701 3998 755 1m

745 799 1074 862 acceperunt
1120 793 1202 846 sic
1252 799 1308 845 et
1348 791 1732 855 tradiderunt;
1783 790 1876 843 alii
1914 803 2068 854 vero,
2105 798 2165 842 ut
2208 787 2330 842 illos

742 898 907 952 prava
935 894 990 936 et
1018 882 1305 936 temeraria
1349 895 1508 936 mens
1563 881 1799 949 impulit,
1832 879 2016 934 conati
2047 888 2176 934 sunt
2203 894 2332 933 nar-

744 986 866 1026 rare
897 970 1130 1040 propria
1162 969 1516 1039 cogitationis
1557 971 1835 1039 ﬁgmenta,
1869 977 1931 1022 ut
1969 967 2327 1036 Evangelium

744 1065 810 1116 ad
840 1059 1126 1130 Egyptios
1155 1061 1384 1122 dictum,
1418 1068 1473 1114 et
1496 1059 1845 1129 Evangelium
1876 1059 1987 1112 τῶν
2022 1058 2328 1112 duodecim.

743 1153 879 1208 Nam
910 1161 970 1206 ut
995 1151 1272 1205 frumento
1307 1152 1542 1217 zisania,
1594 1151 1676 1205 sic
1708 1150 1925 1204 veritati
1957 1150 2154 1204 nititur
2182 1163 2334 1204 men-

744 1242 962 1301 dacium
1022 1241 1346 1312 insurgere;
1401 1243 1506 1297 ista
1536 1252 1720 1296 autem
1765 1257 1796 1296 a
1851 1243 2065 1311 piorum
2092 1250 2244 1296 cmtu
2279 1247 2336 1295 et

749 1336 1010 1390 memoria
1041 1335 1316 1388 exsulant.
1366 1333 1472 1388 Sed
1504 1335 1699 1389 beatus
1738 1333 1918 1388 Lucas
1959 1371 1977 1397 ,
2009 1329 2155 1386 Inter
2189 1345 2334 1400 qua,

746 1428 896 1491 dicit,
929 1435 990 1480 ut
1016 1426 1209 1480 horum
1237 1427 1331 1496 qui
1354 1434 1480 1481 ante
1509 1426 1686 1496 ipsum
1705 1425 2059 1492 Evangelium
2087 1423 2331 1492 scripse—

747 1527 878 1572 runt
905 1519 1175 1574 veracitas
1206 1526 1450 1582 constet,
1507 1520 1563 1574 in
1603 1519 1784 1574 simile
1842 1518 1952 1572 illis
1993 1517 2335 1588 propositum

749 1609 1074 1680 ingreditur,
1136 1609 1207 1663 ob
1251 1609 1502 1662 eamdem
1576 1622 1802 1662 causam
1849 1623 1973 1679 qua:
2019 1618 2074 1663 et
2101 1608 2208 1661 illis
2235 1605 2339 1660 fuit

750 1700 1049 1756 scribendi.
1115 1697 1186 1753 Ut
1245 1699 1395 1753 enim
1465 1699 1547 1753 illi
1599 1713 1668 1754 eo
1720 1700 1867 1769 quod
1897 1705 2251 1768 acceperunt,
2283 1705 2336 1750 et

2426 792 2816 861 Ματθαῖοξμεν
2828 793 2923 845 καὶ
2938 791 3184 858 Μάρκος,
3198 791 3274 854 ὡς
3287 792 3613 862 παρέλαϐον,
3631 789 3782 845 οὖν
3795 793 4000 843 uln-

2428 881 2931 952 ρέδοσανοωοιδι
2963 881 3999 952 καωςαῡτοίιςιπυνηράκαιοριωιι

2429 971 2698 1042 συνήλασε
2739 972 2956 1042 γνώμη,
2996 971 3362 1044 ἔπεχείρησαν
3408 972 3720 1043 διηγεῖσθαι
3755 971 3996 1032 διανοίας

2430 1063 2565 1125 ἰδίας
2584 1063 3005 1134 ἀναπλάσματα,
3021 1065 3179 1127 ὠςῖτδ
3190 1064 3480 1135 λεγόμενον
3502 1063 3626 1116 κατ’
3642 1066 3996 1129 Αἰγυπτίους,

2428 1152 2526 1206 καὶ
2565 1152 2676 1206 τῶν
2716 1155 2929 1208 δώδεκα
2977 1154 3330 1223 Εὑαγγέλιον.
3380 1154 3471 1218 Ὦς
3498 1154 3607 1223 γάρ
3637 1152 3722 1222 τῷ
3767 1154 3906 1222 σίτῳ
3946 1152 4000 1202 ei

2431 1246 2691 1313 ζιζάνιον,
2718 1245 2893 1311 οὕτως
2919 1247 3016 1302 καὶ
3038 1249 3105 1317 τῇ
3142 1245 3372 1317 ἀληθείᾳ
3400 1247 3701 1313 φιλονεικεῖ
3730 1244 4004 1312 $1.3..-

2432 1336 2898 1390 ἑπισυνίστασθαι.
2955 1335 3098 1388 Ἀλλ’
3137 1338 3326 1388 εκείνα
3373 1335 3472 1404 μὲν
3500 1333 3894 1388 εύσεϐούντυν
3919 1333 4004 1383 καὶ

2434 1427 2598 1498 χοροῦ
2640 1428 2738 1480 καὶ
2774 1427 2996 1498 μνήμης
3047 1426 3503 1496 “conpuncto
3555 1425 3617 1478 ὀ
3645 1424 3711 1477 ἃ
3741 1424 4006 1493 μοιβ-κ

2436 1519 2676 1579 Δουκᾶςο
2709 1519 2788 1570 Δι’
2833 1510 2910 1570 ὧν
2952 1517 3057 1585 εφη
3108 1517 3483 1587 συστήσασθαι
3531 1521 3642 1568 τιῖνν
3690 1514 3805 1582 πρὸ
3850 1513 4004 1566 αὐτοῦ

2435 1606 2837 1674 εὐαγγελιστῶν
2864 1606 2963 1677 τὴν
2988 1606 3299 1676 ἀκρίϐειαν,
3333 1605 3426 1659 ἰπὶ
3445 1604 3545 1675 τὴν
3561 1604 3764 1671 ὁμοίαν
3783 1604 4008 1663 trahet:

2438 1699 2755 1767 προαίρεσιν
2768 1697 3084 1768 ἔρχεται,δι⁹
3103 1697 3287 1751 αἰτίαν
3302 1695 3371 1749 δι’
3385 1697 3454 1765 ἢν
3467 1696 3746 1758 κάκείνοις
3780 1695 4009 1766 γράφειν

751 1804 1008 1860 tanquam
1068 1798 1400 1860 acceperunt
1442 1789 1713 1854 scribunt,
1743 1791 1822 1845 sic
1859 1799 1914 1844 et
1939 1789 2055 1859 ipse
2081 1802 2150 1842 eo
2184 1787 2331 1857 quod

2439 1789 2675 1858 ἐγένετο.
2711 1790 2801 1852 Ὠς
2824 1789 2934 1860 γάρ
2963 1790 3163 1842 ἐκείνοι
3184 1786 3320 1840 διότι
3343 1785 3676 1858 παρέλαϐον,
3705 1786 3808 1839 καὶ
3835 1785 4010 1847 καθείς

751 1899 780 1936 a
820 1853 1108 1951 principio,
1137 1853 1498 1949 et-tanquam
1529 1853 1822 1935 assecutus
1858 1853 2072 1944 est,-ita
2105 1877 2172 1932 ad
2199 1853 2334 1932 scri-

2439 1853 2746 1951 παρέλαϐον
2791 1853 3122 1950 γράφουσιν,
3164 1878 3309 1932 οὕτω
3478 1869 3633 1940 οὗτος
3663 1876 3811 1930 διότι
3839 1877 3938 1930 καὶ
3957 1877 4010 1941 ιε

751 1972 988 2026 bendum
1021 1970 1290 2025 adductus
1324 1979 1442 2035 est;
1473 1985 1582 2024 non
1611 1970 1778 2041 igitur
1805 1969 2084 2024 contraria
2115 1968 2226 2022 illis
2256 1965 2336 2022 ia-

755 2063 921 2124 ciem,
951 2060 1046 2117 sed
1078 2076 1187 2115 una
1226 2059 1601 2131 progrediens,
1632 2061 1740 2114 imo
1765 2059 2064 2114 testiﬁcans
2095 2056 2312 2112 scribit.

753 2153 927 2206 Aliam
976 2167 1194 2222 quoque
1232 2153 1302 2205 ob
1332 2165 1581 2216 causam,
1615 2158 1676 2204 ut
1704 2148 2012 2218 Theophilo
2038 2148 2260 2204 cuidam
2295 2161 2329 2201 a

755 2245 867 2300 Deo
897 2243 1117 2306 dilecto,
1146 2258 1274 2298 cum
1304 2243 1458 2297 illum
1491 2243 1544 2296 in
1579 2241 1812 2299 veritate
1839 2242 2140 2306 curaverit,
2172 2250 2228 2294 et
2254 2239 2333 2293 illi

756 2336 879 2390 ﬁdei
933 2349 1244 2390 sermonem
1295 2349 1404 2387 non
1450 2333 1726 2402 scriptum
1787 2329 2112 2397 tradiderit,
2161 2343 2340 2400 neque

755 2427 943 2482 auditu
975 2427 1097 2481 solo
1135 2426 1254 2479 haec
1279 2424 1505 2480 credere
1524 2439 1780 2480 securum
1809 2439 1919 2478 non
1953 2423 2044 2489 sit,
2080 2439 2177 2493 per
2203 2424 2340 2479 scri-

756 2529 848 2588 pta
897 2517 976 2572 illi
1019 2517 1368 2571 securitatem
1401 2515 1718 2580 verborum,
1769 2515 1835 2570 de
1881 2515 2069 2585 quibus
2099 2515 2339 2569 eruditus

754 2620 856 2672 est,
885 2617 1125 2678 pra‘stct,
1149 2616 1203 2662 ct
1231 2623 1328 2678 per
1358 2607 1513 2661 illum
1541 2606 1746 2661 mundo
1764 2607 2022 2662 universo
2049 2607 2339 2662 utilitatem

756 2701 1040 2768 largiatur.
1089 2699 1283 2753 Merito
1329 2713 1464 2768 ergo
1495 2699 1575 2752 illi
1629 2701 1901 2768 prommio
1934 2714 2072 2769 opus
2107 2699 2246 2764 fuit;
2282 2699 2341 2753 in

757 2805 870 2859 quo
893 2788 1168 2858 objectum
1198 2788 1632 2858 precedentium
1675 2787 2142 2858 evaugelistarum
2173 2800 2343 2856 expo-

759 2881 926 2948 nitur,
973 2889 1030 2935 et
1053 2895 1219 2936 causa
1246 2879 1318 2934 ob
1343 2894 1511 2949 quam
1546 2887 1671 2949 post
1704 2879 1829 2934 illos
1872 2879 2095 2950 scripsit
2129 2877 2344 2948 signiti-

758 2983 958 3038 catur;
1015 2988 1142 3028 cum
1187 2971 1266 3026 illi
1317 2970 1458 3025 nihil
1507 2971 1657 3024 circa
1719 2969 2001 3038 proprium
2057 2968 2338 3037 obiectum

758 3064 1019 3128 dicerint,
1048 3064 1142 3118 sed
1183 3073 1446 3132 tanquam
1478 3061 1609 3116 huic
1639 3059 2013 3116 testimonium
2036 3060 2105 3114 de
2131 3059 2347 3114 sedan-

758 3156 890 3212 dum
929 3153 1275 3225 reliquerint.

833 3329 1001 3385 Vsus.
1029 3327 1121 3384 29.
1155 3325 1357 3380 Pltotii.
1391 3322 1537 3391 Quid
1578 3323 1734 3388 vidit,
1757 3331 1814 3378 et
1840 3337 1943 3378 cur
1975 3324 2198 3378 turbata
2227 3334 2304 3378 est
2322 3325 2348 3378 2

763 3421 912 3476 \‘ldit
936 3421 1188 3489 angelum
1231 3417 1400 3473 castis
1439 3415 1615 3470 oculis
1657 3416 1980 3481 intuentem,
2013 3415 2111 3470 sed
2159 3415 2347 3485 sponsi

764 3512 966 3568 indicia
1024 3518 1334 3581 gerentem;
1381 3521 1521 3576 puro
1585 3513 1813 3576 aspectu
1854 3506 2346 3575 contemplantem,

763 3606 861 3662 sed
895 3603 1206 3672 nuptiarum
1235 3599 1443 3654 hedera
1507 3600 1873 3652 nuntiantem.
1901 3598 2015 3652 llos
2072 3600 2344 3668 nuptiales

764 3706 1050 3752 sermones
1104 3688 1357 3753 audiens,
1408 3698 1466 3743 et
1509 3687 1876 3757 cupiditatum
1927 3687 2348 3743 conversatione

763 3791 1043 3853 eapertem
1107 3779 1350 3834 habitum
1400 3791 1654 3840 cernens,
1705 3776 1790 3832 his
1821 3777 2024 3831 rationi
2050 3777 2345 3833 contrariis

765 3873 948 3931 verbis
973 3871 1188 3926 turbata
1209 3877 1317 3924 est.
1343 3865 1536 3931 Video,
1553 3867 1751 3937 inquit,
1776 3867 2013 3938 legatum
2039 3867 2127 3937 pie
2161 3877 2348 3923 astan-

764 3976 898 4032 tem,
928 3972 986 4019 et
1020 3964 1142 4018 leto
1172 3961 1358 4016 animo
1381 3959 1637 4014 nuntium
1665 3959 1902 4014 suadeor
1925 3959 2217 4028 accipere;
2247 3959 2342 4014 sed

765 4051 1042 4122 nuptiales
1098 4047 1235 4103 mibi
1275 4062 1558 4104 sermones
1579 4045 1789 4116 dirigit,
1817 4055 1874 4101 et
1903 4047 2149 4102 lzctitiam
2178 4048 2233 4101 in
2275 4047 2344 4102 ti-

767 4157 979 4200 morem
1004 4140 1299 4203 convertit,
1351 4148 1408 4193 et
1434 4138 1674 4193 animam
1699 4139 1882 4193 turbat
1911 4141 2127 4195 nuntio.
2177 4138 2343 4195 Video

766 4237 979 4290 vultum
1007 4230 1127 4299 eius
1145 4231 1358 4301 pudore
1384 4243 1741 4299 conspersum
1762 4245 1778 4294 ;
1796 4227 1890 4283 sed
1912 4229 2131 4298 nuptias
2149 4228 2344 4286 adesse

767 4328 1004 4384 nuntiat.
1040 4323 1210 4378 Video
1256 4321 1552 4392 prudenter
1594 4321 1980 4390 alloquentem,
2017 4324 2112 4377 sed
2141 4337 2342 4379 conce-

766 4419 974 4491 ptionis
1001 4417 1166 4473 verba
1224 4414 1502 4484 loquitur;
1551 4420 1608 4467 et
1635 4412 1962 4491 virginitatis
1995 4429 2151 4468 amor
2224 4429 2342 4469 scr.

2433 1972 2631 2043 ἀρχῆς,
2687 1970 2785 2024 καὶ
2832 1971 3022 2035 καθὼς
3066 1969 3459 2041 ἠκολούθησεν,
3505 1968 3652 2024 οὕτω
3697 1969 3803 2021 καλ
3854 1967 3937 2028 εἰς
3958 1965 4013 2017 τὺ

2437 2063 2677 2135 γράφειν
2707 2064 2990 2134 ἐλήλυθεν.
3024 2063 3144 2116 Οὐκ
3167 2062 3389 2116 ἐναντία
3428 2055 3524 2115 οὖν
3564 2062 3834 2131 πράττων
3882 2058 4014 2110 ἀκει-

2436 2172 2573 2220 νοις,
2601 2156 2740 2210 ἀλλά
2761 2155 3075 2227 συντρέχων
3100 2155 3199 2207 καὶ
3219 2152 3798 2225 συμμαρτυρούμενος
3819 2148 4015 2221 [animo

2441 2246 2674 2316 γράφει·
2709 2245 2781 2299 δι’
2831 2243 3027 2316 ἑτέραν
3079 2244 3140 2297 δὶ
3183 2243 3384 2308 αἰτίαν,
3433 2244 3518 2296 ὅτι
3574 2239 3846 2309 Θεόφιλόν
3899 2255 4014 2291 τινα

2441 2334 2662 2403 θεοφιλῆ
2696 2334 3070 2405 ἐργασάμενος
3103 2331 3342 2402 ἀληθῶς,
3392 2331 3488 2384 καὶ
3515 2329 3608 2382 τδν
3632 2328 3741 2398 τῆς
3783 2326 4015 2386 πίστεως

2441 2427 2591 2496 αὐτῷ
2606 2417 4019 2498 παράδεδωκὼςάτράφωςλάγον.ἀεσιδιτιῦταμάνη

2441 2517 2690 2572 πιστεύει
2719 2517 2822 2570 οὐκ
2859 2512 2930 2588 ἦν
2964 2515 3226 2585 ἀσφαλὲς,
3249 2515 3345 2569 καὶ
3380 2512 3698 2583 διάγραφῆς
3739 2509 3896 2580 αὑτῶ
3931 2509 4020 2576 τὴν

2441 2611 2739 2680 ἀσφάλειαν
2752 2608 2862 2663 τῶν
2877 2607 3333 2678 κατηχηθέντων
3341 2606 3514 2673 λόγων
3526 2602 4021 2673 ἀπεργάζεται,Ἁί

2440 2702 2509 2756 δι’
2530 2700 2696 2754 αὐτοῦ
2717 2697 2974 2768 παντὶτῷ
3001 2699 3193 2768 κόσμῳ
3223 2696 3570 2767 δαψιλεύεται
3599 2695 3702 2764 τὴν
3722 2693 4016 2762 ὠφέλειαν.

2443 2795 2683 2855 Εἰκότως
2710 2785 2802 2846 οὖν
2833 2781 2990 2853 οὗτος
3011 2790 3106 2842 καὶ
3131 2789 3418 2859 προοιμίου
3447 2784 3682 2856 ιδεήθη·
3712 2782 3786 2837 δι’
3815 2777 3881 2837 εὖ
3911 2783 3946 2851 ἥ
3965 2798 4017 2833 τε

2445 2883 2704 2945 σύστασις
2729 2880 2838 2934 τῶν
2865 2881 2973 2952 πρδ
2998 2878 3164 2933 αὑτοῦ
3195 2875 3666 2949 πραγματεύεται,
3693 2874 3790 2927 καὶ
3817 2875 3854 2944 ἡ
3880 2873 4021 2926 αἰτία

2445 2975 2514 3029 δι’
2547 2975 2616 3044 ἢν
2645 2973 2776 3043 μετ’
2808 2971 3051 3033 ἐκείνους
3087 2970 3346 3040 ἔγραψεν,
3383 2967 3846 3036 ἐπιγινώσκεταιο
3882 2965 4020 3016 εκεί-

2448 3083 2557 3119 νων
2587 3065 2756 3135 μηδὲν
2778 3063 2918 3134 ὑπὲρ
2941 3063 3042 3133 τῆς
3072 3062 3208 3126 ἰδίας
3240 3061 3506 3114 εἰπόντων
3539 3059 3882 3119 συιιτάσεειιες⁶
3911 3055 4019 3110 ἀλλ’

2372 3182 2416 3240 c
2453 3150 2644 3220 ὥσπερ
2690 3149 2868 3221 τούτῳ
2895 3148 2995 3221 τὴν
3027 3149 3170 3222 ὑπὲρ
3215 3148 3394 3206 αὐτῶν
3440 3147 3749 3221 μαρτυρίαν
3790 3145 4022 3200 nsuls-

2447 3243 2734 3297 λοιπότων.

2516 3333 2764 3388 Φωτιου.
2823 3332 2892 3386 Τί
2961 3329 3169 3397 ἰδοῦσα,
3218 3332 3318 3388 καὶ
3360 3334 3507 3396 τίνος
3573 3332 3762 3386 ῑνεκεν
3826 3332 4021 3387 dare.

2439 3424 2690 3492 mon.-
2745 3420 2954 3476 ’ἰδοῦσα
2996 3423 3089 3475 τδν
3141 3421 3372 3491 ἄγγελον
3419 3423 3608 3490 ἁγνοῖς
3661 3423 3775 3485 τοῖς
3825 3423 4023 3492 ὀνω-

2450 3519 2570 3586 μοξ
2591 3513 2925 3581 ἀτενίζοντα,
2948 3512 3089 3574 ἀλλά
3111 3514 3422 3585 μνηστῆρος
3432 3513 3728 3584 μηνύματα
3739 3514 3979 3585 φέροντι
4003 3531 4017 3545 .

2447 3605 2673 3677 καθαρῷ
2702 3605 2977 3676 βλέμματι
3001 3605 3430 3676 ⁸ιςροιιανίχονετα,
3445 3605 3774 3674 ἀλλάγάμου
3789 3605 4019 3673 λέγοντα

2447 3696 2869 3765 συναλλάγματα
2887 3711 2904 3728 ο
2926 3693 3132 3749 τούτοιν
3165 3694 3278 3749 τῶν
3302 3694 3590 3765 νυμφικῶν
3625 3693 3898 3766 misatur»:
3926 3713 4018 3763 γε·

2445 3787 2647 3855 νομένη
2676 3787 2964 3856 κατήκοος,
2999 3785 3094 3839 καὶ
3135 3783 3327 3838 παθῶν
3353 3785 3600 3855 ἀμέτοχα
3646 3785 3747 3853 τῆς
3802 3787 4019 3853 ὁμιλίας

2443 3877 2512 3930 τά
2534 3876 2789 3946 σχήματα
2805 3874 3096 3944 βλέπουσα,
3115 3876 3236 3938 ταις
3249 3873 3360 3927 τῶν
3391 3873 3670 3944 λογισμῶν
3681 3874 4018 3937 ἀνακηκίει-ς

2443 3968 2798 4038 ἐταράσσετο.
2814 3966 2978 4037 ὀρῶ,
3011 3963 3167 4036 φησὶ,
3198 3965 3294 4018 τδν
3337 3963 3581 4035 μηνυτὴν
3610 3963 3862 4027 εὐλαϐῶς
3885 3982 4018 4033 παρ-

2447 4058 2755 4128 ιστάμενον,
2799 4059 2895 4110 καὶ
2923 4056 3237 4128 περιχαρῶς
3275 4055 3378 4128 τὴν
3413 4055 3672 4124 ἀγγελίαν
3724 4054 4015 4108 ἀναπείθει⁸

2447 4165 2548 4218 μαι
2574 4146 2832 4212 δέξασθαι
2850 4164 2866 4180 ο
2891 4147 3027 4201 ἀλλά
3045 4145 3352 4216 νυμφικούς
3378 4163 3472 4216 μοι
3523 4147 3718 4214 λόγους
3773 4147 4016 4216 cpe“)-

2443 4238 2615 4302 λεται,
2645 4237 2742 4291 καὶ
2782 4236 2884 4307 τὴν
2938 4236 3117 4306 χαρὰν
3171 4237 3254 4299 εἰς
3310 4235 3476 4305 φόϐον
3537 4234 3877 4306 μεθίστησι,
3929 4237 4015 4289 καὶ

2443 4327 2662 4397 θορυϐεῖ
2689 4330 2789 4397 τὴν
2807 4327 2986 4397 ψυχὴν
3009 4325 3088 4398 τῷ
3112 4327 3414 4396 μηνύματι.
3457 4326 3603 4398 ὀρῶ
3631 4329 3696 4381 τὺ
3725 4328 4015 4396 πρόσοδον

2444 4419 2584 4472 αἰδοῖ
2643 4418 3080 4488 συστελλόμενον,
3101 4417 3240 4472 ἀλλά
3278 4417 3516 4489 νυμφίου
3572 4434 3662 4488 μοι
3715 4418 4015 4487 παρωείιν

769 4488 986 4568 nionem
1032 4517 1094 4564 ut
1143 4507 1394 4563 dolosum
1441 4503 1708 4574 suspicari
1739 4488 1928 4574 cogita.
1940 4503 2154 4559 Etenim
2180 4504 2339 4575 legati

2447 4508 2864 4576 ἐπαγγελλεται.
2933 4508 3075 4580 ὀρῶ
3130 4509 3368 4572 συνετῶς
3423 4509 3835 4578 διαλεγόμενον,
3890 4509 4013 4562 ἀλλ-ἱ

769 4612 904 4658 tunc
935 4601 1111 4656 forma
1136 4607 1193 4654 et
1231 4597 1489 4661 astantia,
1543 4611 1668 4651 cum
1702 4595 1925 4651 habitus
1954 4596 2228 4662 decentia,
2255 4597 2341 4650 di-

767 4695 896 4748 vine
952 4691 1170 4746 venisse
1231 4687 1441 4742 indicat
1497 4686 1865 4756 legationem;
1925 4689 2090 4742 verba
2157 4696 2340 4742 autem

769 4781 958 4853 sponsi
987 4778 1251 4836 indicium
1278 4776 1595 4834 esbibentia
1630 4775 1875 4832 abnuere
1890 4777 2121 4833 suadent
2149 4793 2343 4837 assen-

2445 4599 2758 4670 συλλήψεως
2796 4601 3019 4670 ῥήματα
3049 4598 3382 4668 φθέγγεταιο
3411 4599 3509 4652 καὶ
3535 4599 3638 4669 τῆς
3668 4598 4013 4668 ⁴ιεαρθενίαςὸ

2447 4693 2610 4754 πόθος
2639 4692 2732 4745 τὸν
2758 4689 2918 4759 λόγον
2965 4691 3043 4752 ὡς
3068 4690 3221 4743 δόλον
3251 4689 3579 4744 ὑποπτεύειν
3611 4688 3896 4760 βιάζεται.
3926 4689 4013 4743 Διά

2445 4780 2605 4834 τοῦτο
2635 4781 3065 4853 εκταράσσομαι,
3092 4780 3170 4844 ὡς
3192 4780 3466 4852 ἰσορρόπῳ
3493 4779 3688 4851 γνώμη
3708 4781 4013 4852 τδπράγμε

2449 4869 2952 4940 ζυγοστατούμενον
2985 4869 3282 4939 βλέπουσα.
3343 4870 3410 4924 Ἦ
3450 4871 3565 4936 ῑξις
3609 4872 3713 4942 μὲν
3762 4872 3882 4943 γὰρ
3930 4872 4013 4926 τοῦ

774 4967 1014 5040 μηνυτοῦ
1040 4966 1134 5020 καὶ
1155 4965 1511 5031 κατάστασις,
1538 4978 1638 5016 συν
1663 4963 1742 5034 τῷ
1771 4964 2090 5036 κοσμίῳτοῦ
2119 4967 2419 5038 σχήματος,
2449 4966 2633 5019 θεόθεν
2653 4965 2812 5036 ἥκειν
2868 4964 3112 5018 διδάσκει
3167 4964 3229 5017 τὸ
3289 4963 3516 5034 μήνυμα
3535 4977 3551 4993 ο
3587 4962 3658 5015 τά
3715 4965 4011 5035 ῥηματαᾶ

773 5062 1082 5136 μνηστῆρος
1113 5059 1350 5130 ἔμφασιν
1379 5058 1827 5129 ζύπεμφαίνοντα,
1865 5061 2144 5116 ἀνανεύειν
2166 5063 2342 5116 πείθει
2378 5062 2478 5131 τὴν
2511 5060 2930 5130 συγκατάθεσιν.

841 5153 1039 5208 Pharii.
1082 5149 1318 5204 Turbata
1364 5159 1443 5204 est
1488 5151 1546 5204 in
1574 5167 1831 5218 sermone,
1877 5168 1987 5208 non
2019 5155 2344 5211 benelicium

770 5245 1079 5303 abhorruit.
1113 5241 1350 5297 Turbata
1385 5250 1485 5308 est,
1515 5244 1610 5298 sed
1642 5243 1912 5300 collocuta
1950 5257 2069 5312 est;
2113 5256 2168 5301 et
2225 5261 2344 5301 mo-

768 5342 900 5394 dum
924 5336 1274 5393 salutationis
1304 5335 1681 5401 considerans,
1713 5351 2021 5392 sermonem
2049 5348 2231 5392 autem
2263 5339 2344 5393 vi-

769 5421 1120 5491 dens;rationi
1142 5421 1544 5488 adversantem,
1573 5423 1767 5477 timore
1791 5425 2039 5492 prudenti
2064 5436 2220 5494 capta
2235 5436 2340 5491 est,

767 5525 824 5571 et
835 5523 1152 5569 estraneam
1178 5512 1526 5568 salutationis
1542 5515 1764 5568 modum
1786 5513 2178 5569 rel‘ormidavit.
2198 5517 2341 5582 Quid

769 5607 937 5676 igitur
963 5605 1236 5674 angelus!
1295 5621 1426 5659 num
1455 5608 1706 5677 permisit
1740 5623 1861 5662 eam
1901 5610 2134 5664 diversis
2177 5613 2333 5681 cogi-

767 5697 1067 5752 tationibus
1099 5695 1329 5762 turbari,
1355 5707 1408 5750 et
1440 5697 1779 5754 anxietatum
1818 5697 2072 5755 ﬂuctibus
2105 5701 2342 5772 agitari!

764 5798 823 5848 et
847 5790 1124 5862 quomodo
1159 5789 1402 5846 mandati
1447 5805 1557 5848 non
1592 5791 1772 5847 malus
1800 5791 2050 5849 minister
2081 5793 2339 5861 probatus

2518 5155 2764 5208 Φωτίου.
2807 5152 3161 5224 Ἐθορυόήθη
3186 5151 3538 5220 τοῖς-λόγοις,
3562 5149 3664 5202 οὐκ
3689 5151 4013 5222 ἀπεστράφη

2444 5245 2545 5316 τὴν
2567 5245 2904 5314 εὐεργεσίαν.
2947 5243 3326 5312 Διεταρὰχθη,
3360 5242 3497 5296 ἀλλά
3526 5243 3860 5311 διελογίζετο
3886 5257 3901 5271 ⁸
3934 5246 4017 5295 καὶ

2442 5336 2536 5389 τὸν
2559 5337 2760 5407 τρόπον
2821 5337 2922 5406 μὲν
2963 5336 3293 5406 ἐπιζητοῦσα
3334 5334 3430 5386 τοῦ
3469 5333 3786 5402 ἀσπασμοῦ,
3846 5337 3942 5387 τὸν
3967 5335 4015 5386 δὲ

2443 5429 2599 5497 λόγον
2623 5429 2804 5498 ὁρῶσα
2823 5428 3183 5496 διαφεύγοντα
3212 5423 3338 5490 τοὺς
3365 5425 3676 5494 λογισμοὺς,
3706 5423 3865 5492 φόϐῳ
3895 5440 4016 5477 κατ-

2449 5521 2624 5592 είχετο
2658 5519 2916 5591 σώφρονι,
2947 5521 3042 5574 καὶ
3088 5520 3151 5572 τὸ
3179 5518 3326 5583 ξένον
3379 5517 3475 5570 τοῦ
3535 5516 3836 5586 ἀσπασμοῦ
3890 5533 4012 5568 κατ-

2446 5615 2760 5684 επλήττετο.
2791 5614 2858 5666 Τί
2879 5612 2974 5680 οὖν
3008 5614 3037 5666 ό
3073 5612 3338 5679 ἀγγελοςς
3373 5606 3482 5680 ἀρα
3530 5610 3828 5664 κατέλιπεν
3852 5612 4012 5678 αὐτὴν

2445 5705 2565 5765 ταῖς
2594 5701 2962 5766 ἀντισπὼσαις
2987 5702 3248 5764 διανοίαις
3304 5699 3696 5772 ταράσσεσθαι,
3753 5700 3855 5752 καὶ
3901 5704 4010 5759 ταῖς

2447 5796 2656 5865 κύμασι
2681 5795 2790 5850 τῶν
2813 5794 3059 5865 ἀποριῶν
3088 5792 3543 5860 κλυδωνίζεσθαι;
3568 5793 3656 5845 καὶ
3681 5791 3803 5854 ⁴πῶς
3834 5792 3902 5844 ἂν
3920 5788 4004 5843 τοῦ
