4156 6438
275 419 411 486 1217

1458 415 1919 480 FRAGMENTA
1951 414 2034 478 IN
2068 417 2343 481 LUCAM.

3397 412 3533 481 1218

270 530 692 603 προστάγματος
711 530 776 585 οὑ
798 530 1002 601 φαῦλος
1024 526 1302 601 ὑπηρότης
1325 528 1588 600 ἠλέγχετο
1608 546 1623 595 ;
1647 529 1763 591 πῶς
1786 527 1846 581 δι

1957 528 2081 581 est?
2110 528 2388 598 quomodo
2415 542 2604 599 poenas
2637 542 2749 583 non
2781 526 2931 597 juste
2982 525 3185 589 subiit,
3234 527 3379 595 quod
3420 528 3533 581 vir-

267 623 425 685 δίκας
440 624 542 676 οὑκ
564 624 631 677 ἃν
649 622 873 685 δικαίως
892 621 1299 692 είσεπράττετο,
1330 622 1414 675 ὅτι
1446 622 1546 692 τὴν
1572 620 1845 690 παρθένον

268 713 617 784 θορυϐεῖσθαι
640 714 931 779 κατίλιπες
952 714 1041 768 διὰ
1069 713 1131 766 τὸ
1159 714 1234 783 μὴ
1256 706 1399 767 εἶναι
1423 714 1603 766 τοίνυν
1621 710 1847 764 δυνατὸν

269 804 678 875 θορυϐουμένην
713 806 806 859 καὶ
843 804 1207 874 φοϐουμένην,
1249 803 1491 877 ἀκριϐῶς
1521 802 1745 857 ἀκούειν
1777 801 1847 854 τά

268 894 661 966 λεχθησόμενα,
691 896 780 949 διὰ
802 895 959 950 τοῦτο
983 895 1098 947 λύει
1130 896 1347 968 πρῶτον
1370 895 1539 963 αὐτῆς
1550 894 1643 948 τὸν
1658 894 1843 962 φόϐον.

343 987 589 1040 οωείου.
625 987 739 1039 Οὐκ
766 986 985 1057 ἀπάτην
1010 982 1174 1057 ἦλθον
1191 986 1423 1057 λαλῆσαί
1456 1003 1561 1051 σοι,
1589 986 1727 1039 ἀλλὰ
1751 986 1848 1053 τῆς

271 1076 489 1145 ἀπάτης
528 1076 809 1146 ἀναίρεσιν
861 1076 1279 1147 είσηγησασθαι.
1338 1077 1415 1130 Ού
1447 1076 1717 1146 πλανῆσαι
1744 1094 1849 1130 πα-

276 1168 567 1237 ραγίγονα,
594 1168 695 1237 τῆς
721 1169 776 1221 δὲ
801 1168 1008 1235 πλάνης
1038 1169 1309 1237 λύτρωσιν
1334 1169 1713 1240 ιγγυήσασθαι
1734 1184 1749 1201 ο
1783 1169 1842 1221 οὑ

276 1256 506 1326 συλῆσαι
534 1273 620 1311 σοι
645 1258 746 1327 τὴν
774 1258 973 1312 ἄσυλον
1003 1260 1300 1330 παρθενίαν
1340 1260 1689 1331 δπεδήμησα,
1717 1260 1851 1313 ἀλλὰ

272 1347 370 1401 τοῦ
391 1348 631 1402 πλάστου
652 1350 752 1420 τῆς
779 1350 1075 1420 παρθενίας
1104 1352 1201 1404 καὶ
1225 1350 1464 1420 φύλακος
1492 1352 1593 1422 τὴν
1628 1351 1847 1420 δνοίκη-

273 1448 363 1484 σιν
392 1432 845 1503 εὐαγγελίσασθαι
869 1452 885 1468 ⁸
913 1438 1012 1491 ούκ
1035 1438 1212 1509 ϐφεώς
1238 1441 1354 1507 ειμι
1380 1439 1645 1510 πονηρίας
1672 1440 1853 1492 διάκο-

273 1537 389 1585 νος.
418 1522 555 1575 ἀλλὰ
599 1522 693 1576 τοῦ
750 1526 1157 1596 καταργοῡντος
1213 1526 1307 1579 τὸν
1350 1528 1476 1595 ϐφιν
1528 1527 1850 1589 ἀπόστολος.

276 1612 685 1681 Νυμφοστόλος,
738 1616 841 1669 οὐκ
894 1616 1178 1679 ιπίϐουλος
1241 1617 1627 1687 παραγέγοναο
1678 1618 1853 1687 χαρᾶς

275 1704 553 1774 πρόξενος,
574 1706 639 1760 ού
664 1706 840 1777 λύπης
855 1708 1163 1779 παραίτιος·
1193 1710 1469 1780 σωτηρίας
1492 1708 1851 1778 προάγγελος.

1946 616 2125 686 ginem
2154 618 2364 672 turbari
2402 616 2693 687 permisit?
2738 616 2873 683 Quia
2916 630 3026 670 non
3064 623 3184 670 erat
3211 614 3533 686 igiturposo

1946 705 2106 760 sibile
2164 708 2435 763 turbatam
2500 716 2555 762 et
2602 707 2847 761 territam
2876 705 3073 760 audire
3119 714 3379 761 accurate
3408 720 3534 775 qua

1945 795 2174 853 dicenda
2248 806 2429 863 erant,
2478 799 2601 855 ideo
2654 801 2891 869 primum
2956 798 3080 869 ejus
3139 806 3352 853 metum
3416 799 3534 854 sol-

1946 890 2043 944 vit.

2019 978 2186 1035 Vens.
2205 980 2291 1034 50.
2319 980 2513 1035 Matii.
2542 979 2658 1038 Non
2682 980 2929 1036 fraudem
2963 980 3085 1035 veni
3130 980 3231 1034 tibi
3258 979 3530 1044 dicturus,

1949 1071 2042 1126 sed
2071 1070 2278 1125 fraudis
2310 1072 2734 1128 destructionem
2762 1071 3081 1127 edocturus.
3105 1070 3225 1125 Non
3280 1068 3349 1123 ad
3375 1081 3533 1123 erro-

1951 1177 2066 1217 rem
2090 1164 2235 1228 veni,
2272 1166 2364 1219 sed
2390 1165 2457 1218 ad
2483 1166 2687 1220 erroris
2740 1164 3067 1221 solutionem
3121 1159 3532 1218 arcessendam.

1954 1251 2070 1309 Non
2106 1254 2362 1309 intactam
2392 1256 2756 1326 virginitatem
2805 1265 3061 1325 rapturus
3086 1253 3238 1316 aﬂui,
3292 1252 3386 1307 sed
3433 1252 3535 1305 vir-

1952 1345 2193 1416 ginitatis
2217 1348 2459 1402 auctoris
2482 1356 2538 1402 et
2562 1347 2803 1402 custodis
2831 1348 3126 1401 adventum
3152 1344 3528 1400 nuntiaturus.

1951 1439 2072 1494 Non
2120 1442 2385 1508 serpentis
2408 1440 2628 1495 malitia
2662 1455 2783 1494 sum
2820 1438 3091 1502 minister,
3127 1438 3221 1492 sed
3263 1434 3533 1505 serpenti

1953 1530 2307 1585 destructoria
2345 1532 2644 1601 apostolus.
2672 1529 2996 1598 Nuptiarum
3032 1530 3281 1589 nuntius,
3313 1542 3421 1582 non
3447 1528 3535 1582 in-

1956 1621 2184 1675 sidiator
2216 1621 2408 1676 adsum
2435 1638 2450 1675 :
2480 1622 2669 1691 gratiae
2702 1635 2901 1691 praeco,
2938 1636 3049 1675 non
3079 1620 3285 1675 doloris
3317 1634 3477 1675 causa
3510 1636 3527 1683 ;

1956 1707 2147 1762 salutis
2173 1708 2419 1778 angelus,
2472 1722 2583 1762 non
2610 1707 2933 1777 perditionis
2959 1708 3233 1777 complex.
3283 1708 3392 1775 Ego
3424 1705 3534 1761 Do-

278 1795 382 1848 οὑκ
402 1795 678 1860 ἀπωλείας
699 1797 1021 1867 σύμϐουλος·
1047 1798 1163 1867 ἐγὼ
1185 1801 1296 1863 τοῖς
1316 1801 1705 1870 προστάγμασι
1740 1803 1852 1861 τοῖς

1957 1796 2089 1850 mini
2129 1812 2225 1867 per
2271 1797 2527 1851 mandata
2578 1798 2846 1851 rationem
2904 1806 3054 1851 tuam
3136 1797 3363 1862 sanaho,
3430 1811 3535 1867 ego

277 1888 629 1951 Δεσποτικοῐς
665 1890 792 1952 τοὺς
846 1890 971 1955 σοὺς
1017 1890 1311 1960 λογισμοὺς
1339 1890 1697 1963 θεραπεύσω·
1740 1891 1852 1961 ἐγὼ

1957 1888 2241 1943 anxietatis
2269 1890 2482 1943 vincula
2508 1885 2763 1944 solvam.‘

276 1978 404 2039 τοὺς
432 1979 665 2049 δεσμοὺς
695 1980 1059 2051 διαλύσωξτῆς
1085 1982 1343 2051 ἀπορίας.

356 2066 466 2121 Τοῦ
502 2068 713 2121 αὑτοῦ.
744 2070 982 2139 Χάριτός
1009 2071 1126 2124 ἐστι
1160 2071 1311 2134 θείας
1332 2072 1362 2125 ό
1398 2071 1711 2142 ἀσπασμὸς,
1741 2074 1854 2127 ἀλλ’

277 2156 343 2209 οὑ
372 2156 585 2223 φύσεως
610 2158 885 2230 ὑπουργός
903 2176 916 2189 ·
941 2162 1162 2232 χάριτος
1191 2162 1399 2232 θεῑκῆς,
1446 2164 1548 2217 οὑκ
1577 2164 1855 2235 ἀνθρωπί-

278 2265 379 2320 νης
416 2250 710 2320 ἐπιϐουλῆς
730 2266 748 2282 ·
780 2253 1002 2324 χάριτος
1030 2253 1122 2306 τὸν
1155 2254 1494 2326 ἀνθρώπινον
1525 2255 1855 2329 ὑπερπηδώ-

280 2356 385 2410 σης
414 2339 691 2412 λογισμόν.
735 2341 874 2395 Ἀλλ’
902 2344 1035 2396 ὅταν
1078 2344 1238 2414 χάριν
1282 2344 1543 2417 ἀκούσης,
1578 2345 1853 2417 ἄνθρωπε,

283 2432 361 2500 μὴ
397 2431 573 2502 μάτην
600 2432 930 2504 τδχάρισμα
946 2436 1013 2504 τῇ
1048 2435 1311 2506 Παρθένῳ
1368 2436 1738 2506 χορηγηθῖμαι
1770 2455 1857 2491 νο-

282 2520 449 2592 μίσῃς
466 2536 479 2550 ο
520 2521 655 2591 μηδι
686 2522 995 2592 φιλοτιμίαν
1009 2523 1253 2577 διάκενον
1271 2523 1334 2576 τὸ
1358 2523 1529 2594 δῶρον
1555 2524 1854 2598 ὑπολάϐῃς.

283 2604 426 2678 Εὗρε
450 2610 561 2680 γάρ
588 2611 752 2681 χάριν
789 2613 824 2681 η
857 2612 1141 2682 Παρθίνος
1175 2614 1327 2683 παρὰ
1365 2612 1504 2683 Θεῷ,
1558 2614 1643 2667 ὅτι
1700 2615 1858 2678 ἀξίαν

282 2702 483 2773 ἑαυτὴν
502 2703 581 2773 τῷ
611 2705 944 2775 Δημιουργῷ
976 2705 1410 2758 κατεσκεύασεν*
1437 2707 1520 2759 ϐτι
1567 2706 1647 2777 τῷ
1674 2706 1857 2761 κάλλει

280 2794 382 2860 τῆς
411 2794 629 2862 ἁγνείας
654 2796 753 2865 τὴν
781 2796 981 2865 ἑαυτῆς
1032 2795 1211 2866 ψυχὴν
1263 2798 1567 2866 ὡραϊσασα,
1602 2815 1861 2866 κατοικηο

278 2886 472 2955 τήριον
505 2885 828 2957 ἀξιέραστον
859 2888 1059 2957 ἑαυτὴν
1107 2888 1202 2941 τοῦ
1247 2888 1389 2959 λόγῳ
1435 2892 1560 2952 τοὺς
1595 2891 1857 2961 οὐρανοὺς

283 2975 688 3046 στερεώσαντος
720 2979 1087 3049 ἡτοιμάσατο·
1120 2981 1201 3033 ὅτι
1230 2981 1291 3033 οὑ
1326 2981 1494 3050 μόνην
1520 2982 1618 3049 τὴν
1652 2982 1860 3051 παρθε-

281 3064 405 3116 νίαν
424 3066 692 3133 ἄχραντον
707 3067 1045 3137 διετήρησεν,
1068 3068 1205 3121 άλλά
1217 3084 1279 3136 γε
1307 3070 1399 3122 καὶ
1416 3069 1512 3139 τὴν
1534 3072 1860 3142 προαίρεσιν

2029 2065 2303 2135 Ejusdem.
2332 2065 2533 2122 Gratim
2563 2068 2760 2122 divina!
2788 2067 3049 2123 salutatio
3082 2077 3189 2131 est,
3218 2082 3323 2121 non
3351 2074 3533 2121 autem

1958 2164 2163 2211 natura
2214 2156 2578 2228 obsequium;
2641 2160 2829 2229 gratia.-
2856 2159 3077 2223 divinae,
3120 2173 3229 2213 non
3284 2160 3537 2213 humanm

1958 2248 2167 2304 fraudis
2197 2266 2212 2315 ;
2244 2250 2434 2318 gratiae
2471 2250 2775 2305 humanum
2831 2251 3165 2307 intellectum
3198 2250 3532 2319 superantis.

1958 2340 2063 2395 Sed
2086 2354 2212 2393 cum
2244 2340 2473 2409 gratiam
2498 2341 2761 2405 audieris,
2794 2355 2828 2393 ο
2864 2342 3051 2403 homo,
3086 2356 3152 2394 ne
3177 2339 3381 2395 frustra
3414 2338 3534 2393 Vir-

1958 2434 2067 2501 gini
2093 2431 2325 2502 gratiam
2360 2433 2503 2488 hanc
2535 2433 2834 2502 praestitam
2855 2448 2977 2487 esse
3002 2432 3327 2497 arbitreris;
3362 2446 3538 2500 neque

1959 2522 2339 2577 liberalitatem
2394 2521 2559 2577 inane
2598 2524 2801 2576 donum
2848 2536 3099 2576 censeas.
3139 2522 3353 2576 Invenit
3381 2521 3530 2576 enim

1959 2616 2187 2686 gratiam
2229 2614 2393 2685 Virgo
2422 2615 2564 2685 apud
2622 2614 2790 2668 Deum
2824 2632 2840 2681 ;
2883 2616 3029 2683 quod
3094 2629 3154 2669 se
3175 2615 3393 2683 dignam
3428 2614 3538 2668 Deo

1959 2708 2297 2776 comparavit
2319 2707 2519 2777 ;-quod
2558 2707 2833 2761 castitatis
2859 2706 3269 2775 pulchritudine
3294 2705 3537 2759 animam

1962 2810 2115 2849 suam
2145 2809 2439 2860 exornans,
2461 2795 2684 2864 dignum
2709 2794 3079 2848 habitaculum
3106 2806 3277 2848 semet
3306 2795 3354 2847 ei
3380 2793 3540 2862 cujus

1962 2885 2127 2938 verbo
2188 2884 2309 2938 cmli
2336 2884 2534 2937 ﬁrmati
2589 2892 2721 2938 sunt
2763 2883 3083 2950 diSposuit;
3122 2884 3267 2952 quod
3301 2897 3411 2936 non
3454 2898 3543 2937 so-

1961 2978 2073 3031 lum
2112 2978 2479 3048 virginitatem
2518 2977 2834 3031 inviolatam
2865 2978 3128 3041 servavit,
3161 2977 3258 3031 scd
3284 2978 3542 3031 volunta-

1966 3078 2129 3125 tatem
2159 3069 2694 3139 irreprehensibilem
2734 3068 3070 3133 custodivit;
3102 3069 3247 3138 quod
3295 3084 3328 3122 e
3355 3067 3543 3139 pueris

282 3155 585 3223 άμόλυντον
643 3159 1010 3228 συνετήρησεν
1044 3171 1062 3189 ⁸
1133 3158 1217 3211 ὅτι
1286 3159 1352 3212 ἐκ
1426 3159 1656 3231 βρέφους
1726 3162 1856 3216 καθ-

1967 3175 1997 3213 a
2025 3159 2131 3215 Deo
2162 3160 2498 3216 sanctiﬁcata
2526 3170 2633 3226 est,
2662 3160 2921 3229 templ-nn
2952 3160 3239 3230 spirituale
3284 3177 3394 3215 non
3425 3176 3544 3215 ma-

284 3244 523 3315 ηγιάσθη
550 3246 689 3315 Θεῷ,
715 3248 866 3313 λαὸς
895 3247 1134 3318 ἔμψυχος
1157 3251 1250 3302 καὶ
1282 3250 1575 3314 άλάξευτος
1610 3253 1687 3323 τῷ
1710 3254 1864 3323 βασι-

285 3335 371 3387 λεῖ
398 3337 495 3404 τῆς
526 3336 682 3406 δόξης
705 3340 1175 3409 οἰκοδομούμενος,
1211 3341 1301 3395 διὰ
1355 3341 1418 3395 τὸ
1472 3343 1568 3396 τοῦ
1603 3344 1861 3413 σώματος

284 3426 649 3496 ὰκηλίδωτονο
689 3429 777 3481 διὰ
830 3429 891 3481 τὸ
934 3431 1033 3498 τῆς
1086 3430 1382 3501 παρθενίας
1414 3432 1815 3503 ὑπέρλαμπρον
1844 3449 1858 3465 ·

283 3517 376 3569 διά
395 3519 454 3570 τὸ
480 3518 581 3587 τῆς
629 3519 849 3586 ἁγνείας
886 3520 1186 3589 άμόλυντον
1207 3535 1224 3553 ⁶
1264 3521 1354 3575 διὰ
1382 3523 1442 3575 τὸ
1470 3522 1567 3593 τῆς
1607 3523 1864 3595 προαιρέ-

289 3626 427 3670 σεως
456 3610 841 3680 καθαρώτατον
864 3628 879 3643 ·
907 3612 994 3664 διὰ
1012 3612 1185 3681 τὸτῆς
1202 3612 1383 3683 ψυχῆς
1412 3614 1547 3685 πρὸς
1572 3614 1672 3687 τὴν
1686 3617 1864 3687 ἀμαρ-

284 3699 409 3749 τίαν
440 3700 699 3768 ἀρρεπὲς,
722 3700 932 3753 καὶτοῦ
957 3702 1264 3772 κρείττονος
1279 3705 1692 3773 ἀμετάπτωτον.

359 3790 602 3844 Φωτίου.
650 3790 723 3843 Τὸ
759 3790 971 3862 μέλλον,
994 3791 1071 3855 ὡς
1103 3793 1207 3863 ήδη
1239 3795 1413 3865 παρὸν
1456 3796 1817 3863 ἀποφαίνεται
1840 3814 1855 3829 ο

284 3881 410 3933 ἀντὶ
436 3884 543 3950 γὰρ
588 3881 705 3946 τοῦ,
763 3884 1024 3949 ποιήσει.
1056 3887 1222 3954 φησὶν
1256 3887 1569 3955 ἐποίησεν,
1625 3888 1700 3952 ὡς
1756 3890 1855 3961 ἤδη

286 3973 628 4041 κατορθωθὲν
658 3976 752 4027 καὶ
769 3976 1062 4046 γενόμενον
1098 3978 1200 4045 τῆς
1231 3978 1422 4041 αὑτοῦ,
1450 3980 1605 4049 φησὶ,
1654 3984 1857 4051 χειρὸς,

284 4062 387 4113 οὑκ
410 4060 703 4130 ἀνθρώπου
733 4064 797 4116 τὸ
847 4063 1008 4133 ιργον
1029 4079 1042 4092 ·
1086 4064 1370 4130 Ἐποίησε
1409 4064 1649 4132 κράτος,
1678 4068 1738 4118 οὑ
1772 4066 1858 4119 διὰ

282 4154 567 4217 Μωῦσεως
597 4153 673 4225 (1)
699 4155 775 4217 ὠς
796 4156 964 4208 πάλαι
985 4156 1079 4208 tul
1104 4158 1232 4218 τοὺς
1260 4156 1607 4224 Αίγυπτίους·
1632 4158 1753 4210 οὐδὲ
1773 4158 1861 4212 διὰ

284 4246 464 4315 Ἰησοῦ
490 4246 584 4298 τοῦ
615 4248 795 4317 Ναυῆ,
830 4249 907 4310 ὼς
960 4249 1081 4301 τότε
1123 4247 1506 4317 Ἱεριχούντεια
1555 4249 1709 4318 τείχη
1756 4265 1858 4302 κα-

281 4337 516 4389 τασείων
548 4339 783 4409 περιόδῳ
806 4340 995 4409 ἱερέων
1018 4340 1113 4391 καὶ
1139 4339 1457 4408 σαλπίγγων
1475 4341 1581 4410 ἠχῇ
1605 4357 1617 4371 ’
1642 4340 1763 4392 οὐδὲ
1789 4340 1857 4393 δι’

282 4427 541 4493 ἀγγέλου,
565 4427 641 4490 ὡς
671 4430 831 4498 ἡνίκα
853 4430 949 4491 τὰς
997 4429 1191 4481 ἑκατὸν
1232 4430 1560 4498 ὀγδοήκοντα
1586 4431 1745 4482 πέντε
1771 4448 1856 4500 χι-

1965 3250 2248 3305 nufactum
2278 3252 2393 3321 regi
2437 3251 2623 3322 gloriae
2668 3251 3049 3318 habitandum,
3089 3261 3309 3322 pr0pter
3338 3266 3542 3321 corpo-

1964 3341 2041 3395 ris
2078 3342 2390 3409 puritatem,
2448 3351 2670 3412 propter
2710 3341 3043 3409 virginitatis
3085 3343 3276 3406 decus.
3318 3353 3545 3412 propter

1962 3432 2233 3485 castitatis
2275 3431 2666 3501 integritatem,
2722 3438 2945 3499 propter
2987 3431 3283 3486 voluntatis
3319 3431 3543 3486 mundi-

1965 3523 2115 3587 tiam,
2150 3532 2373 3593 prOpter
2396 3524 2590 3578 anima:
2634 3530 2823 3577 contra
2867 3533 3154 3592 peccatum
3200 3523 3542 3589 ﬁrmitatem,

1963 3622 2015 3667 ct
2044 3613 2097 3667 in
2126 3614 2272 3670 bono
2297 3616 2687 3671 constantiam.

2033 3704 2197 3760 Vsus.
2229 3706 2320 3760 49.
2350 3707 2548 3760 Photii.
2583 3705 2872 3773 Futurum,
2902 3718 2960 3762 ut
3012 3698 3122 3777 iam
3173 3723 3414 3777 praesens
3443 3722 3543 3777 ap-

1961 3808 2133 3867 paret.
2165 3796 2300 3853 Nam
2350 3816 2449 3871 pro
2505 3802 2687 3867 faciet,
2713 3803 2864 3869 dicit,
2902 3804 3046 3872 fecit,
3106 3802 3263 3871 quasi
3291 3800 3406 3867 jam
3455 3801 3540 3855 la-

1961 3898 2111 3943 ctnm
2147 3898 2201 3945 et
2229 3891 2528 3960 perfectum
2560 3908 2754 3948 manus
2772 3894 2911 3963 ejus,
2945 3909 3053 3948 non
3083 3894 3322 3947 hominis
3374 3906 3538 3961 opus.

1967 3980 2113 4035 Fecit
2140 3985 2448 4051 potentiam,
2500 4001 2605 4039 non
2656 4002 2753 4056 per
2782 3987 2999 4057 Moysen
3034 3997 3093 4040 ut
3125 3988 3254 4040 olim
3290 3985 3344 4039 in
3373 3985 3541 4056 Egy-

1960 4077 2128 4144 ptios;
2162 4091 2339 4145 neque
2376 4092 2470 4146 per
2492 4075 2618 4132 Jesu
2672 4079 2840 4133 lilium
2868 4077 3034 4143 Nave,
3067 4087 3126 4132 ut
3160 4090 3288 4132 tunc
3316 4075 3540 4132 Jericho

1962 4168 2162 4222 mmnia
2217 4169 2503 4224 excutiens
2574 4185 2672 4239 per
2726 4172 3077 4225 sacerdotum
3129 4170 3423 4224 circuitum
3486 4181 3543 4223 et

1962 4258 2214 4311 tubarum
2251 4272 2487 4325 sonum;
2536 4274 2714 4328 neque
2742 4275 2837 4329 per
2874 4260 3148 4329 angelum,
3212 4267 3270 4313 ut
3318 4259 3538 4329 quando

1959 4353 2174 4398 centum
2208 4347 2449 4415 quinque
2477 4356 2531 4401 et
2559 4349 2831 4416 octoginta
2862 4348 3031 4401 millia
3057 4348 3295 4400 hostium
3328 4358 3538 4401 macta-

1960 4430 2064 4495 vit;
2098 4446 2272 4500 neque
2314 4432 2482 4485 alium
2510 4432 2771 4502 aliquem.
2819 4433 2921 4486 Sed
2953 4450 3049 4501 per
3077 4435 3401 4503 quodnam?
3444 4450 3539 4501 per

281 4516 471 4578 λιάδας
508 4518 917 4587 κατεστρώννυε
949 4519 1057 4571 τῶν
1087 4520 1363 4588 πολεμίων
1386 4536 1401 4551 ο
1445 4518 1566 4572 οὑδὲ
1599 4521 1666 4573 δι’
1696 4520 1854 4573 ἄλλου

1960 4532 2121 4570 suum
2152 4517 2428 4586 proprium
2460 4518 2765 4574 brachium.
2805 4519 3096 4574 Brachium
3120 4531 3303 4574 autem
3334 4521 3533 4581 Patris,

276 4608 449 4669 τινός’
481 4608 617 4661 ἀλλὰ
653 4608 741 4662 διὰ
764 4610 911 4672 τίνος
935 4628 951 4676 ;
978 4610 1047 4664 δι’
1071 4610 1236 4663 αὑτοῦ
1262 4610 1355 4663 τοῦ
1390 4612 1592 4664 οίκείου
1625 4611 1849 4682 βραχίο-

278 4716 393 4761 νος.
416 4699 664 4768 Βραχίων
687 4701 744 4752 δὲ
772 4700 868 4752 τοῦ
913 4701 1146 4770 Πατρός,
1175 4702 1204 4753 ό
1224 4699 1369 4763 Υίός⁹
1407 4703 1550 4755 κατὰ
1578 4702 1661 4764 τὸ,
1679 4702 1851 4757 Ἑλυο

274 4790 487 4856 τρώσω
510 4790 881 4859 ὲνβραχιονί
914 4804 1033 4845 σου
1081 4790 1188 4843 τὸν
1213 4793 1369 4844 λαόν
1409 4807 1548 4846 σου.
1589 4794 1665 4845 Δι’
1685 4793 1850 4847 αὑτοῦ

274 4878 375 4935 οὖν
402 4883 557 4952 νίκην
580 4884 897 4953 είργάσατο,
931 4883 1027 4938 καὶ
1068 4888 1327 4953 τροπαῖον
1354 4884 1550 4954 ιστησε
1572 4885 1713 4939 κατὰ
1745 4886 1853 4939 τῶν

278 4974 450 5026 πάλαι
475 4974 881 5043 τυραννούντων
926 4974 1039 5029 τῶν

359 5065 470 5118 Τοῦ
496 5066 703 5119 αὐτοῦ.
750 5068 1275 5135 Κατπροπώσατο,
1325 5070 1509 5139 φησιν,
1546 5068 1646 5122 οὑκ
1692 5070 1855 5136 Δίγυ-

276 5157 492 5219 πτίους,
514 5158 546 5226 ἢ
572 5158 893 5226 Ἀσσυρίους
916 5158 950 5228 ἢ
973 5158 1168 5211 τόδετὸ
1189 5159 1471 5231 πολέμιον,
1500 5161 1637 5214 ἀλλὰ
1676 5160 1853 5213 πάντα

273 5248 539 5315 λογισμὸν
555 5249 905 5319 ὑπερήφανον
936 5251 1183 5304 τουτέστι
1222 5251 1297 5323 μὴ
1326 5252 1711 5307 ὑποκύπτοντα
1757 5253 1853 5306 καὶ

276 5337 682 5409 πειθαρχοῦντα
720 5343 787 5409 τῇ
828 5341 1100 5413 παρουσίᾳ
1148 5342 1335 5395 αὑτοῦ.
1388 5342 1713 5396 Διεσκέϐασε
1756 5342 1849 5395 καὶ

274 5429 766 5501 σαθρὰςάπήλεγξε
791 5434 889 5495 τὰς
937 5434 1317 5505 ὑπερηφάνους
1329 5434 1566 5497 διανοίας
1586 5435 1686 5502 τῆς
1714 5451 1851 5505 καθ’

268 5522 395 5585 δίας
421 5523 622 5591 unum,
641 5528 707 5590 θις
722 5527 879 5597 ισχον
896 5529 975 5591 είς
990 5528 1051 5580 τὸ
1081 5526 1159 5599 μὴ
1186 5525 1476 5580 πιστεῦσαι
1492 5527 1588 5580 καὶ
1606 5525 1843 5596 φοϐηθῆ-

266 5631 366 5668 ναι
397 5614 919 5688 αὐτὸν,ϐιελίκμησε
944 5618 1042 5682 τὰς
1063 5617 1443 5690 ὑπερηφάνους
1483 5616 1592 5670 τῶν
1632 5615 1707 5687 μὴ
1754 5634 1847 5670 πι-

1954 4605 2162 4674 Filius;
2188 4609 2487 4663 secundum
2518 4611 2665 4679 quod
2689 4610 2923 4665 dicitur:
2947 4609 3210 4664 Liberaui
3238 4612 3293 4663 in
3320 4612 3535 4663 brachio

1956 4712 2045 4757 tuo
2078 4699 2327 4769 populum
2356 4712 2524 4757 tuum.
2562 4701 2663 4757 Per
2696 4702 2842 4757 hunc
2896 4702 3065 4772 igitur
3096 4703 3376 4756 Victoriam
3402 4703 3533 4757 ade-

1956 4802 2079 4861 ptus
2107 4804 2211 4858 est,
2262 4805 2318 4851 et
2379 4804 2642 4866 trapenm
2679 4798 2873 4851 statuit
2907 4808 3095 4853 contra
3127 4797 3248 4850 illos
3282 4797 3374 4865 qui
3402 4797 3532 4851 olim

1954 4887 2400 4956 dominabantur,
2431 4890 2705 4945 inimicos.

2030 5066 2301 5135 Ejusdem.
2344 5067 2620 5136 Diepersil,
2649 5077 2710 5122 ut
2739 5067 3004 5136 loquitur,
3064 5079 3171 5118 non
3221 5061 3529 5132 Aigyptios,

1954 5168 2045 5212 aut
2062 5160 2337 5229 Assyrios,
2369 5169 2466 5215 aut
2502 5160 2710 5215 similes
2748 5160 2952 5223 hostes,
2984 5156 3081 5216 sed
3120 5170 3338 5210 omnem
3375 5154 3532 5208 intel-

1955 5249 2154 5305 lecmm
2208 5267 2268 5307 se
2315 5252 2691 5317 extollentem,
2738 5251 2791 5305 id
2836 5262 3055 5305 estnon
3089 5248 3437 5302 inclinantem
3467 5261 3527 5299 se

1956 5357 2057 5397 nec
2081 5344 2488 5399 submittentem
2527 5358 2712 5398 coram
2742 5344 2882 5411 ipso.
2913 5340 3183 5410 Dispersit
3210 5347 3265 5392 et
3289 5338 3529 5391 caducas

1954 5447 2079 5487 esse
2120 5434 2357 5488 convicit
2402 5435 2665 5504 superbas
2694 5432 3053 5502 cogitationes
3096 5429 3278 5485 cordis
3298 5442 3523 5496 eorum,

1951 5539 2088 5593 quas
2138 5524 2446 5579 habuerunt
2495 5540 2620 5579 cum
2663 5538 2771 5578 non
2822 5523 3179 5579 crediderunt
3226 5535 3327 5574 nec
3370 5524 3525 5578 illum

1954 5625 2285 5673 metuerunt.
2348 5602 2616 5689 Dispersit
2687 5616 2951 5687 superbas
3023 5630 3133 5671 non
3186 5618 3527 5673 credentium

1813 5728 2038 5785 NUTE.

1813 5734 1961 5787 NUT.

351 5823 435 5893 (I)
466 5820 666 5878 Confer
702 5824 955 5881 volumen
983 5826 1217 5897 primum
1240 5827 1433 5899 prima:
1474 5827 1723 5883 editionis
1746 5842 1799 5899 p.
1834 5826 1961 5883 190.

598 5916 869 5977 Panos.
914 5918 1031 5977 Gn.
1079 5917 1178 5977 Cl.

3121 5916 3198 5974 39
