4156 6438
713 390 852 458 1219

1903 384 2161 449 PHOTII
2196 379 2699 444 PATRIARCHEE
2735 382 2844 442 (ΖΡ.

3813 386 3949 450 ιεεο

706 512 937 565 mentes,
996 516 1094 556 nec
1153 500 1259 555 illis
1308 499 1558 555 umbraut
1605 497 1979 554 excusationis
2024 495 2270 562 reliquit.

2388 488 2720 542 στευσάντων
2735 488 2995 555 διανοίας,
3013 491 3132 544 οὐδὲ
3147 492 3304 546 σκιάν
3325 494 3508 556 αὐτοῖς
3526 491 3807 544 ὑπολιπὼν
3826 494 3958 545 ἀπο

705 593 841 648 Nam
870 591 1092 662 praprio
1140 590 1327 653 corde,
1353 605 1477 644 cum
1526 589 1656 644 talia
1688 588 1952 643 baberent
1980 585 2048 640 de
2074 584 2276 654 quibus

703 685 1030 740 erubescere
1060 682 1326 737 debebant
1377 680 1544 735 inﬂati
1575 692 1726 743 sunt,
1774 688 1828 735 et
1871 677 2110 733 fructum
2154 689 2278 744 pro-

705 775 835 844 ptia:
891 773 1388 836 mentislethalem,
1418 771 1855 826 incredulitatem
1901 768 2277 840 pra-buerunt.

779 949 1052 1004 Vens.3‘£.
1107 945 1309 1000 Photii.
1356 942 1428 998 Ut
1480 945 1666 1004 homo.
1721 941 1984 1011 exponit;
2048 956 2172 994 nam
2224 951 2281 994 ut

709 1043 872 1104 Deus,
905 1055 1068 1110 supra
1122 1037 1268 1108 quod
1302 1050 1559 1105 magnum
1586 1041 1692 1088 est.

779 1130 1048 1199 Ejusdem.
1079 1126 1302 1196 Magnus
1324 1126 1447 1190 erit,
1478 1123 1626 1193 quod
1651 1123 1764 1192 jam
1791 1132 1930 1186 erat,
1964 1122 2066 1176 etsi
2103 1122 2283 1175 carnis

707 1221 1067 1275 humilitatem
1105 1216 1301 1270 induit.
1333 1213 1452 1268 Non
1501 1215 1649 1268 enim
1680 1212 2038 1266 humanitatis
2068 1226 2285 1265 assum-

707 1315 844 1382 ptio,
891 1309 1320 1380 magnitudinem
1355 1306 1636 1360 imminuit
1673 1305 2008 1368 divinitatis;
2049 1303 2144 1358 sed
2188 1318 2287 1372 po-

707 1394 820 1459 l\"us
860 1405 1124 1459 attollitur
1167 1405 1234 1458 ad
1267 1403 1414 1456 illam
1445 1401 1802 1456 humanitatis
1829 1401 2129 1455 humilitas.
2169 1399 2284 1452 Etsi

709 1495 877 1562 igitur
905 1493 973 1547 ad
1000 1508 1220 1547 carnem
1247 1491 1520 1547 demissus
1554 1501 1660 1554 est,
1691 1491 1765 1544 ita
1823 1499 2006 1545 tamen
2047 1492 2145 1542 erit
2174 1506 2284 1541 ma-

704 1600 859 1652 gnus,
883 1595 941 1637 ut
985 1592 1124 1642 erat.

783 1675 1057 1743 Ejusdem.
1101 1673 1241 1740 Non,
1298 1675 1518 1730 nomine
1567 1685 1621 1728 tu
1666 1671 2004 1743 appellabis,
2053 1668 2147 1722 sed
2198 1667 2287 1720 ille

706 1768 1013 1832 vocabitur;
1057 1783 1088 1822 a
1128 1783 1260 1837 quo,
1292 1782 1362 1821 an
1394 1767 1673 1821 evidenter
1713 1779 1806 1833 per
1833 1762 2285 1818 consubstantia-

2379 580 2584 648 λογίας.
2641 580 2773 632 ’Δπὺ
2811 580 2922 648 7&9
2963 583 3170 646 οἰκείας
3220 582 3444 652 καρδίας
3493 583 3670 634 καίτοι
3726 581 3958 634 τοσαῦτα

2379 672 2592 740 ἔχοντες
2635 670 2703 722 τὰ
2742 670 3094 724 δυσωποῦντα
3132 673 3351 739 αὐτοὺς,
3401 673 3820 742 ὲφυσιὼθησαν·
3867 678 3960 725 καὶ

2382 762 2594 832 καρπὸν
2616 759 2860 832 ὀλέθριον
2879 764 2979 833 τῆς
3007 763 3142 825 ιδίας
3164 762 3364 834 ψυχῆς,
3390 764 3490 834 τὴν
3509 764 3774 818 άπιστίαν
3820 778 3960 830 παρα

2385 855 2513 921 έστη
2525 871 2645 906 σαν.

2453 945 2536 1015 [Ρ.
2569 948 2654 1000 l7.
2693 947 2772 1018 ι]
2810 947 3057 1001 Φωτίου.
3098 947 3172 1000 Τὸ
3211 947 3550 1018 ἀνθρώπινον
3616 946 3958 1000 ὑποσάλλων·

2382 1037 2454 1099 ὠς
2473 1038 2578 1106 7&9
2602 1038 2756 1101 Θεὸς.
2781 1039 2875 1091 καὶ
2907 1037 3047 1110 ὑπὲρ
3069 1038 3133 1090 τδ
3161 1039 3322 1107 μέγα.

2460 1129 2569 1181 Τοῦ
2593 1128 2798 1183 αὑτοῦ.
2823 1129 2899 1182 Ἦ
2921 1128 3108 1196 μέγας
3131 1132 3303 1182 ἐσται
3329 1130 3466 1199 ὅπερ
3508 1124 3597 1199 ἦν,
3632 1132 3681 1182 εί
3724 1132 3823 1184 καὶ
3863 1133 3965 1201 τὴν

2386 1221 2695 1290 βραχύτητα
2723 1221 2824 1290 τῆς
2863 1220 3062 1291 σαρκὸς
3095 1220 3405 1274 ὑποδύεται.
3437 1222 3571 1273 Οὖδὲ
3615 1221 3752 1289 7&9,
3775 1222 3890 1274 οὐδ’
3925 1223 3960 1290 ἡ

2384 1313 2480 1374 τῆς
2506 1311 2926 1381 άνθρωπότητος
2969 1311 3296 1382 πρόσληψις,
3334 1313 3396 1364 τὸ
3428 1311 3657 1382 μέγεθος
3687 1328 3962 1380 κατασμι-

2387 1401 2578 1471 κρύνει
2606 1403 2704 1472 τῆς
2737 1403 3009 1472 θεότητος,
3044 1403 3179 1456 ἀλλὰ
3227 1401 3554 1470 ωνυψοῦται
3583 1403 3786 1471 μᾶλλον
3817 1404 3962 1472 αὐτῇ

2385 1495 2446 1547 τὸ
2467 1495 2720 1548 ταπεινὸν
2761 1493 2860 1564 τῆς
2899 1493 3340 1564 ἀνθρωπότητος.
3379 1493 3498 1548 Κᾶν
3527 1493 3658 1562 γοῦν
3700 1493 3962 1563 πτωχεύῃ

2385 1585 2482 1656 τήν
2507 1587 2706 1656 σάρκα,
2730 1585 2866 1639 ἀλλὰ
2895 1587 2988 1639 καὶ
3023 1585 3212 1651 οὕτως
3243 1585 3433 1654 μέγας
3453 1585 3625 1639 ἔσται
3653 1585 3848 1656 ὥσπερ
3871 1582 3962 1656 ἦν.

2463 1677 2575 1732 Τοῦ
2613 1676 2820 1731 αὐτοῦ.
2854 1677 3053 1730 Οὐκέτι
3098 1678 3164 1730 σὺ
3201 1677 3302 1747 τὴν
3334 1678 3528 1747 κλῆσιν
3569 1677 3968 1746 ὀνοματοθετή·

2390 1785 2521 1834 σεις,
2547 1767 2664 1821 ἀλλ’
2701 1769 2908 1830 ἐκεῖνος
2937 1767 3327 1834 κληθήσεται.
3357 1768 3514 1838 Παρὰ
3540 1768 3706 1830 τίνος,
3738 1768 3770 1836 ἢ
3797 1766 3967 1838 δηλος

706 1861 810 1912 lctn
835 1857 1093 1912 Patrem?
1146 1858 1314 1912 Nemo
1365 1860 1500 1914 enim
1548 1859 1686 1911 novit
1717 1855 1920 1910 Filium
1949 1856 2052 1908 nisi
2081 1855 2276 1915 Pater;

2388 1862 2494 1913 νότι
2531 1860 2684 1930 παρὰ
2705 1857 2800 1911 τοῦ
2845 1857 3136 1928 ὁμοουσίου
3171 1856 3419 1927 Πατρόςς
3447 1857 3644 1920 οὐδεὶς
3679 1858 3789 1926 τὰρ
3834 1856 3968 1911 οἶδε

704 1954 757 2005 in
791 1967 900 2021 qun
929 1960 1111 2006 autem
1163 1960 1248 2005 est
1279 1966 1404 2003 vera
1456 1949 1696 2020 COgnitio
1727 1949 1918 2016 geniti,
1952 1947 2042 2001 hic
2075 1961 2272 1999 nomen

703 2043 1035 2112 imposuisse
1087 2043 1421 2098 conveniens
1467 2043 1560 2112 qui
1615 2042 1885 2103 credatur,
1939 2040 2138 2108 dignus
2169 2048 2274 2091 est.

704 2131 995 2202 Propterea
1044 2132 1176 2186 dicit
1212 2151 1224 2184 :
1263 2132 1365 2186 llic
1413 2144 1489 2187 est
1521 2133 1696 2187 Filius
1728 2149 1870 2186 meus
1905 2132 2148 2184 dilectus.
2184 2126 2280 2180 Est

703 2224 870 2292 igitur
900 2238 1137 2292 semper,
1172 2226 1272 2278 etsi
1322 2241 1470 2280 nunc
1525 2239 1728 2278 nomen
1784 2222 1861 2276 illi
1917 2222 1984 2274 ad
2033 2228 2276 2272 nostram

705 2313 1114 2367 instructionem
1143 2312 1468 2367 declaratur.
1485 2313 1611 2367 Ideo
1638 2310 1928 2375 vocabitur,
1949 2309 2144 2378 inquit,
2171 2323 2276 2362 non

705 2403 817 2456 lict.
853 2401 980 2456 Erat
1039 2403 1186 2457 enim
1242 2413 1367 2457 ante
1411 2403 1608 2458 secula
1657 2398 2142 2458 consubstantialis
2173 2414 2278 2452 una

705 2509 829 2547 cum
888 2491 1049 2547 Patre
1099 2508 1354 2563 regnans.
1391 2493 1546 2548 Hunc
1576 2492 1870 2561 concipies,
1901 2490 2068 2558 hujus
2105 2496 2279 2542 mater

705 2585 1047 2649 ostenderis;
1116 2586 1259 2639 hunc
1325 2595 1454 2640 tuus
1503 2585 1781 2655 virgineus
1840 2591 2032 2638 uterus
2068 2581 2276 2649 recipit,

705 2692 865 2746 quem
904 2678 1168 2732 caelorum
1200 2678 1544 2733 immensitas
1573 2692 1681 2732 non
1710 2676 1967 2731 continet.

777 2851 973 2906 Photii.
1007 2851 1109 2906 Sed
1136 2853 1264 2922 quid
1291 2852 1355 2906 ad
1385 2852 1487 2906 ista
1537 2851 1883 2906 sanctissima
1929 2847 2128 2918 Virgo?
2153 2863 2279 2900 num

707 2945 885 2999 verbis
937 2944 1222 3008 mollitam,
1255 2956 1349 2998 aut
1393 2943 1694 2998 intellectui
1747 2943 1996 2996 auditum
2048 2941 2280 2994 libenter

706 3035 1032 3106 praebentem
1061 3035 1196 3090 dixit
1229 3035 1540 3088 inconsulto
1575 3047 1862 3088 assensum
1899 3046 1958 3087 se
1983 3029 2284 3101 praestare?

709 3143 758 3182 m
766 3144 818 3182 ιιι
827 3143 952 3182 tme.

777 3309 906 3364 Car.
942 3310 1005 3362 ll.
1043 3307 1207 3364 Vens.
1252 3308 1342 3364 34.
1375 3307 1574 3361 Photii.
1638 3305 1784 3370 Scio,
1839 3305 2037 3373 inquit,
2074 3311 2277 3372 aperte,

712 3411 770 3456 ut
797 3409 1144 3469 conceptum,
1200 3402 1648 3468 praegnationem.
1731 3407 1785 3450 et
1823 3395 2020 3450 Filium
2082 3393 2214 3448 mibi
2237 3403 2292 3447 et

711 3499 924 3560 partum
1011 3504 1259 3544 enarras.
1334 3490 1440 3545 Sed
1503 3489 1674 3542 multo
1747 3487 1920 3557 magis
1962 3486 2290 3539 anxietatem

712 3584 936 3644 auxisti,
993 3597 1026 3636 o
1059 3583 1261 3653 Angele
1288 3600 1302 3648 ;
1355 3592 1543 3651 partus
1575 3581 1720 3636 enim
1767 3581 1946 3634 omnis
1975 3579 2076 3632 viri
2105 3579 2290 3648 cogni-

710 3677 857 3730 tione
918 3685 1284 3744 comparatur.
1352 3674 1469 3730 Mea
1527 3685 1709 3728 autem
1759 3673 2002 3726 virorum
2033 3671 2294 3725 societate

711 3768 1087 3829 abhorrentia,
1131 3781 1236 3820 non
1272 3765 1402 3820 mihi
1442 3764 1678 3834 primum
1706 3763 2120 3832 intelligentiam
2151 3777 2294 3831 pra:-

711 3869 821 3914 stat
855 3858 1019 3928 hujus
1034 3859 1407 3927 coneeptiouis
1433 3874 1448 3921 ;
1471 3857 1750 3926 quomodo
1773 3870 1904 3922 ergo
1926 3857 2031 3909 erit
2055 3855 2290 3924 genitus:

708 3954 868 4018 cujus
897 3951 1109 4019 genitor
1140 3964 1246 4004 non
1279 3949 1673 4020 cognoscitur?

786 4041 984 4094 Pltotii.
1043 4040 1147 4104 Qui
1201 4041 1347 4094 enim
1400 4041 1703 4094 sterilitatis
1749 4041 2028 4094 vinculum
2097 4037 2291 4100 solvit,

713 4135 830 4200 ipse
861 4141 1076 4202 partum
1109 4131 1186 4185 illi
1218 4141 1396 4201 potest
1423 4139 1700 4202 pra-stare,
1731 4132 1936 4201 absque
1966 4129 2069 4184 viri
2092 4143 2293 4197 coope-

712 4224 939 4278 ratinne.
971 4222 1074 4289 Qui
1107 4225 1253 4277 enim
1287 4225 1546 4278 siccatam
1594 4223 1832 4278 radicem
1866 4223 1922 4277 in
1955 4219 2292 4276 fructiferam

713 4315 953 4386 stipitem
999 4324 1291 4377 restaurat,
1326 4317 1414 4370 hic
1443 4331 1663 4384 quoque
1689 4315 1808 4370 sine
1841 4317 2070 4368 humore
2102 4327 2289 4381 agrum

713 4409 765 4459 in
819 4404 1106 4460 fecundum
1157 4421 1348 4459 arvum
1399 4407 1472 4459 illi
1505 4405 1810 4459 renovabit.
1845 4404 1944 4457 Sin
1981 4412 2162 4457 autem
2195 4417 2291 4454 vo-

2381 1953 2488 2005 τὸν
2527 1952 2686 2017 Υίὸν,
2713 1952 2764 2004 εί
2785 1949 2873 2018 μὴ
2913 1952 2946 2004 ό
2978 1949 3182 2017 Πατήρ
3201 1966 3215 1979 ·
3261 1949 3393 2019 παρ’
3422 1945 3482 2003 οὖ
3515 1950 3573 2003 δὲ
3603 1949 3800 2016 γνῶσις
3830 1949 3968 2018 άλη-

2379 2042 2476 2112 Θὴς
2504 2042 2600 2094 τοῦ
2631 2043 2990 2110 γεννήματος,
3010 2033 3164 2102 οὗτος
3193 2040 3460 2100 ἐπιθεῖναι
3491 2040 3586 2092 καὶ
3611 2038 3803 2106 κλῆσιν
3833 2057 3964 2090 κατ-

2379 2134 2609 2204 άλληλον
2655 2133 3002 2196 ἀξιόπιστοςο
3050 2131 3130 2184 διὸ
3176 2132 3269 2183 καί
3321 2146 3518 2198 φησιν·
3555 2124 3747 2193 Οὗτός
3766 2130 3905 2182 ἐστι
3933 2133 3966 2183 d

2380 2225 2510 2290 Υἱός
2530 2242 2651 2293 μου
2691 2227 2722 2277 ό
2751 2224 3077 2290 ἀγαπητός.
3105 2223 3294 2275 Ἔστιν
3327 2219 3420 2276 οὖν
3460 2223 3568 2285 ἀεὶ,
3603 2223 3650 2274 εί
3691 2223 3785 2274 καὶ
3809 2221 3911 2273 νῦν
3931 2226 3964 2291 ἡ

2380 2317 2572 2386 κλῆσις
2599 2315 2748 2384 αὑτῷ
2770 2315 2849 2377 εἰς
2877 2314 3151 2384 ἡμετέραν
3172 2312 3519 2366 διδασκαλίαν
3547 2311 3960 2380 πεφανέρωται.

2382 2410 2478 2462 Διὰ
2520 2407 2682 2460 τοῦτο
2729 2407 2819 2460 καὶ
2869 2405 3261 2472 κληθήσεται,
3313 2403 3504 2474 φησὶν,
3552 2403 3613 2456 οὗ
3649 2404 3964 2470 γενήσεται.

2381 2496 2489 2552 Ἤν
2521 2500 2630 2567 7&9
2658 2498 2753 2551 καὶ
2786 2498 2894 2567 πρὸ
2919 2495 3131 2551 αἰώνων
3161 2495 3238 2565 τῷ
3267 2495 3541 2566 δμοουτίῳ
3599 2495 3967 2562 ωνεδριὰζων

2383 2588 2577 2658 Πατρί.
2607 2589 2811 2641 Τοῦτον
2842 2587 3109 2657 συλλήψῃ,
3130 2585 3322 2639 τούτου
3350 2587 3536 2656 μήτηρ
3564 2583 3965 2654 άναδειχθήσῃ,

2381 2677 2570 2732 τοῦτον
2604 2679 2632 2730 ὁ
2656 2679 2748 2740 σὸς
2777 2676 3108 2747 παρθενικὸς
3132 2677 3450 2746 ὑποδέχεται
3468 2675 3688 2738 κόλπος,
3717 2674 3776 2727 δν
3801 2675 3968 2745 οὐρά-

2385 2785 2495 2821 νιον
2518 2770 2618 2821 οὐκ
2657 2767 2904 2838 ἐχώρησε
2929 2767 3117 2830 κῦτος.

2454 2858 2540 2928 IP.
2573 2859 2657 2913 18.
2687 2857 2770 2929 α.]
2794 2859 3041 2912 Φωτίου.
3081 2857 3241 2910 Ἀλλά
3270 2857 3323 2909 τί
3362 2857 3502 2926 πρὸς
3529 2856 3704 2909 ταῦτα
3743 2859 3776 2924 ἠ
3835 2873 3971 2909 mv-

2389 2950 2522 3016 αγία
2561 2949 2868 3020 Παρθένος;
2899 2944 3008 3019 ἆρα
3037 2949 3199 3010 εὐθὺς
3225 2946 3675 3015 κατεμαλακίσοη
3713 2948 3825 3006 τοῖς
3881 2946 3970 2996 λόο

2385 3057 2524 3107 γοις,
2561 3040 2594 3109 ἢ
2621 3039 2718 3102 τὰς
2746 3039 2914 3101 ἀκοάς
2936 3039 3108 3108 ἡδέως
3141 3038 3531 3092 ἀναπετάσασα
3556 3039 3668 3099 τοῖς
3686 3035 3972 3105 λογισμοῖς

2389 3131 2562 3199 ἐφῆκε
2609 3129 2794 3198 φέρειν
2842 3127 3214 3192 ἀνεξετάστως
3247 3130 3346 3196 τήν
3382 3125 3828 3193 συγκατάθεσινς
3871 3123 3975 3175 Οὑ-

2340 3207 2357 3226 ‘
2394 3223 2601 3292 δαμῶς.

2465 3312 2544 3384 [Ρ.
2571 3313 2634 3367 18
2660 3311 2738 3384 a.]
2763 3313 3007 3366 Φωτίου.
3029 3308 3180 3376 Οἶδα,
3215 3311 3400 3382 φησὶν,
3433 3311 3716 3380 ἒμςανῶς,
3746 3311 3821 3371 ὡς
3859 3311 3978 3362 σύλα

2395 3405 2554 3473 ληψιν
2593 3406 2688 3456 καὶ
2733 3406 3058 3476 κυοφορίαν,
3098 3405 3192 3457 καὶ
3234 3403 3362 3455 Υίόν
3407 3421 3522 3471 μοι,
3558 3403 3654 3454 καὶ
3679 3403 3863 3465 τόκον,
3893 3403 3978 3454 λο-

2396 3499 2712 3566 γογραφεῑς.
2759 3497 2918 3550 Ἀλλά
2949 3497 3130 3568 πολλῷ
3162 3497 3324 3549 πλέον
3348 3497 3592 3566 τιῧξησας
3611 3495 3711 3565 τὴν
3740 3497 3979 3566 ἀπορία-ι

2395 3579 2440 3638 ὦ
2472 3587 2690 3654 ἄγγελε.
2715 3588 2884 3652 Τόκος
2907 3588 3014 3658 7&9
3036 3587 3201 3651 ᾶπας,
3226 3586 3418 3656 ἀνδρὸς
3438 3588 3695 3656 κοινωνίᾳ
3718 3589 3979 3641 συνίστα-

2396 3693 2505 3728 ται·
2536 3680 2567 3746 ή
2599 3676 2655 3729 δὲ
2676 3677 2777 3748 τῆς
2810 3679 2946 3747 πρὸς
2977 3677 3176 3748 ἄνδρας
3202 3677 3416 3745 ὁμιλίας
3439 3677 3818 3746 ἀλλοτρίωσις,
3857 3677 3982 3731 οὐδὲ

2397 3769 2495 3838 τὴν
2517 3769 2692 3838 ἀρχὴν
2716 3771 2796 3831 εἰς
2828 3769 2998 3839 άκοὴν
3024 3769 3350 3838 κατέρχεται
3371 3767 3467 3837 τῆς
3492 3767 3832 3836 συλλήψεως.
3855 3767 3981 3828 Πῶς

2395 3858 2489 3912 οὖν
2537 3859 2688 3911 ἔσται
2735 3875 2829 3928 μοι
2883 3859 3150 3929 γέννημα,
3193 3852 3256 3911 οὗ
3313 3858 3599 3928 γεννήτωρ
3647 3858 3752 3910 οὐκ
3804 3858 3982 3926 ἐγνώ-

2401 3967 2580 4020 ρισται
2602 3969 2616 4017 ;

2468 4039 2622 4110 [Pag.
2669 4039 2730 4093 ἓ(
2768 4039 2846 4110 ³.]
2880 4041 3125 4094 Φωτίου.
3169 4041 3228 4093 ’0
3271 4040 3380 4111 7&9
3438 4043 3789 4114 στειρὼσεως
3837 4042 3985 4094 λύων

2393 4129 2588 4198 δεσμά,
2618 4129 2778 4192 αὐτὸς
2813 4131 2907 4183 καὶ
2948 4129 3106 4182 τόκον
3147 4130 3326 4201 ἑαυτῷ
3350 4132 3577 4188 δύναται
3625 4135 3986 4188 κατασκευά-

2395 4237 2506 4286 σαι,
2525 4221 2647 4290 δὶχα
2677 4221 2957 4292 μεσιτείας
2984 4221 3196 4292 ἀνδρός.
3228 4223 3287 4276 '0
3308 4226 3406 4295 τὴν
3429 4225 3494 4296 ξη
3505 4225 3801 4298 ρανθεῖσαν
3825 4223 3985 4295 ῥίζαν

2394 4317 2473 4377 είς
2500 4313 2848 4384 καρποφόρον
2888 4313 3140 4384 στέλεχος
3173 4315 3511 4382 άνανεὼσας,
3554 4317 3723 4380 αὐτὸς
3753 4319 3856 4370 καὶ
3887 4317 3988 4383 τὴν

2393 4405 2624 4474 άνικμον
2667 4404 2908 4476 ἄρουραν
2961 4407 3042 4469 είς
3077 4405 3309 4477 εὔφορον
3337 4407 3522 4480 χώραν
3559 4408 3747 4478 ἑαυτῷ
3791 4425 3983 4461 καινο-

713 4495 876 4548 luerit
915 4510 1007 4564 per
1049 4498 1293 4566 exempla
1350 4495 1509 4549 ﬁdem
1571 4496 1765 4548 horum
1799 4509 1921 4564 qua:
1964 4493 2283 4546 nuntiantur

2391 4496 2631 4564 ποιήσει.
2661 4495 2759 4548 Ἀν
2790 4495 2847 4549 δι
2877 4495 3042 4568 βούλῃ
3069 4499 3164 4551 καὶ
3206 4499 3613 4568 παραδείγμασι
3637 4500 3754 4553 τῶν
3783 4503 3990 4568 ἀπηγ-

712 4589 980 4659 accipere,
1009 4591 1188 4659 parvis
1227 4605 1423 4659 magna
1447 4601 1804 4658 componens,
1831 4595 1881 4639 et
1919 4600 2016 4654 per
2055 4595 2281 4654 praeter-

713 4682 788 4735 ita
851 4680 1007 4736 ﬁdem
1044 4681 1248 4736 addens
1275 4681 1509 4745 futuris;
1541 4682 1613 4734 ita
1641 4679 1896 4746 concipies
1941 4679 1996 4730 in
2043 4686 2191 4730 utero
2236 4686 2285 4730 ct

713 4775 888 4842 paries
924 4774 1116 4842 ﬁlium,
1172 4785 1230 4828 ut
1265 4775 1412 4843 virga
1461 4773 1641 4828 Aaron
1688 4771 1891 4826 inculta
1939 4770 2282 4840 germinavit,

715 4861 871 4931 quasi
910 4863 1148 4918 radicum
1182 4879 1283 4932 ope
1316 4864 1539 4931 atljnta;
1574 4872 1632 4915 ut
1667 4877 1758 4916 ros
1784 4876 1814 4915 e
1846 4861 1985 4914 «celo
2025 4858 2079 4913 in
2113 4859 2285 4912 vellus

714 4955 1071 5019 descendens,
1122 4955 1298 5024 ipsum
1354 4956 1532 5010 solum
1590 4955 1805 5025 rigavit,
1850 4962 2048 5007 terram
2101 4962 2283 5005 autem

715 5059 824 5098 non
877 5045 1243 5109 humectavit;
1276 5055 1333 5098 ut
1379 5045 1547 5099 rubus
1589 5045 1710 5115 igne
1746 5044 1902 5104 arsit,
1928 5056 1983 5097 et
2013 5041 2284 5094 ﬂammam

714 5137 965 5191 nutriens
983 5152 1090 5191 non
1124 5149 1486 5206 consumptus
1530 5146 1614 5191 est
1650 5159 1660 5192 :
1695 5138 1775 5192 sic
1819 5146 1874 5190 et
1909 5143 1965 5189 ttt
2010 5133 2288 5202 concipies

712 5231 906 5296 lilium,
957 5244 1176 5284 carnem
1224 5239 1513 5300 prmstans,
1560 5229 1882 5283 alimentum
1938 5225 2282 5281 immateriali

714 5321 824 5390 igni
875 5322 1142 5392 praebens,
1198 5332 1253 5376 et
1308 5321 1878 5391 incorrttptihilitatem
1930 5331 2280 5374 conservans.

719 5409 846 5465 Haec
877 5411 1022 5466 enim
1069 5421 1214 5466 tuam
1255 5413 1463 5482 pridem
1508 5413 1930 5483 praeligurabant
1963 5411 2285 5480 praegnatioo

721 5518 882 5566 nem;
935 5506 1188 5558 innovata
1243 5517 1371 5559 sunt
1431 5504 1532 5560 ista
1590 5515 1644 5560 ct
1706 5505 2183 5574 pmexstiterunt,
2229 5513 2288 5556 ut

719 5595 962 5664 mysterii
1010 5597 1062 5650 in
1100 5607 1151 5649 te
1182 5597 1498 5651 exsistentis
1551 5597 1944 5652 adumbrarent
1980 5597 2286 5664 incompre-

720 5685 1160 5742 hensibilitatem.

2395 4584 2674 4653 γελμένων
2707 4584 2806 4652 τὴν
2847 4584 3026 4637 πίστιν
3057 4587 3496 4656 παραδέξασθαι,
3524 4591 3750 4658 μικροῖς
3780 4591 3858 4641 τα
3896 4605 3988 4656 με·

2395 4671 2535 4738 γάλα
2575 4671 2898 4736 είκάζουσα,
2944 4675 3039 4727 καὶ
3079 4678 3190 4736 τοῖς
3237 4675 3472 4744 φθάσασι
3523 4679 3880 4746 πιστουμένη
3926 4681 3990 4730 τά

2399 4763 2676 4831 μέλλοντα,
2724 4763 2899 4826 οὕτως
2940 4764 3240 4833 ovum?"
3290 4765 3359 4818 ἐν
3405 4767 3619 4835 γαστρὶ
3671 4770 3776 4821 καί
3844 4768 3991 4832 τέξῃ

2393 4850 2545 4913 υἱὸν,
2581 4851 2656 4915 ὼς
2683 4853 2716 4922 ή
2751 4852 2946 4922 ῥάϐδος
2997 4853 3210 4923 Ἀαρὼν
3242 4858 3616 4926 άγεωργήτως
3647 4856 3990 4927 ἐϐλάστησε.

2390 4942 2458 4996 τά
2485 4942 2594 4994 τῶν
2643 4944 3028 5016 ὲρριζωμένων
3058 4947 3425 5017 ἐνεργήσασω
3452 4947 3534 5014 ὡς
3561 4950 3592 5001 ὁ
3629 4950 3792 5012 ὑετὸς
3825 4953 3994 5019 0'59:-

2390 5034 2539 5086 νόΟεν
2569 5037 2658 5088 ἐπὶ
2683 5037 2774 5087 τὸν
2796 5037 2961 5089 πόκον
2997 5038 3319 5107 φερόμενος,
3349 5041 3513 5093 αὑτὸν
3541 5042 3710 5109 μόνον
3732 5042 3991 5106 ὲπὸτιζε.

2389 5125 2488 5190 τὴν
2509 5123 2563 5175 δὲ
2605 5123 2708 5190 γῆν
2747 5125 2848 5177 οὐκ
2879 5125 3176 5195 ὶδρόσιζεν·
3221 5126 3297 5189 ὼς
3327 5129 3359 5198 ἡ
3395 5128 3555 5197 βάτος
3590 5130 3652 5181 τδ
3704 5129 3835 5198 πῦρ
3887 5133 3993 5183 ὑπ-

2390 5208 2623 5277 εδέχετο,
2644 5209 2738 5261 καὶ
2760 5211 2858 5279 τὴν
2877 5211 3051 5278 φλόγα
3071 5212 3365 5281 τρέφουσα,
3385 5217 3485 5268 οὐκ
3502 5217 3827 5287 ἐφθείρετοο
3849 5219 3995 5272 οὕτω

2391 5298 2484 5350 καὶ
2519 5298 2583 5350 σὺ
2627 5299 2875 5373 συλλήψῃ
2910 5302 3026 5356 υίὸν
3063 5305 3242 5372 σάρκα
3269 5306 3615 5372 δανείζουσα,
3660 5313 3894 5379 τροφὴν
3921 5313 3995 5379 τῷ

2394 5389 2543 5459 ἁΰλῳ
2576 5392 2712 5461 πυρὶ
2760 5392 3097 5463 παρέχουσα,
3137 5397 3230 5450 καὶ
3274 5397 3373 5468 τὴν
3421 5398 3738 5469 ἀφθαρσίαν
3795 5403 3996 5456 avsa.

2397 5497 2586 5534 κουσα.
2616 5481 2796 5536 Ταῦτα
2825 5484 2932 5553 7&9
2961 5483 3060 5556 τήν
3089 5485 3188 5569 σήν
3220 5488 3504 5558 πόρρωθεν
3547 5490 3994 5563 προεζωγράφει

2396 5572 2726 5641 κυοφορίαν·
2791 5576 3177 5648 ἑκαινοποιήθη
3226 5580 3402 5634 ταῦτα
3453 5584 3548 5635 καὶ
3610 5589 3989 5654 προῢπέσττ.

2396 5662 2483 5712 ἵνα
2508 5661 2598 5712 τοῦ
2621 5665 2758 5715 κατὰ
2797 5665 2857 5716 σὲ
2900 5658 3198 5736 μυστηρίου
3239 5675 3630 5745 σκιαγραφήσῃ
3666 5675 3731 5727 τὲ
3769 5678 3984 5731 ἀιεατα⁴

2400 5770 2621 5821 ληπτον.
