4156 6438
728 386 861 449 1223

1875 388 2132 448 ῙἮΟΤΙΙ
2172 385 2672 448 ΡΑΤΒῙΛΙΙΕΗἉΕ
2709 386 2815 445 CP.

3824 386 3948 450 1326

724 507 915 548 eorum
957 491 1048 560 qui
1095 505 1318 559 puerum
1355 491 1702 548 inducebant.
1753 494 1952 552 Deinde
1998 495 2065 550 ad
2115 497 2284 550 solam

2414 495 2484 565 ὴν
2516 493 2764 560 εὐλογίαν
2789 492 2898 546 τῶν
2935 493 3252 562 ἀγαγόντων
3287 495 3350 548 τὸ
3394 494 3592 567 βρέφος
3624 513 3638 526 ο
3664 492 3787 550 εἶτα
3816 499 3951 552 £sz-

726 593 952 637 niatrem
1018 597 1325 636 sermonem
1369 584 1556 652 dirigit
1604 586 2086 640 :bencdietionem
2141 589 2286 639 cnim

727 673 994 726 ambobus
1057 674 1446 736 communicat,
1508 674 1602 730 sed
1657 676 2058 730 reconditorum
2115 677 2290 745 magis

728 765 1135 833 prmdiclionem
1189 768 1288 819 soli
1343 769 1504 819 matri
1550 767 1754 837 dirigit,
1806 778 1864 822 ut
1905 784 2002 838 per
2046 783 2291 823 commu-

726 871 848 909 nem
902 855 1328 910 benedictionem
1387 857 1626 922 parentis
1675 856 1854 924 specie
1901 872 2005 910 non
2052 857 2292 927 privetur

727 945 925 1013 Josepli
949 986 964 1010 ,
1014 944 1104 999 sed
1134 960 1227 1011 per
1258 944 1420 997 verba
1450 945 1650 1012 quibus
1697 954 1923 998 matrem
1973 947 2288 1014 alloquitur,

734 1037 1005 1106 Virginem
1037 1037 1104 1088 ab
1134 1035 1239 1088 isto
1274 1036 1612 1089 discernens.
1649 1037 1791 1089 illam
1825 1046 1882 1090 ut
1913 1054 2035 1091 vere
2067 1047 2290 1091 matrem

729 1129 1040 1199 compellat,
1069 1143 1230 1196 quam
1293 1127 1562 1180 benedicit
1602 1139 1659 1181 nt
1684 1129 1873 1181 divinze
1911 1129 2169 1182 voluntati
2200 1129 2294 1182 ob-

731 1229 1068 1288 sequentem.
1101 1217 1263 1281 Tuin,
1291 1218 1422 1270 dicit
1450 1217 1516 1270 ad
1556 1218 1702 1269 illam
1741 1235 1753 1270 :
1783 1216 1888 1270 Hic
1910 1221 2107 1286 positus
2130 1228 2204 1270 est
2239 1219 2296 1270 in

734 1312 945 1363 ruinam
977 1319 1025 1362 et
1049 1310 1486 1362 resurrectionem
1519 1309 1800 1360 multorum
1834 1311 1888 1361 in
1912 1307 2103 1362 Israel.
2135 1307 2296 1363 Vides

734 1399 1011 1469 quomodo
1044 1406 1211 1452 totam
1242 1399 1488 1468 mysterii
1521 1400 1885 1452 ωοουοηιὶοιιι
1921 1397 2125 1468 Virgini
2166 1414 2296 1467 ape-

734 1491 823 1551 iit,
859 1498 912 1542 et
955 1489 1028 1541 illi
1072 1490 1274 1558 praebet
1304 1489 1467 1558 hujus
1498 1493 1888 1544 narrationem.
1933 1489 2164 1542 Ruinam
2212 1490 2298 1542 hic

733 1583 866 1634 dicit
896 1595 1085 1633 eorum
1115 1581 1207 1648 qui
1249 1594 1280 1633 c
1307 1579 1414 1634 ﬁde
1449 1580 1501 1633 iti
1540 1579 1817 1634 Christum
1857 1589 1911 1634 et
1948 1581 2147 1649 pietate
2177 1593 2300 1634 cor-

735 1681 920 1737 ruent;
967 1672 1398 1724 resurrectionem
1447 1681 1648 1735 autem,
1689 1687 1876 1726 eorum
1918 1674 2008 1741 qui
2050 1672 2199 1725 illum
2243 1681 2301 1724 ut

737 1761 1070 1814 Salvatorem
1101 1767 1398 1830 agnoscent
1424 1759 1558 1828 (18).

812 1939 1004 1994 Phon‘i.
1067 1936 1445 1992 Sanctissimae
1494 1945 1547 1988 et
1599 1950 1814 2005 semper
1855 1933 2079 2005 virginis
2122 1931 2302 1985 Maria:

736 2034 973 2086 animam
1011 2031 1224 2102 gladius
1264 2031 1594 2100 pertransiit,
1640 2032 1710 2081 ob
1753 2029 1921 2095 ipsam
1969 2024 2302 2081 salutiferam

735 2123 941 2178 (lhristi
976 2122 1312 2191 passionem,
1347 2135 1456 2174 non
1492 2130 1550 2172 ut
1577 2119 1756 2171 dubiis
1787 2116 2072 2172 sententiis
2104 2115 2304 2183 agitata

739 2216 827 2273 sit.
886 2227 987 2266 nec
1028 2211 1427 2266 incredulitatis
1469 2210 1668 2278 jaculis
1714 2209 2025 2271 vulnerata;
2071 2221 2171 2260 nec
2209 2220 2306 2274 pro

741 2306 826 2358 his
883 2303 1084 2373 quibus
1140 2302 1430 2372 gaudebat,
1493 2303 1735 2354 dolorem
1794 2311 2155 2364 commutans,
2212 2301 2304 2353 sed

744 2406 987 2449 materna
1035 2396 1221 2448 sinens
1269 2393 1476 2446 viscera
1551 2393 1765 2460 propria
1821 2392 2044 2450 sentire.
2091 2400 2308 2458 propter

743 2489 1044 2541 naturalem
1089 2485 1473 2556 sympathiam,
1525 2483 1662 2536 Filio
1707 2483 1990 2535 crucilixo.
2021 2479 2309 2547 Quomodo

742 2582 886 2634 cnim
916 2587 1090 2632 mater
1122 2592 1226 2630 non
1258 2585 1534 2645 pateretur
1565 2576 1750 2630 videns
1781 2575 1974 2637 ﬁlium,
2003 2581 2058 2626 et
2081 2586 2310 2641 pra-ser-

745 2671 839 2724 iim
898 2677 1096 2721 natura
1155 2668 1392 2720 humana
1453 2667 1612 2735 longe
1673 2668 1975 2729 meliorem,
2021 2679 2307 2734 pravorum

748 2773 937 2828 pugnas
971 2756 1269 2811 ferentem?
1302 2757 1403 2809 hoc
1434 2757 1631 2809 accidit
1683 2756 1953 2810 inviolata:
1985 2754 2142 2808 Verbi
2190 2769 2310 2806 ma-

746 2853 834 2907 iii,
888 2849 1126 2902 amarior
1179 2857 1233 2902 et
1293 2848 1538 2901 acerbior
1595 2849 1742 2902 omni
1795 2848 1972 2917 gladio
2023 2847 2197 2901 dolor.
2255 2845 2311 2898 Si

743 2943 888 2995 enim
953 2941 1155 2995 multas
1221 2938 1412 2992 habuit
1479 2941 1753 2994 lirniitatis
1819 2955 2057 3003 causas,
2143 2937 2310 2991 Deum

750 3033 931 3085 sciens
984 3031 1333 3084 incarnatum
1388 3046 1547 3085 suum
1603 3029 1800 3084 Filium
1854 3044 1994 3094 esse,
2057 3028 2150 3082 sed
2204 3041 2312 3081 non

2391 585 2481 639 θεν
2506 583 2642 654 πρὸς
2675 584 2842 654 μόνην
2875 585 2975 656 τὴν
3023 587 3238 656 μητέρα
3267 588 3604 658 ἀποστρέφει
3633 590 3730 642 τὸν
3780 589 3948 657 λόγον.

2389 676 2500 745 Τῆς
2528 677 2625 745 μὲν
2672 675 2780 744 γὰρ
2837 675 3087 745 εὐλογίας
3144 677 3349 747 ἀμφοῖν
3392 678 3742 747 μεταδίδωσι,
3777 680 3952 749 τὴνᾶ

2389 770 2691 841 πρόρρησιν
2715 769 2824 822 τῶν
2860 768 3330 839 ἀπορῤητοτέρων,
3361 772 3428 838 τῇ
3479 769 3647 840 μητρὶ
3696 771 3956 840 προσάγει

2395 858 2552 928 μόνῃ,
2589 859 2676 912 τνα
2705 859 2794 911 διὰ
2816 856 2913 927 μὲν
2932 860 3030 924 τῆς
3057 857 3240 926 κοινῆς
3271 856 3521 924 εὐλογίας
3555 857 3652 911 τοῦ
3684 860 3956 929 σχήματος

2390 948 2498 1001 τῶν
2522 949 2879 1018 γεννητόρων,
2905 946 2980 1017 μὴ
3007 947 3379 1018 ἀπογυμνώσῃ
3406 949 3496 1000 τὸν
3528 948 3733 1020 Ἰωσήφ
3757 968 3773 983 ο
3795 950 3886 1003 διὰ
3908 953 3958 1004 δέ

2391 1041 2498 1092 τῶν
2525 1040 2658 1109 πρὸς
2680 1040 2778 1108 τὴν
2819 1039 3030 1108 μητέρα
3073 1038 3264 1106 λόγων,
3295 1040 3395 1110 τὴν
3429 1039 3705 1110 Παρθένον
3757 1041 3960 1096 ἐκείνου

2391 1131 2713 1194 διαστείλας,
2748 1133 2846 1200 τὴν
2874 1134 2948 1192 ὡς
3002 1129 3217 1200 άληθῶς
3254 1131 3575 1202 ἀνακηρύξῃ
3633 1119 3963 1204 μητέρα,

2393 1225 2488 1277 καὶ
2512 1223 2723 1290 εὐλογεῖ
2744 1223 2819 1286 ὡς
2863 1223 3286 1292 ὑπηρετήσασαν
3317 1222 3436 1293 θεία
3476 1224 3658 1295 βουλῇ.
3688 1225 3826 1278 Είτα
3881 1229 3964 1278 καὶ

2394 1313 2698 1382 διαλέγεται
2725 1314 2862 1382 πρὸς
2914 1313 3105 1381 αὐτήνο
3141 1307 3331 1379 οὗτος
3371 1313 3556 1368 κεῖται
3614 1317 3696 1380 εἰς
3737 1315 3965 1369 πτῶσιν

2395 1402 2492 1454 καί
2510 1403 2850 1457 ἀνάστασιν
2868 1401 3113 1456 πολλῶν
3131 1402 3204 1455 ἐν
3223 1403 3304 1468 τῷ
3335 1401 3605 1473 Ἰσραήλ.
3635 1406 3798 1476 Ὁρᾷς
3822 1407 3964 1468 ὅπως

2395 1493 2523 1562 ὅλην
2553 1491 2647 1544 τοῦ
2677 1492 2975 1562 μυστηρίου
3005 1491 3102 1562 τὴν
3141 1493 3448 1563 οίκονομίαν
3488 1497 3623 1564 πρὸς
3671 1496 3770 1565 τὴν
3827 1481 3967 1564 ῐιειρἰ

2398 1583 2550 1635 θένον
2576 1584 2856 1652 ἀναφέρει,
2896 1582 3122 1653 κάκείνῃ
3145 1587 3375 1636 ποιεῖται
3421 1584 3519 1655 τὴν
3554 1584 3746 1638 τούτου
3775 1586 3969 1655 διήγη-

2401 1690 2518 1740 σιν;
2547 1675 2641 1726 καὶ
2683 1673 2913 1727 πτῶσιν
2941 1674 3041 1743 μὲν
3066 1674 3215 1741 λέγει
3256 1674 3508 1738 ἐνταῦθα,
3539 1676 3648 1729 τῶν
3675 1667 3968 1729 ἐκπεπτωζ

2402 1763 2574 1815 κότων
2596 1765 2695 1833 τῆς
2722 1765 2801 1826 είς
2831 1763 3064 1834 Χριστὸν
3108 1763 3342 1825 πίστεως
3371 1765 3466 1816 καὶ
3493 1763 3792 1826 εὐσεϐείαςο
3826 1762 3968 1817 ἀνά·

2333 1829 2375 1887 Β
2402 1867 2627 1906 στάσιν
2649 1829 2727 1916 δὲ,
2762 1854 2869 1905 τῶν
2886 1829 3283 1921 *ἐπεγνωκότων
3301 1855 3392 1907 τὸν
3418 1855 3664 1925 Σωτῆρα.

2474 1941 2550 2014 [p.
2578 1944 2667 1998 40.
2688 1942 2766 2015 a.]
2793 1945 3039 1998 Φωτίου.
3073 1944 3186 2013 Τῆς
3217 1946 3486 2011 παναγίας
3535 1947 3629 1999 καὶ
3679 1947 3768 1998 ἀει
3830 1962 3974 2016 παρ-

2403 2035 2555 2087 θένου
2584 2035 2802 2104 Μαρίας
2860 2037 2958 2106 τὴν
2985 2036 3162 2104 ψυχὴν
3194 2037 3436 2106 ῥομφαία
3478 2036 3681 2107 διῆλθε,
3717 2037 3844 2090 κατ’
3877 2038 3970 2089 αὺ-

2402 2126 2464 2178 τδ
2494 2125 2555 2177 τὸ
2596 2127 2862 2196 σωτήριον
2907 2126 3003 2180 τοῦ
3045 2126 3281 2197 Χριστοῦ
3321 2128 3511 2191 πάθος,
3551 2129 3650 2181 οὐκ
3693 2128 3976 2181 ἐπιδιστά-

2406 2216 2558 2279 Coum
2604 2215 2882 2287 λογισμοῖς
2939 2215 3293 2286 βαλλομένης,
3337 2218 3437 2270 οὐκ
3487 2217 3745 2279 ἀπιστίας
3790 2218 3975 2286 βέλεσι

2405 2309 2848 2377 τιτρωσκομένης
2867 2324 2882 2338 ο
2913 2307 3012 2360 οὐκ
3029 2309 3115 2376 ἐφ’
3134 2305 3214 2370 οἷς
3236 2308 3550 2380 ἐχαιρε,τὴν
3573 2309 3752 2377 λύπην
3777 2309 3978 2362 mu-

2411 2398 2661 2467 σομένης,
2717 2398 2851 2451 ἀλλὰ
2904 2399 3146 2467 μητρικὰ
3187 2400 3466 2470 σπλάγχνα
3523 2399 3795 2468 διδούσης,
3842 2400 3980 2469 πρὸς

2409 2491 2506 2556 τὴν
2560 2489 2799 2558 ἔμφυτον
2844 2491 3207 2558 συμπάθειαν,
3259 2491 3823 2560 ἀνασκολοπιζομένου
3887 2492 3977 2543 τοῦ

2411 2578 2563 2642 Υίοῦ,
2587 2579 2842 2649 πράττειν
2863 2580 2932 2632 τά
2957 2581 3148 2635 οἰκεῖα.
3173 2581 3237 2632 Τί
3266 2581 3376 2649 γάρ
3429 2581 3609 2652 μήτηρ
3634 2582 3736 2634 οὐκ
3764 2581 3836 2633 ἂν
3873 2583 3977 2634 πά·

2413 2667 2493 2720 θοι
2524 2668 2795 2735 βλέπουσα
2821 2669 2912 2720 τὸν
2947 2669 3071 2720 Υίὸν
3094 2671 3187 2722 καὶ
3223 2672 3456 2739 μάλιστα
3501 2672 3600 2741 τῆς
3630 2672 3982 2743 ἀνθρωπίνης

2413 2758 2628 2825 φύσεως
2648 2759 3061 2828 πολιτευόμενον
3086 2764 3348 2830 κρεῖττον,
3373 2762 3470 2824 τὰς
3501 2763 3611 2815 τῶν
3650 2763 3982 2834 κακούργων

2416 2849 2683 2918 ὑπέχοντα
2713 2851 2895 2915 δίκας;
2919 2851 3088 2905 Τοῦτο
3115 2853 3301 2920 γέγονε
3329 2857 3394 2923 τῇ
3417 2855 3777 2924 παναχράντῳ
3801 2857 3986 2924 Μητρὶ

2415 2940 2508 2990 τοῦ
2572 2942 2764 3007 Λόγου,
2806 2942 3129 3012 πικρότερον
3182 2943 3278 2995 καὶ
3331 2944 3658 3016 δριμύτερον
3713 2947 3988 3014 ῥομφαίας

2418 3028 2634 3095 ἁπάσης
2664 3029 2725 3080 τὸ
2752 3029 2944 3090 πάθος.
2976 3029 3036 3081 Ei
3063 3030 3172 3100 γὰρ
3193 3032 3284 3083 καὶ
3316 3033 3518 3095 πολλὰς
3553 3034 3844 3097 ὑποθέσεις
3875 3032 3987 3104 εἶχε

749 3123 973 3176 omnino
1009 3121 1159 3190 leges
1203 3131 1409 3175 natura:
1449 3121 1635 3185 solvit,
1681 3121 1957 3174 concessit
1984 3129 2165 3172 autem
2214 3133 2312 3171 na-

2419 3119 2552 3170 Θεὸν
2575 3119 2771 3171 εἰδέναι
2795 3119 2886 3171 τὸν
2918 3119 3046 3171 Υίὸν
3099 3124 3540 3190 σεσαρκωμένον,
3577 3123 3691 3177 ἀλλ’
3745 3119 3842 3177 οὖν
3894 3126 3992 3176 οὐκ

749 3221 884 3266 tura:
907 3219 965 3263 ut
990 3211 1130 3264 intra
1151 3214 1402 3281 proprios
1431 3212 1667 3265 emineat
1690 3212 1845 3266 lines.
1866 3211 1987 3264 Ideo
2015 3219 2070 3263 et
2091 3210 2316 3262 horren-

746 3303 872 3356 dam
909 3303 1214 3369 passionem
1250 3302 1506 3366 videntis,
1536 3301 1796 3356 maternis
1825 3301 2001 3354 oculis
2035 3299 2316 3368 subjectus

748 3402 1021 3460 aSpectus.
1074 3407 1171 3445 ceu
1215 3393 1375 3460 gladii
1411 3393 1654 3456 vulnere,
1700 3391 1938 3445 animam
1983 3389 2103 3460 ejus
2131 3390 2318 3443 vulne-

749 3484 890 3539 ravit
914 3492 969 3539 et
993 3484 1196 3539 divisit.

828 3653 987 3709 CAP.
1026 3653 1114 3708 lli.
1154 3653 1321 3709 Vens.
1372 3657 1426 3709 '5.
1471 3655 1671 3712 Pharii.
1730 3657 1878 3712 Licet
1926 3655 2129 3726 pariter
2169 3656 2319 3723 cogi-

753 3758 867 3800 tare
895 3757 949 3800 et
981 3746 1181 3811 dicere,
1222 3748 1542 3814 praestitisse
1570 3757 1910 3816 peccatorum
1943 3747 2318 3800 remissionem

751 3837 1119 3893 Praecursoris
1142 3853 1362 3907 quoque
1390 3839 1682 3906 baptisma,
1708 3853 1814 3891 non
1837 3849 2015 3891 autem
2040 3837 2318 3899 omnium;

752 3932 894 3985 sicut
926 3945 1027 3985 nec
1050 3930 1250 3998 legales
1280 3930 1624 3985 caeremonia:
1658 3939 1713 3983 et
1756 3931 2176 3983 immolationes.
2204 3927 2320 3980 Non

752 4023 897 4075 enim
941 4020 1309 4076 admissarum
1373 4035 1500 4076 cum
1543 4021 2006 4089 praemeditatione
2057 4019 2321 4077 caedium.

756 4128 930 4183 neque
984 4113 1030 4168 si
1085 4114 1209 4181 quis
1263 4111 1492 4167 aliorum
1545 4111 1956 4180 conjunctiones
2017 4107 2324 4162 transfode-

756 4209 844 4271 rit,
901 4221 1078 4274 nequc
1139 4205 1382 4270 illorum,
1439 4214 1663 4272 propter
1711 4217 1832 4272 qua:
1879 4201 2180 4255 horrendus
2223 4199 2326 4253 iste

753 4309 808 4351 ct
850 4297 1090 4351 emlestis
1134 4297 1272 4366 ignis
1324 4297 1380 4349 in
1424 4305 1684 4349 nocentes
1719 4294 1917 4348 invidia
1975 4291 2177 4346 missus
2220 4301 2325 4355 est,

755 4401 934 4457 neque
987 4386 1283 4440 multorum
1321 4384 1760 4438 facinorosorum
1807 4393 1860 4437 et
1907 4381 2167 4436 similium
2207 4394 2329 4447 ope-

2418 3209 2510 3261 ἐπὶ
2538 3210 2753 3260 πάντων
2782 3209 2901 3260 ἔλυε
2934 3213 3060 3273 τοὺς
3097 3215 3198 3280 τῆς
3247 3212 3460 3280 φύσεως
3503 3215 3722 3282 νόμους,
3751 3215 3986 3266 ἐνεδίδου

2416 3298 2472 3350 δὲ
2504 3293 2599 3350 καὶ
2647 3302 2714 3368 τῇ
2763 3298 2942 3367 φύσει,
2968 3303 3078 3363 τοῖς
3119 3301 3338 3365 οἰκείοις
3393 3302 3775 3372 ἐνδιαπρέπειν
3826 3304 3992 3372 ὅροις.

2419 3390 2506 3441 Διὸ
2536 3390 2632 3441 καὶ
2667 3391 2836 3452 πάθος
2868 3392 3094 3458 φρικτὸν
3122 3393 3306 3460 ὁρῶσα
3334 3397 3623 3463 μητρικοῖς
3665 3392 3991 3461 ὀφθαλμοῖς,

2421 3479 2782 3547 προκείμενον
2848 3478 3050 3548 θέαμα,
3092 3483 3233 3534 κατά
3281 3481 3497 3551 πληγὴν
3551 3483 3854 3553 ῥομφαίας.
3901 3483 3996 3552 τὴν

2419 3565 2592 3634 ψυχὴν
2619 3568 2874 3636 ἐτέμνετό
2901 3586 2961 3621 τε
2991 3571 3085 3622 κα)⁸
3115 3571 3523 3639 κατεμερίζετο.

2497 3657 2572 3725 |p.
2595 3659 2661 3712 49
2695 3657 2773 3726 a.]
2802 3661 3029 3714 Φωτίου
3056 3661 3156 3715 καί
3186 3663 3489 3728 Κυρίλλου
3539 3662 3993 3730 Ἱεροσολύμων.

2427 3748 2641 3810 Ἔξεστι
2683 3749 2740 3801 δὲ
2798 3750 2928 3813 ἴσως
2964 3754 3180 3822 φρονεῖν
3202 3769 3260 3804 τε
3308 3756 3398 3806 καὶ
3424 3753 3624 3820 λέγειν,
3650 3753 3727 3814 ὡς
3769 3755 3995 3821 παρεῖχε

2427 3840 2526 3908 μὲν
2586 3841 2999 3911 ἁμαρτημάτων
3055 3843 3251 3912 ἄφεσιν
3281 3845 3376 3896 καὶ
3429 3845 3489 3896 τὸ
3532 3845 3627 3896 τοῦ
3680 3845 3994 3914 Προδρόμου

2426 3929 2708 3999 βάπτισμα
2739 3947 2752 3961 ⁸
2776 3933 2835 3983 οὐ
2863 3932 3081 3985 πάντων
3121 3933 3176 3985 δέ
3206 3949 3219 3963 °
3257 3934 3447 4003 ὥσπερ
3497 3933 3606 3986 οὐδ’
3657 3935 3718 3984 αι
3779 3939 3996 4001 νομικαι

2421 4021 2749 4080 τελεταὶ,κα“ι
2780 4022 2982 4077 θυσίαι.
3004 4023 3139 4076 υύδὲ
3168 4024 3277 4093 γὰρ
3294 4025 3404 4077 τῶν
3429 4026 3492 4077 ἐκ
3514 4024 3774 4093 προνοίας
3801 4026 3992 4092 φόνων.

2423 4111 2531 4163 οὐδ’
2557 4111 2610 4162 εἴ
2635 4129 2718 4174 τις
2752 4113 3060 4182 ἀλλοτρίους
3097 4116 3308 4184 γάμους
3338 4115 3620 4183 διώρυξεν,
3649 4115 3765 4166 οὐδ’
3791 4117 3893 4166 ὅσα
3942 4118 3996 4164 τὸ

2425 4200 2650 4270 φρικτὸν
2677 4202 2852 4254 ἐκεῖνο
2875 4205 2966 4254 καὶ
2985 4204 3235 4274 οὐράνιον
3264 4204 3374 4272 πῦρ
3408 4206 3520 4266 τοῖς
3554 4203 3764 4272 ἐνόχοις
3798 4201 3994 4271 ζημίας

2427 4291 2738 4354 ἐπέϐαλλον,
2773 4292 2880 4343 οὐδ’
2911 4293 3084 4345 ἄλλων
3115 4295 3323 4345 πολλῶν
3354 4294 3656 4361 ἐξαγίστων
3687 4295 3785 4347 καὶ
3824 4311 3996 4360 παραυ

2429 4382 2671 4450 πλησίων
2697 4381 2871 4451 ἔργων
2899 4383 2996 4452 τὴν
3023 4385 3312 4453 κάθαρσιν,
3345 4384 3465 4437 οὔτε
3500 4387 3527 4438 6
3555 4386 3722 4454 νόμος
3753 4383 3879 4436 οὔτε
3941 4385 3994 4434 τδ

757 4493 878 4530 rum
932 4477 1382 4540 mundationem,
1452 4488 1628 4543 neque
1679 4473 1798 4538 lex,
1859 4486 2036 4541 neque
2096 4469 2312 4523 Joannis

2438 4470 2680 4524 Ἰωάννου
2705 4472 3055 4543 διεπράττετο
3106 4473 3388 4544 βάπτισμα
3405 4492 3421 4506 ο
3446 4475 3582 4529 ἀλλὰ
3597 4475 3806 4528 τούτων
3835 4476 3994 4526 ἀπὼν

759 4571 1024 4638 baptisma
1056 4568 1366 4638 praestabat.
1405 4566 1513 4620 Sed
1554 4566 1621 4620 de
1646 4565 1731 4619 his
1772 4564 2046 4627 omnibus,
2091 4577 2211 4631 qua:
2237 4560 2320 4614 lex

761 4676 869 4713 non
899 4667 1250 4728 praecaverat,
1294 4667 1348 4712 et
1377 4658 1586 4727 primus
1635 4655 1912 4724 legislator
1939 4653 2324 4711 damnaverat,

761 4767 950 4823 pennas
992 4751 1205 4820 gladius
1234 4749 1486 4818 sumpsit.
1523 4745 1752 4802 Joannis
1803 4755 1984 4798 autem
2032 4742 2325 4812 baptisma,

761 4843 1017 4898 omnibus
1059 4842 1118 4895 in
1163 4841 1434 4905 salutem,
1486 4848 1674 4908 utpote
1717 4837 1887 4890 multo
1933 4833 2112 4904 majus
2163 4833 2331 4887 fuerit

762 4937 922 4991 solita
959 4935 1179 4998 virtute,
1212 4933 1449 5003 patebat.
1484 4930 1784 4987 Prmstabat
1812 4931 1975 5001 igitur
2001 4938 2056 4984 et
2086 4927 2331 4981 Praecur-

762 5027 903 5080 suris
941 5024 1228 5093 baptisma,
1255 5033 1313 5078 ut
1357 5023 1561 5078 dictum
1602 5031 1708 5084 est,
1740 5030 2086 5091 peccatorum
2137 5022 2334 5072 remis-

763 5119 999 5181 sionem,
1049 5132 1157 5168 non
1205 5124 1390 5169 autem
1424 5115 1706 5181 omnium;
1744 5115 1843 5169 hoc
1888 5113 2032 5168 cnim
2070 5111 2332 5165 Dominici

763 5208 1107 5279 baptismatis
1130 5208 1407 5276 proprium
1435 5215 1539 5261 est.
1566 5205 1671 5261 Sed
1700 5206 2012 5275 praastahat,
2042 5201 2335 5273 perfectio-

765 5319 886 5356 nem
917 5300 1184 5354 Salratori
1221 5314 1572 5369 prmparans;
1600 5299 1883 5352 inundatio
1929 5306 2068 5361 erat,
2100 5295 2333 5348 munda-

768 5396 973 5445 tionem
1004 5391 1349 5460 praecedens;
1401 5397 1456 5443 et
1497 5389 1750 5444 remissio
1793 5404 1886 5458 per
1929 5393 2159 5456 partem,
2195 5384 2332 5439 intc-

766 5497 917 5553 grain
950 5482 1323 5538 remissionem
1352 5481 1633 5546 anteiens;
1664 5479 1976 5551 imperfecta
2002 5475 2332 5547 puriﬁcatio,

2425 4579 2533 4615 των
2565 4565 2592 4615 6
2619 4563 2716 4632 μὲν
2745 4565 2905 4633 νόμος
2938 4567 3037 4618 ὅσα
3078 4565 3152 4635 μὴ
3190 4564 3477 4634 προλαϐὼν
3499 4567 3527 4617 6
3577 4565 3799 4635 πρῶτος
3849 4581 3994 4632 νομο-

2427 4653 2588 4721 θέτης
2629 4655 3012 4724 εἰσεπράττετο
3071 4655 3328 4725 δικαστὴν
3356 4657 3418 4708 τὸ
3471 4655 3625 4722 ξίφος
3658 4655 3907 4716 ἐκάθιζε.
3931 4654 3994 4705 Τὸ

2427 4743 2483 4795 δέ
2539 4743 2781 4796 Ίωάννου
2830 4744 3108 4814 βάπτισμα
3145 4746 3224 4807 είς
3265 4747 3325 4798 τὸ
3374 4747 3551 4798 κοινὸν
3595 4746 3688 4798 καὶ
3717 4747 3990 4814 σωτήρεον,

2428 4833 2502 4896 ὡς
2534 4834 2710 4903 πολλῴ
2741 4835 2923 4903 μεῖζον
2973 4835 3216 4905 ὑπάρχον
3242 4838 3340 4905 τῆς
3398 4837 3532 4899 ιδίας
3596 4837 3803 4905 ίσχύος,
3869 4851 3995 4904 παρ-

2437 4925 2674 4994 έπεμπε.
2709 4927 2938 4995 Παρεῖχε
2986 4927 3084 4996 μὲν
3108 4926 3199 4978 οὖν
3231 4929 3322 4979 καὶ
3351 4928 3411 4978 τὸ
3441 4926 3532 4980 τοῦ
3563 4928 3882 4997 Πρώρόμου

2436 5034 2665 5086 πτισμα,
2685 5017 2871 5087 ὥσπερ
2890 5019 3119 5089 εἴρηται,
3136 5018 3246 5071 τῶν
3276 5019 3687 5088 ἁμαρτημάτων
3703 5019 3898 5086 ἄφεσιν
3914 5035 3926 5045 ·
3945 5018 3994 5067 οὗ

2440 5111 2657 5161 πάντων
2681 5109 2737 5162 δέ
2781 5127 2796 5142 ο
2831 5110 2989 5162 τοῦτο
3039 5111 3148 5180 γὰρ
3182 5111 3272 5164 τοῦ
3303 5109 3634 5163 Δεσποτικοῦ
3682 5110 3746 5163 τὺ
3796 5109 3999 5176 ἐξαίρε-

2435 5216 2525 5251 τον
2561 5215 2574 5229 ο
2625 5202 2854 5268 παρεῖχε
2888 5199 2967 5262 δὲ,
3000 5199 3428 5271 προευτρεπίζον
3479 5198 3552 5267 τῷ
3613 5197 3871 5266 σωτηρίῳ
3913 5198 4000 5263 τὴν

2433 5291 2770 5360 τελειότηταο
2801 5293 2892 5343 καὶ
2920 5291 3140 5361 λουτρὸν
3169 5287 3236 5362 ἦν
3264 5291 3369 5360 πρὸ
3399 5288 3627 5358 λουτροῦ
3651 5307 3666 5321 ·
3696 5291 3791 5340 καί
3818 5288 4002 5354 ἄφετις

2437 5382 2501 5433 ἐκ
2527 5381 2745 5452 μέρους,
2775 5383 2879 5452 πρὸ
2909 5384 3008 5452 τῆς
3035 5381 3336 5443 παντελοῦς
3365 5380 3632 5449 ἀφέσεως·
3668 5379 3766 5431 καὶ
3812 5376 4001 5441 ἀτελὴς

2438 5473 2699 5546 κάθαρσις
2727 5475 3187 5545 προοιμιαζομένη
3215 5475 3312 5545 τὴν
3354 5472 3684 5527 τελειοποιόν
3720 5487 3735 5503 ·
3781 5471 3876 5523 καὶ
3920 5486 4001 5520 zu-

2269 5613 2494 5668 NOTAE.

840 5756 949 5824 (ιθ)
990 5756 1073 5812 cr.
1105 5772 1160 5826 q.
1195 5752 1371 5810 CLVII
1430 5752 1709 5807 cum.
