4156 6438
706 409 840 476 1227

1855 401 2113 463 PI-IOTII
2142 398 2646 462 PATRIARCH/E
2684 400 2793 460 CP.

3783 391 3921 453 1298

703 534 758 576 ut
792 515 1179 574 misericordiae
1212 522 1264 568 et
1295 509 1604 568 liberalitati
1634 509 1847 566 deditus
1869 553 1884 575 ,
1916 513 1970 566 in
2020 513 2258 581 sepultu-

2383 510 2608 581 ⁹όμενος,
2641 508 2808 572 οὕτως
2837 505 2898 560 τὸ
2929 504 3087 576 σῶμα
3122 500 3390 574 ἐπιζητεῖ,
3429 501 3543 555 ἀλλ’
3569 499 3644 565 ὡς
3673 498 3740 552 ἂν
3769 499 3933 570 ιλιεφ

705 622 821 662 iam
858 615 1130 660 mortuum
1165 602 1330 671 petit;
1366 610 1418 654 et
1461 600 1660 654 accedit
1698 600 1766 652 ad
1810 598 2067 666 Pilatum,
2103 602 2264 654 timu-

703 711 818 750 rem
849 704 902 750 et
933 705 1189 762 pavorem
1243 689 1546 751 excutiens,
1578 688 1735 757 quasi
1770 688 1996 743 consilio
2030 703 2264 743 consen-

705 789 862 847 tiens,
907 782 1102 839 deferri
1139 797 1336 850 corpus
1382 778 1583 834 mortui
1617 779 1900 846 hortatur;
1956 779 2066 849 jam
2119 780 2267 834 enim

705 889 1000 947 parasceve
1036 873 1315 929 occidente
1342 871 1457 926 sole
1489 870 1793 932 desinebat,
1823 881 1876 925 et
1920 871 2007 924 lex
2046 869 2266 924 Sahbati

705 967 954 1037 praesenti
984 965 1367 1030 illucescebat;
1409 973 1462 1018 et
1515 962 1839 1032 persuadere
1887 962 2064 1030 magis
2115 971 2269 1018 ratus

702 1068 806 1122 est,
837 1059 1007 1126 legem
1032 1057 1234 1126 pariter
1264 1053 1604 1124 pretendens
1629 1092 1644 1115 .
1679 1069 1785 1123 qua
1821 1053 2104 1108 vetabatur
2138 1068 2262 1109 sus-

703 1165 868 1218 pensa
920 1163 1141 1202 manere
1190 1160 1420 1214 corpora
1468 1146 1878 1200 cruciﬂxorum.
1917 1145 2088 1200 Judaei
2121 1147 2268 1200 enim

704 1241 809 1292 alia
837 1247 1026 1292 contra
1077 1237 1246 1305 legem
1288 1242 1525 1303 agentes,
1554 1243 1606 1287 et
1649 1243 1834 1302 aperta
1865 1231 2043 1288 fronte
2089 1233 2267 1302 patria

705 1327 954 1380 instituta
1009 1320 1512 1390 transgredientes,
1566 1319 1613 1373 si
1672 1319 1801 1388 quid
1857 1319 2121 1372 voluntati
2160 1333 2268 1373 non

706 1415 1038 1470 contrarium
1071 1412 1414 1477 occurrebat,
1437 1420 1491 1466 et
1519 1409 1836 1464 facillimum
1865 1413 2162 1480 completu.
2192 1411 2269 1464 le-

705 1511 787 1576 gis
813 1509 864 1560 in
897 1507 1001 1561 hoc
1032 1504 1392 1560 reverentiam
1421 1502 1708 1558 curabant.
1758 1500 1833 1555 Da
1875 1502 2048 1565 mihi,
2095 1501 2272 1570 inquit

704 1597 904 1666 Joseph
930 1638 944 1661 ,
992 1594 1037 1650 si
1071 1595 1192 1660 vis,
1227 1593 1458 1663 sepelire
1507 1605 1706 1659 corpus
1745 1589 1876 1644 .Iesu
1938 1605 2100 1658 quem
2156 1590 2268 1643 noti

706 1700 898 1739 cmnes
928 1684 1371 1752 derelinquentes
1405 1680 1696 1744 abierunt;
1746 1676 1906 1746 cujus
1945 1677 2101 1730 multi
2141 1689 2274 1729 con-

705 1777 1001 1831 currebant
1027 1776 1077 1830 in
1103 1773 1356 1844 passione
1385 1779 1742 1842 spectatores,
1770 1783 1914 1823 nunc
1940 1776 2120 1822 autem
2145 1767 2272 1820 nul-

2364 605 2458 657 καὶ
2480 600 2860 672 φιλανθρωπίᾳ
2891 598 3084 661 διδους,
3117 598 3195 660 είς
3229 595 3404 665 ταφὴν
3449 593 3676 647 αἰτεῖται
3714 590 3806 644 τὸν
3844 607 3935 643 νε-

2364 694 2516 764 κρόνο
2545 694 2639 745 καὶ
2669 691 2946 759 πρόσεισι
2973 687 3088 758 μὲν
3115 686 3196 752 τῷ
3219 683 3473 750 Πιλὰτφ,
3507 684 3666 736 δκνον
3720 681 3934 735 ἅπαντα

2364 785 2459 838 καὶ
2491 781 2656 850 φόϐον
2713 779 3178 850 άπορῤιψάμενος,
3207 771 3295 830 οἷα
3332 775 3388 828 δὲ
3417 774 3609 845 βουλῆς
3639 771 3932 834 κοινωνῶν,

2364 873 2756 942 κατενεχθῆναι
2780 871 2841 925 τὸ
2865 870 3028 941 σῶμα
3063 869 3156 922 τοῦ
3193 867 3513 936 τεθνηκότος
3554 862 3932 933 συμϐουλεύει.

2371 967 2510 1030 Ἤδη
2542 965 2650 1034 γάρ
2677 962 2774 1031 τῆς
2803 961 3157 1029 παρασκευῆς
3196 960 3315 1017 ταῖς
3349 955 3444 1009 τοῦ
3499 954 3654 1026 ήλίου
3702 953 3937 1022 δυσμαῖς

2367 1052 2864 1124 συνυποληγούσης,
2887 1050 3023 1104 καὶὸ
3041 1047 3136 1101 τοῦ
3161 1046 3437 1101 Σαϐϐάτου
3459 1046 3620 1114 νόμος
3648 1045 3716 1112 τῇ
3746 1040 3940 1094 tmari-

2367 1160 2437 1216 σῃ
2463 1139 2899 1207 συνανεφαίνετο·
2941 1137 3035 1189 καὶ
3078 1134 3446 1204 πιθανώτερος
3475 1132 3671 1195 ἐδόκει,
3704 1131 3802 1182 καὶ
3847 1129 3937 1181 th

2367 1236 2529 1304 νόμον
2557 1235 2687 1294 ῐσως
2742 1227 3054 1297 ὑποφαίνων
3078 1264 3096 1292 ,
3123 1226 3189 1279 δι’
3235 1225 3294 1278 δν
3319 1226 3420 1277 οὐκ
3465 1223 3630 1293 εχρῆν
3686 1221 3938 1291 μετέωρα

2370 1326 2552 1396 μένειν
2585 1323 2666 1376 ιτι
2686 1322 2755 1376 τά
2781 1320 3010 1391 σώματα
3044 1319 3152 1371 τῶν
3181 1315 3561 1387 ἀνῃρημένων.
3587 1312 3671 1366 τὰ
3699 1311 3799 1381 μὲν
3831 1310 3940 1378 γάρ

2367 1416 2501 1471 ἄλλα
2525 1414 2634 1466 τῶν
2679 1412 2946 1466 Ἰουδαίων
2975 1408 3256 1477 ἐκθέσμως
3298 1405 3663 1474 πραττόντων,
3689 1403 3788 1454 καὶ
3815 1401 3940 1453 ἀπε-

2373 1503 2688 1576 ρικαλύπτῳ
2713 1504 2780 1572 τῇ
2811 1500 3018 1570 κεφαλῇ
3046 1499 3155 1552 τῶν
3184 1495 3428 1566 πατρίων
3467 1491 3937 1560 ικδιαιτωμένων,

2370 1597 2427 1648 ὲν
2449 1591 2530 1658 οῖς
2557 1593 2711 1645 οὐδὲν
2748 1588 3040 1644 ἀντίπαλον
3092 1587 3187 1640 τοῦ
3234 1587 3536 1654 θελήματος
3559 1583 3800 1650 ἀπήντα,
3849 1581 3943 1632 καὶ

2372 1687 2565 1758 ῥᾷστον
2619 1679 2688 1754 ἦν
2742 1681 3044 1746 ἐκτελέσαι,
3069 1680 3104 1748 ἡ
3145 1677 3281 1748 περὶ,
3312 1678 3438 1739 τοὺς
3471 1675 3668 1744 νόμους
3691 1669 3944 1726 εὐλάϐεια

2371 1772 2794 1836 κατεσπούδαζε.
2820 1772 2933 1826 Καὶ
2950 1771 3038 1834 δός
3072 1785 3185 1840 μοι,
3213 1768 3378 1836 φησιν
3408 1767 3438 1819 6
3476 1763 3698 1834 Ἰωσὴφ,
3724 1762 3777 1815 εῖ
3822 1760 3944 1830 βώ-

707 1870 792 1921 lus
824 1867 1145 1940 permansit,
1187 1881 1255 1919 ne
1285 1863 1586 1918 amicorum
1617 1860 1860 1930 quidem,
1897 1859 1964 1912 ad
2001 1857 2271 1928 sepelien-

2383 1871 2472 1929 Let,
2500 1863 2666 1933 θάψαι
2685 1863 2777 1915 τὸν
2799 1860 2991 1933 νεκρὸν
3017 1857 3113 1913 τοῦ
3152 1857 3353 1927 Ἰησοῦ,
3375 1856 3436 1909 δν
3463 1852 3780 1922 οίμγνωστοὶ
3809 1851 3940 1904 πάν-

706 1960 859 2023 dum,
897 1957 1050 2011 abest
1075 1972 1106 2010 a
1134 1964 1184 2008 te
1207 1956 1274 2009 de
1301 1967 1469 2020 regno
1511 1958 1690 2005 metus
1717 1966 1734 2010 ;
1782 1958 2027 2002 mortuus
2063 1954 2146 2001 est
2177 1947 2272 2016 qui

708 2058 1032 2118 potestatem
1077 2046 1428 2117 magistratus
1482 2050 1847 2110 occupaturus
1893 2039 2270 2093 incusabatur.

708 2140 786 2193 Ad
823 2141 994 2208 ipsam
1031 2136 1404 2206 apparentiam
1433 2147 1628 2203 expers
1656 2133 1807 2185 visus
1837 2139 1923 2185 est
1974 2129 2152 2183 Omnis
2191 2130 2275 2182 in-

705 2227 965 2294 justitias:
994 2238 1155 2293 quem
1188 2223 1578 2292 prophetarum
1625 2219 1959 2274 interfectrix
2003 2219 2187 2288 lingua
2220 2229 2275 2272 et

710 2331 814 2369 vox
848 2327 902 2370 et
932 2330 1148 2379 manus,
1171 2323 1224 2368 te
1264 2313 1405 2368 ferre
1434 2320 1691 2368 censente
1739 2309 2116 2363 humaniorem
2145 2323 2274 2362 scn-

711 2406 960 2468 tcnliam,
997 2405 1100 2458 sub
1127 2403 1530 2458 damnationem
1569 2400 1761 2454 mortis
1792 2401 2142 2454 induxerunt.
2201 2399 2274 2451 Da

712 2495 842 2547 mihi
873 2508 1112 2547 annuere
1139 2492 1390 2562 gratiam,
1428 2504 1521 2558 per
1563 2504 1727 2558 quam
1761 2487 1897 2541 alios
1929 2487 2150 2540 minime
2179 2488 2271 2540 lae-

712 2585 840 2639 dere
867 2591 1059 2653 potes;
1112 2597 1216 2636 non
1246 2581 1392 2635 enim
1424 2577 1734 2634 Iudaeorum
1783 2578 1940 2631 turba
1974 2592 2114 2646 aegre
2141 2577 2277 2631 feret

714 2679 758 2729 si
787 2686 928 2729 terra
954 2675 1166 2730 noverit
1184 2673 1562 2728 absconditum
1589 2672 1890 2726 inimicum.
1916 2669 2084 2738 Magis
2112 2670 2278 2736 igitur

714 2767 991 2829 doiebunt,
1043 2767 1086 2819 si
1122 2775 1396 2819 mortuum
1439 2779 1600 2833 quem
1629 2765 1853 2817 oderant
1905 2762 2164 2821 viderint,
2223 2762 2275 2814 id

719 2867 825 2920 est,
851 2872 1040 2912 eorum
1077 2856 1356 2909 victimam
1401 2869 1562 2909 cruce
1605 2854 2025 2921 triumphantem
2049 2866 2278 2906 cernen-

715 2950 850 3003 tium
892 2947 1298 3002 miserationem
1332 2944 1714 3007 adducentem,
1760 2952 1815 2997 et
1843 2942 2274 3011 crnciligentinm

2370 1971 2460 2018 τες
2494 1953 2694 2024 ᾤχοντο
2725 1951 3143 2015 καταλιπόντες,
3171 1944 3233 2004 οὖ
3265 1947 3452 2001 πολλοὶ
3501 1944 3602 2016 μιν
3653 1943 3947 2012 συνέρρεον

2373 2046 2467 2098 ἐπὶ
2489 2045 2568 2113 τῷ
2596 2044 2761 2097 πάθει
2794 2042 2986 2096 θεαταὶ
3043 2040 3138 2094 νῦν
3167 2039 3212 2092 δ’
3259 2037 3434 2098 οὐδεὶς
3485 2036 3801 2104 ὑπέμεινεν,
3825 2030 3949 2083 οὐδὲ

2373 2132 2481 2186 τῶν
2529 2133 2720 2202 φίλων,
2761 2130 3143 2199 ὲνταφιαστής.
3177 2123 3406 2180 Ἀπεστί
3455 2139 3534 2176 σοι
3573 2120 3740 2189 φόϐος
3793 2119 3950 2188 βασι-

2373 2223 2542 2287 λείας⁶
2571 2222 2834 2292 τέθνηκεν
2859 2223 2887 2275 6
2912 2221 2971 2274 τὸ
2995 2220 3197 2291 κράτος
3229 2217 3328 2288 μὲν
3356 2217 3456 2287 τῆς
3493 2213 3743 2278 ἑξουσίας
3770 2210 3952 2280 ἀρπά-

2377 2333 2467 2368 σαι
2501 2312 2996 2383 κατηγορούμενος,
3037 2310 3200 2380 μέχρι
3223 2308 3280 2361 δὲ
3304 2307 3398 2360 καὶ
3429 2305 3597 2374 αὐτῆς
3621 2303 3952 2373 προφάσεως

2375 2404 2550 2465 ἀθῶος
2593 2403 2781 2471 ὀφθεὶς
2824 2401 3023 2464 παντὸς
3051 2401 3406 2468 ἀδικήματος·
3435 2395 3495 2448 δν
3514 2391 3954 2464 προφητοκτάνυς

2376 2492 2596 2562 γλῶσσα
2622 2491 2718 2544 καὶ
2745 2490 2897 2559 φωνὴ
2930 2488 3026 2542 καὶ
3061 2489 3266 2556 χεῖρες,
3317 2482 3410 2536 σοῦ
3455 2478 3736 2540 δοκοῦντος
3761 2476 3954 2545 φέρειν

2377 2581 2888 2654 φιλανθρωποτέραν
2937 2579 3137 2649 ψῆφον,
3188 2576 3293 2630 ὑπὸ
3327 2573 3509 2644 κρίσιν
3555 2572 3758 2640 ήγαγον
3788 2567 3956 2621 θανάο

2376 2694 2490 2730 του.
2525 2676 2622 2738 Δός
2651 2692 2740 2744 μοι
2771 2675 2928 2743 χάριν
2980 2672 3286 2742 ὁμολογεῖν,
3331 2668 3398 2720 δι’
3439 2661 3507 2737 ἧς
3530 2665 3748 2734 ἑτέρους
3800 2661 3956 2715 οὐδὲν

2377 2767 2615 2836 ζημιοῖς.
2650 2765 2786 2818 Οὐδὲ
2812 2765 2940 2833 γὰρ,
2973 2763 3082 2815 οὐδ’
3105 2765 3134 2815 ό
3164 2761 3272 2813 τῶν
3315 2756 3582 2812 Ἰουδαίων
3609 2755 3761 2824 ὄχλος
3801 2755 3958 2806 ams.

2379 2874 2530 2910 σεται
2559 2859 2630 2925 γῇ
2658 2855 2918 2925 μαθόντες
2942 2855 3034 2906 τὸν
3065 2853 3264 2923 ἐχθρὸν
3289 2848 3710 2917 καλυπτόμενον.
3734 2845 3958 2898 Μᾶλλον

2390 2948 2488 3017 μὲν
2512 2945 3036 3016 οὖνλδυσχεραίνουσι
3060 2944 3152 2997 καὶ
3189 2941 3375 3011 νεκρὸν
3415 2939 3505 2991 τδν
3539 2938 3626 2990 ὑπ’
3656 2935 3841 2989 αὐτῶν
3874 2952 3960 3002 μισ

714 3040 1089 3095 crudelitatem
1110 3036 1443 3108 exprobrare
1460 3035 1843 3103 inspirantem;
1864 3003 2281 3102 neque'Cazsaris

2387 3038 2650 3106 σούμενον
2681 3037 2989 3107 βλέποντες·
3035 3033 3193 3087 τοῦτο
3238 3033 3335 3103 μὲν
3381 3030 3481 3099 τὴν
3514 3026 3689 3082 αὐτῶν
3733 3039 3961 3093 μιαιφο-

715 3130 1019 3185 arnicitiam
1056 3143 1165 3197 pra:
1196 3143 1255 3183 se
1278 3126 1478 3180 ferent.
1516 3123 1633 3178 Non
1665 3139 1745 3189 es,
1777 3125 2039 3187 dicentes,
2075 3123 2281 3176 amicus

2383 3129 2501 3182 νίαν
2530 3128 2608 3197 τῷ
2641 3126 2859 3197 σταυρῷ
2890 3124 3289 3196 θριαμϐεύοντα
3313 3160 3330 3186 ,
3360 3120 3517 3174 τοῦτο
3555 3118 3612 3172 δι
3642 3116 3749 3169 τῶν
3785 3113 3962 3182 δρῶν-

715 3222 967 3284 Caesaris,
996 3219 1041 3274 si
1073 3218 1303 3273 cadaver
1341 3215 1556 3270 dederis
1579 3223 1721 3267 terra
1751 3212 1997 3282 sepeliri;
2023 3213 2142 3267 sine
2176 3213 2281 3266 ha:-

2383 3236 2490 3272 των
2512 3219 2604 3271 τὸν
2631 3219 2778 3270 ελεον
2807 3219 3054 3279 ἕλκοντα,
3080 3216 3175 3268 καί
3208 3213 3313 3267 τῶν
3345 3209 3774 3280 σταυρωσάντων
3792 3208 3964 3257 ἑκκα-

719 3311 994 3371 silatione,
1030 3309 1075 3362 si
1112 3308 1190 3361 vis
1213 3316 1447 3368 tantum,
1477 3304 1786 3373 implebitur
1820 3319 1939 3357 mea
1970 3303 2281 3372 postulatio.

2383 3309 2642 3380 λούμενον
2693 3307 3058 3380 μυσάττεσθαι
3098 3306 3196 3375 τὴν
3222 3304 3498 3372 ὠμότηταο
3533 3299 3651 3352 οὐδε
3682 3299 3782 3364 τὴν
3828 3296 3966 3348 Καί-

719 3399 942 3453 Talibus
965 3396 1124 3450 Pilati
1144 3403 1381 3449 mentem
1408 3394 1694 3447 incantans
1715 3392 1916 3454 verbis,
1945 3391 2281 3460 propositum

2391 3417 2558 3468 σαρος
2610 3400 2945 3453 ὲπισείσουσι
2986 3397 3169 3466 φιλίαν
3193 3436 3209 3458 ,
3245 3396 3359 3448 υὺκ
3380 3389 3430 3446 ei
3480 3391 3650 3461 φίλος,
3683 3389 3964 3455 λέγοντες-

719 3491 946 3553 nhtinet,
975 3498 1029 3542 et
1067 3488 1235 3541 sumit
1259 3485 1509 3540 avulsum
1542 3497 1743 3553 corpus
1772 3481 1927 3547 Iesu,
1953 3491 2008 3537 et
2051 3482 2281 3537 assuetis

2389 3490 2480 3543 τοῦ
2517 3490 2819 3560 Καίσαρος,
2851 3489 2900 3542 εί
2923 3489 3113 3560 νεκρὸν
3136 3486 3290 3549 δίδως
3315 3488 3381 3554 τῇ
3413 3486 3484 3552 γῇ
3513 3476 3964 3550 κατορύττεσθαι.

719 3582 953 3634 honorat
984 3579 1151 3632 curis.
2405 3581 2859 3650 Ἀπροφάσιστος,
2883 3583 2937 3633 εί
2973 3579 3148 3650 βούλει
3181 3578 3362 3647 μόνον,
3391 3576 3424 3643 ή
3450 3574 3719 3642 πλήρωσις
3749 3571 3856 3637 τῆς
3885 3569 3971 3619 ιι.

719 3677 947 3744 τήσεως.
979 3671 1201 3732 Τούτοις
1221 3668 1320 3740 τὴν
1350 3666 1443 3720 τοῦ
1468 3666 1702 3721 Πιλάτου
1737 3664 2057 3734 κατεπᾴδων
2116 3665 2317 3738 ψυχὴν,
2355 3673 2613 3744 τυγχάνει
2650 3673 2745 3727 τοῦ
2783 3671 2985 3725 σκοποῦ
3007 3711 3022 3737 ,
3065 3669 3158 3722 καὶ
3208 3664 3476 3735 λαμϐάνει
3549 3659 3882 3729 καθαιρεθὶν
3906 3673 3972 3730 τδ

722 3767 882 3839 σῶμα
917 3765 1012 3820 τοῦ
1055 3763 1252 3836 Ἰησοῦ,
1279 3762 1483 3830 καὶτῆς
1507 3760 1768 3830 συνήθους
1809 3757 1949 3823 ἀξιοῖ
1982 3761 2284 3831 φροντίδος.

794 3834 1065 3930 Ejusdem.
1108 3834 1326 3927 Myrrha
1365 3856 1532 3925 igitur
1562 3864 1771 3922 ungens
1820 3865 1874 3910 et
1917 3857 2035 3911 aloe
2086 3871 2281 3924 corpus

2471 3853 2581 3910 Τοῦ
2611 3852 2821 3907 αὑτοῦ.
2851 3848 3101 3919 Σμύρνης
3141 3840 3236 3899 οὖν
3288 3839 3631 3895 ἒπιπλάσοων
3677 3837 3771 3890 καὶ
3803 3834 3973 3905 ἀλόης

728 3927 963 4015 Domini,
995 3951 1138 4020 quod
1166 3949 1396 4003 mortuis
1428 3945 1570 4015 apud
1597 3944 1812 4001 Iudaeos
1846 3947 2023 4001 honor
2051 3946 2281 4002 funebris

2397 3947 2459 4000 τδ
2489 3948 2647 4016 σῶμα
2671 3943 2732 3998 τὸ
2756 3939 3103 4003 Δεσποτικδν,
3147 3936 3178 3990 δ
3223 3936 3336 3998 τοῖς
3382 3930 3670 3985 τελευτῶσι
3718 3927 3882 3998 παρά
3907 3944 3971 3994 γε

725 4056 863 4109 erat,
900 4054 952 4099 et
985 4042 1306 4098 mortuariis
1336 4039 1723 4109 circumligans
1757 4039 1940 4094 fasciis
1970 4079 1984 4102 ,
2041 4039 2094 4092 in
2152 4053 2281 4091 novr

2398 4041 2514 4095 τοῖς
2542 4035 2822 4097 Ἰουδαίοις
2845 4032 2978 4102 τιμὴ
2994 4028 3297 4090 τελευταία,
3319 4025 3411 4078 καὶ
3436 4026 3546 4085 τοῖς
3574 4019 3972 4109 νεκροστολίοις

728 4138 951 4206 deponit
983 4141 1354 4188 monumento.
1401 4128 1612 4184 Novum
1660 4139 1838 4181 autem
1880 4138 2281 4183 monumentum

2399 4127 2760 4198 περιελίσσων
2814 4121 3075 4183 ὀθονίοις,
3104 4117 3241 4189 πρὸς
3287 4112 3366 4183 τῷ
3417 4110 3589 4180 καινῷ
3635 4107 3973 4176 κατατίθησι

729 4229 968 4297 paravit,
1003 4234 1062 4277 ιιι
1108 4222 1208 4292 ipsi
1257 4220 1482 4274 Domina
1511 4220 1787 4288 quomodo
1819 4222 1994 4288 potuit
2031 4222 2281 4272 honorerr

2406 4219 2674 4291 μνημείῳ·
2714 4213 2899 4268 καινὸν
2928 4212 2987 4265 δὲ
3010 4210 3070 4263 τδ
3113 4209 3375 4279 μνημεῖον
3399 4200 3838 4273 παρεσκεύαστο,
3871 4199 3974 4252 αὑ-

730 4319 930 4388 Joseph
962 4323 1322 4385 expromeret.
1385 4311 1706 4381 Sepulcrum
1752 4313 1895 4365 enim
1944 4327 2143 4365 novum
2186 4327 2277 4364 era

2401 4288 2481 4379 τῷ
2511 4325 2574 4361 τε
2598 4307 2678 4377 τῷ
2714 4304 2961 4375 Δεοπότῃ
3003 4300 3095 4352 τὸν
3131 4295 3353 4350 δυνατὸν
3383 4293 3584 4362 τρόπον
3626 4288 3722 4342 τοῦ
3765 4288 3975 4354 Ἰωσὴφ

731 4421 785 4464 rt
823 4409 1124 4478 proprium,
1185 4421 1291 4457 non
1342 4413 1518 4457 autem
1559 4418 1892 4467 commune,
1947 4412 2000 4456 et
2053 4404 2281 4472 plurimi:

2405 4399 2569 4469 τιμὴν
2623 4395 3028 4466 ὲξευρίσκοντος
3057 4409 3072 4424 ·
3099 4393 3269 4461 τάφος
3302 4389 3410 4460 γὰρ
3457 4385 3636 4448 καινὸς
3667 4384 3790 4478 καὶΔ
3816 4382 3975 4443 ῖδιος,

752 4471 1162 4554 τοιιιαιίιίιιειιιιη
1195 4495 1545 4562 corporibus,
1598 4501 1655 4546 ut
1709 4494 1760 4546 in
1814 4471 2281 4562 mortuissepnlti

2409 4490 2542 4545 ἀλλά
2574 4488 2650 4559 μὴ
2677 4487 2853 4549 κοινὸς
2881 4485 2978 4538 καὶ
3005 4483 3218 4545 πολλοῖς
3235 4477 3701 4548 ἐκλελυμασμὲνος
3726 4471 3974 4540 σώμασι,

741 4589 1097 4646 reverentiam
1127 4595 1375 4662 praestet;
1424 4595 1478 4638 et
1508 4584 1777 4653 duplicem
1821 4583 1891 4638 ob
1920 4584 2079 4637 aliam
2116 4583 2281 4649 dispo-

2399 4580 2497 4649 τὴν
2524 4579 2599 4640 ὡς
2630 4579 2686 4629 ἐν
2704 4576 2915 4644 νεκροῖς
2939 4573 3017 4642 τῷ
3038 4572 3364 4640 θαπτομένῳ
3385 4565 3679 4638 προσνέμει
3707 4563 3978 4630 σεμνότη-

734 4682 893 4734 sitam
921 4695 950 4732 a
975 4678 1087 4733 Deo
1116 4692 1337 4731 causam
1363 4693 1377 4728 :
1401 4677 1573 4742 primo
1595 4677 1834 4744 quidem,
1869 4689 1934 4727 ne
1964 4690 2087 4729 cum
2122 4689 2281 4728 resur

2401 4683 2489 4721 ταο
2539 4667 2632 4719 καὶΙ
2658 4663 2851 4732 διπλῆς
2896 4662 3063 4729 ἀλλης
3107 4657 3558 4728 οίκονομουμένης
3586 4653 3761 4713 αἰτίας
3782 4651 3974 4708 ἕνεκα,

734 4771 993 4826 rec-tionis
1051 4769 1369 4822 miraculum
1433 4768 1792 4836 contigisset,
1857 4765 1925 4819 ab
1977 4765 2304 4819 audentibus

734 4860 916 4915 omnia
940 4856 1140 4912 Judaeis
1170 4867 1224 4911 et
1248 4871 1352 4909 non
1394 4855 1844 4910 erubescentibus
1877 4856 2017 4909 alius
2075 4855 2300 4922 quidam

736 4952 1177 5020 coriscpultorum
1215 4950 1524 5018 divulgatus
1553 4946 1691 5001 foret
1720 4987 1735 5010 ,
1803 4961 1909 5000 non
1969 4949 2057 4999 ille
2088 4948 2178 5014 qui
2237 4947 2306 5000 ab

737 5048 846 5102 illis
876 5047 941 5099 ad
967 5058 1184 5098 crucem
1220 5043 1615 5096 condemnatus
1638 5050 1774 5103 erat,
1806 5048 2163 5102 mortuorum,
2188 5054 2307 5093 Sur-

740 5137 977 5197 rexisse;
1016 5131 1110 5186 sed
1131 5138 1191 5183 ut
1210 5130 1317 5183 illis
1337 5129 1699 5197 undequaque
1725 5127 2107 5196 pracideretur
2128 5126 2306 5179 omnis

739 5222 1004 5277 mendacii
1040 5231 1093 5274 et
1122 5222 1175 5274 in
1202 5219 1370 5273 Deum
1401 5219 1512 5272 odii
1548 5220 1785 5273 occasio.
1825 5217 2074 5273 Secundo
2099 5225 2304 5282 autem,

740 5331 805 5370 ne
835 5315 1146 5368 viderentur
1197 5313 1308 5367 sola
1353 5313 1441 5366 illa
1475 5327 1505 5365 e
1549 5313 1799 5380 sepulcro
1830 5312 2140 5366 surrexisse
2176 5324 2303 5363 cor-

739 5422 891 5476 pora,
930 5405 1130 5472 quibus
1173 5403 1386 5458 Domini
1429 5418 1627 5471 corpus
1661 5405 1989 5473 applicatum
2035 5411 2087 5456 et
2117 5403 2306 5455 admo—

740 5507 857 5552 tum
920 5495 1148 5560 luisset;
1205 5493 1351 5563 quod
1405 5494 1569 5547 etiam
1631 5495 1700 5547 ab
1761 5494 1944 5561 aliquo
1994 5502 2304 5547 sanctorum

739 5601 969 5657 rorpore
1000 5587 1210 5640 vivente
1237 5585 1415 5639 adhuc
1445 5583 1745 5648 dill'erebat,
1781 5593 1836 5638 et
1864 5599 1892 5636 a
1917 5583 2124 5637 fortiori
2159 5598 2305 5636 mor-

744 5692 855 5733 tuo.
892 5678 996 5733 Sed
1038 5689 1118 5742 nt,
1172 5688 1430 5746 tanquam
1469 5691 1633 5746 super
1678 5677 1863 5729 omnia
1923 5675 2085 5730 fuerit
2120 5683 2306 5728 contra

743 5768 1013 5825 infernum
1072 5770 1310 5839 potentia
1368 5767 1579 5820 Domini
1633 5766 2010 5828 manifestam,
2069 5765 2304 5819 nomium

2407 4760 2537 4830 μιᾶς
2570 4758 2688 4826 μὲν,
2738 4755 2823 4807 ἵνα
2863 4752 2938 4823 μὴ
2963 4751 3058 4805 τοῦ
3095 4752 3194 4820 τῆς
3224 4749 3565 4807 ἀναστάσεως
3612 4743 3974 4808 ἐπιτελουμέ-

2405 4868 2497 4906 νου
2527 4849 2805 4917 θαύματος
2833 4847 2946 4906 τοῖς
2974 4843 3151 4897 πάντα
3186 4839 3425 4910 τολμῶσι
3459 4839 3549 4889 καὶ
3578 4829 3976 4902 ἀναισχυντεῖν·

2406 4959 2489 4994 σιν
2531 4938 2827 5000 Ἰουδαίοις,
2859 4936 3014 4999 ἀλλος
3045 4951 3126 4997 τις
3156 4933 3262 4986 τῶν
3289 4926 3745 4997 συντεθαμμένων
3770 4926 3977 4989 ἐπιφη-

2408 5031 2595 5102 μισθῇ,
2621 5029 2719 5098 οὐχ
2763 5029 2792 5080 6
2815 5027 2943 5097 παρ’
2974 5025 3151 5078 αὐτῶν
3170 5023 3245 5092 τῷ
3268 5019 3485 5090 σταυρῷ
3507 5013 3982 5083 καταδεδικασμέ-

2407 5139 2516 5186 νος,
2556 5121 2663 5172 τῶν
2693 5118 2902 5190 νεκρῶν
2925 5115 3300 5184 ἀνιστάμενος,
3329 5110 3442 5164 ἀλλ’
3469 5110 3555 5162 ἵνα
3593 5108 3780 5168 αὐτοῖς
3835 5123 3979 5157 παν-

2404 5206 2684 5284 ταχόθενῇ
2712 5211 2859 5263 πᾶσα
2883 5205 3230 5277 ψευδολογίας
3283 5204 3375 5255 καὶ
3405 5198 3701 5270 θεομαχίας
3750 5212 3981 5266 περικε-

2409 5307 2660 5378 κομμένη
2692 5306 2962 5376 πρόφασις
2986 5319 3001 5334 ·
3029 5302 3219 5370 ἐτέρας
3261 5300 3338 5361 δὲ,
3372 5297 3466 5349 τοῦ
3509 5295 3586 5364 μή
3629 5293 3784 5356 δόξαι
3839 5292 3981 5344 τισὶν

2407 5403 2588 5455 ἐκεῖνα
2626 5399 2762 5468 μόνα
2815 5397 2924 5450 τῶν
2951 5393 3216 5463 σωμάτων
3233 5389 3598 5457 ἐξαναστῆναι
3626 5384 3727 5437 τοῦ
3770 5384 3976 5450 τάφου,

2406 5487 2486 5555 οἷς
2513 5491 2574 5544 τὸ
2603 5488 2928 5542 Δεσποτικδν
2956 5483 3290 5554 ἐπεχωρίαζε
3318 5481 3474 5549 σῶμα
3503 5477 3598 5530 καὶ
3617 5474 3979 5542 ἐπλησίαζεν·

2409 5583 2470 5635 ὃν
2504 5582 2596 5634 καί
2633 5596 2776 5641 τινος
2806 5577 2914 5629 τῶν
2958 5575 3129 5642 ἁγίων
3178 5571 3344 5624 πάλαι
3398 5568 3491 5620 καὶ
3520 5565 3721 5629 ζῶντος
3763 5563 3855 5615 ἔτι
3902 5563 3980 5614 δι-

2411 5673 2759 5741 επέπρακτο,
2795 5670 2888 5723 καὶ
2933 5665 2998 5725 αὖ
3035 5665 3470 5734 τελευτήσαντος·
3508 5660 3641 5712 ἀλλά
3692 5658 3758 5708 ἶν’
3788 5657 3981 5723 ὥσπερ

2410 5762 2549 5832 ὑπὲρ
2584 5763 2795 5817 πάντων
2829 5757 2914 5829 εἴη
2943 5757 3004 5811 τὸ
3035 5755 3174 5812 κατά
3200 5753 3290 5807 τοῦ
3329 5751 3454 5821 ᾅδου
3488 5751 3681 5820 κράτος
3709 5748 3738 5797 ό
3767 5744 3979 5798 Δεσπό-
