4156 6438
229 412 364 475 1229
1410 403 1870 465 FRAGMENTA
1892 400 1972 461 IN
2006 402 2285 464 LUCAM.
3338 403 3474 467 1230

223 545 321 596 της
344 526 786 595 ἀναδεδεγμένος,
820 524 963 579 οὕτω
996 522 1216 578 καὶτῶν
1240 519 1519 592 πανταχοῦ
1559 521 1661 590 γῆς
1701 520 1799 573 καὶ
1828 548 1839 582 Α

1942 519 2107 588 bique
2165 533 2259 589 per
2294 526 2468 574 terras
2516 526 2571 574 et
2632 518 2805 574 maria
2844 518 3063 588 agitatis
3117 521 3469 589 corporibus,

226 619 503 687 θαλάσσης
534 617 938 688 διερριμμένων
968 616 1258 685 σωμάτων,
1283 616 1377 667 καὶ
1402 614 1537 681 πυρὶ
1565 614 1660 667 κα1⁵
1685 613 1808 681 ἀέρι

1942 625 2086 679 ιεψιε
2115 610 2170 664 in
2199 610 2323 680 igne
2359 620 2413 665 et
2448 626 2572 666 aere
2625 610 2913 680 dispersis,
2974 610 3119 665 clare
3168 623 3492 667 nosceretur

223 710 713 778 διεσκεδασμένων,
741 707 1013 779 λαμπρῶς
1043 707 1356 777 ἐπιγνωσθῇ
1380 707 1460 776 τῷ
1489 705 1674 775 οἰκείῳ
1702 705 1809 758 πά-

1942 702 2134 771 iropria
2168 703 2370 757 virtute
2409 704 2867 759 resurrectionem
2919 703 3247 774 patravisse.
3284 704 3495 769 Quibus

230 801 313 854 θει
368 801 850 871 διαπεπραγμένος
896 800 995 871 τὴν
1022 800 1351 855 ἀνάστασιν·
1386 796 1468 862 οἷς
1498 798 1605 867 γὰρ
1651 797 1813 851 τινῶν

1950 791 2061 845 nim
2098 807 2205 847 non
2257 794 2611 862 consepultus
2640 803 2760 849 erat
2798 794 3144 863 corporibus,
3180 793 3337 847 multi
3369 808 3497 848 san-

238 892 338 960 μδν
368 890 431 943 οὐ
475 890 839 943 συνετέθαπτο
885 890 1123 959 σώμασι,
1169 888 1357 941 πολλοὶ
1395 888 1454 941 δὲ
1492 888 1602 941 τῶν
1634 886 1815 955 ἁγίων

1942 890 2135 936 :torum
2174 894 2545 952 resurgentes,
2585 884 2655 937 ibi
2687 893 2741 938 et
2773 884 2905 939 alibi
2940 892 2996 938 et
3043 883 3248 952 passim
3302 890 3356 936 et
3386 897 3497 935 non

230 981 584 1043 ἀναστάντες,
611 978 794 1033 ἄλλοθί
816 996 919 1032 που
955 979 1050 1032 καὶ
1077 977 1261 1031 meo.
1284 977 1379 1030 καὶ
1402 976 1680 1047 σποράδην
1713 976 1810 1029 καὶ

1950 983 2082 1029 uxta
2109 974 2323 1029 Domini
2359 982 2773 1029 monumentum
2794 975 3066 1045 iacentes,
3108 973 3300 1029 multis
3328 988 3498 1042 appa—

226 1071 290 1122 οὑ
318 1070 461 1123 κατά
482 1069 544 1122 τὸ
575 1069 901 1121 Δεσποτικδν
949 1067 1141 1139 μνῆμα
1178 1066 1442 1144 κείμενοι,
1482 1065 1691 1129 πολλοῖς
1723 1061 1820 1137 ἧλ-

238 1160 331 1213 θον
363 1162 443 1222 είς
463 1159 788 1229 ἐμφάνειαν·
817 1157 909 1212 διὰ
936 1158 1144 1211 τούτων
1199 1157 1401 1227 μᾶλλον
1428 1157 1640 1228 τρανῶς
1697 1159 1821 1209 tm-

234 1253 531 1313 δείκνυται,
570 1251 647 1323 μὴ
674 1251 784 1305 τῶν
815 1249 936 1320 μέν,
961 1250 1148 1303 τῶνδε
1190 1250 1286 1321 μή,
1336 1249 1455 1303 ἁλλ’
1486 1249 1624 1319 ὑπὲρ
1676 1249 1815 1303 πάν-

230 1359 340 1394 των
367 1342 445 1412 τῷ
466 1343 709 1411 Δεσπότῃ
730 1341 844 1410 δ,τε
875 1341 1106 1404 θάνατος
1127 1340 1493 1412 γεγενημένος
1520 1342 1616 1393 καὶ
1638 1340 1672 1410 ή
1692 1340 1825 1395 ανά-

232 1449 443 1496 στασις·
474 1433 563 1486 διὰ
610 1430 787 1487 ταῦτα
813 1430 923 1502 γάρ
946 1425 1039 1485 οὖν
1072 1432 1163 1485 καὶ
1186 1430 1431 1494 τοιαῦτα,
1476 1431 1661 1494 καινὸς
1685 1432 1715 1483 ὁ
1734 1432 1831 1484 As-

232 1523 492 1586 σποτικδς
518 1521 688 1590 τάφος
720 1521 799 1592 τῷ
834 1522 1030 1593 Ἰωσὴφ
1050 1519 1551 1586 δλάξευτοίκείνου
1587 1523 1688 1591 μιν
1727 1520 1825 1591 μὴν

238 1613 575 1683 συνορῶντος
602 1613 732 1676 ἴσως
759 1611 998 1678 ἅπαντα,
1030 1611 1168 1665 ἁλλὰ
1200 1611 1338 1681 πρὸς
1385 1610 1445 1664 ιν
1468 1628 1554 1679 γε,
1590 1612 1690 1681 τὴν
1746 1626 1829 1663 τις

236 1702 365 1771 μὴν,
393 1700 811 1764 ἀποϐλέποντος·
843 1701 942 1771 τῆς
984 1700 1133 1773 θείας
1162 1699 1244 1765 δὲ,
1264 1700 1358 1753 καὶ
1387 1697 1559 1752 ταῦτα
1588 1714 1832 1769 προκατ-

232 1790 561 1860 αρτιζούσης
597 1792 693 1843 καὶ
749 1789 1245 1861 συνοικονομούσης
1300 1789 1686 1860 προγνώσεως.

1919 1075 2172 1120 ruerunt.
2225 1063 2324 1119 Per
2363 1066 2478 1121 haec
2526 1074 2711 1134 aperte
2768 1065 2943 1136 magis
2980 1063 3328 1127 ostenditur,
3387 1078 3499 1117 non

1923 1153 2141 1219 horum,
2187 1168 2364 1223 neque
2408 1154 2659 1221 illorum,
2711 1152 2809 1209 sed
2855 1152 3238 1223 universorum
3268 1150 3502 1207 Domino

1876 1284 1883 1290 .
1924 1244 2122 1298 factam
2144 1259 2265 1298 esse
2288 1254 2520 1299 mortem
2542 1253 2595 1299 et
2618 1245 3101 1299 resurrectionem.
3132 1242 3361 1311 Propter
3378 1259 3504 1312 qua:

1926 1332 2091 1401 igitur
2115 1341 2169 1387 et
2202 1333 2353 1399 talia,
2390 1347 2592 1387 novum
2618 1331 2851 1387 Domino
2890 1333 3203 1403 sepulcrum
3237 1346 3267 1385 a
3298 1329 3503 1399 Joseph

1925 1422 2168 1477 excisum
2200 1430 2317 1490 est;
2373 1424 2467 1493 qui
2525 1423 2747 1493 quidem
2800 1440 2909 1479 non
2954 1425 3141 1480 omnia
3182 1424 3301 1480 haec
3338 1425 3506 1479 simul

1929 1511 2169 1574 videbat,
2200 1512 2295 1567 sed
2336 1528 2527 1577 unum,
2566 1513 2828 1569 honorem
2857 1513 3092 1579 scilicet,
3148 1513 3503 1579 intendebat;

1928 1603 2255 1672 praevisione
2292 1612 2472 1657 autem
2498 1603 2682 1658 divina
2714 1614 2913 1660 cuncta
2940 1612 3281 1675 praeparante
3310 1612 3366 1658 et
3392 1601 3510 1658 dis-

1932 1702 2182 1763 ponente.

310 1880 388 1952 [p.
407 1853 532 1935 5H5.
555 1879 632 1952 a.]
648 1883 896 1936 Φωτίου.
922 1882 996 1935 Οὐ
1019 1853 1124 1951 μὴν
1142 1853 1480 1947 ὑποληπτέον
1498 1880 1578 1933 δτι
1594 1880 1628 1949 ή
1645 1880 1822 1949 παρά-

1999 1899 2149 1955 CAP.
2182 1900 2374 1958 XXIV.
2412 1900 2576 1960 Vsus.
2614 1904 2703 1959 51.
2744 1903 2946 1958 Pltotii.
2981 1903 3096 1958 Non
3126 1903 3383 1973 equidem
3419 1902 3509 1957 in-

234 1970 393 2032 ϐασις
412 1971 539 2033 τοὺς
555 1970 866 2039 ὀφθαλμοὺς
891 1972 1114 2023 ἐκείνων
1145 1970 1431 2040 διήνοιξεν,
1460 1970 1663 2038 ἄπαγε.
1686 1971 1822 2024 Οὐδὲ

235 2061 371 2130 γάρ,
400 2063 508 2113 οὐδ’
529 2065 586 2114 ὲν
617 2063 753 2129 αὐτῇ
789 2063 1098 2131 παραϐάσει
1128 2064 1441 2132 γέγραπται
1472 2062 1598 2126 τοὺς
1626 2061 1825 2130 ὀφθαλ-

241 2152 375 2220 μοὺς
407 2151 586 2204 αὐτῶν
625 2152 944 2222 διηνοῖχθαι,
990 2152 1125 2205 ἀλλά
1161 2153 1297 2222 μετὰ
1337 2152 1436 2222 τὴν
1486 2153 1820 2222 παράϐασιν.

239 2243 420 2308 Ὅπερ
435 2239 675 2293 τοιοῦτόν
695 2242 832 2295 ἐστι.
860 2240 1016 2295 Μετᾶ
1042 2242 1136 2311 τήν
1169 2243 1444 2311 ἁμαρτίαν
1470 2241 1545 2305 ὡς
1566 2243 1634 2296 τὰ
1655 2245 1824 2299 πολλά

238 2331 535 2397 ἐπίγνωσις
565 2329 660 2382 τοῦ
688 2331 1086 2401 ἁμαρτήματος
1114 2332 1349 2400 γίνεται,
1380 2333 1475 2386 καὶ
1502 2334 1563 2387 τὸ
1596 2334 1823 2405 μέγεθος

239 2421 338 2473 τοῦ
391 2421 743 2491 τολμήματος
790 2423 912 2475 τότε
962 2422 1167 2491 μᾶλλον
1212 2422 1671 2491 ὲπιγινώσκεται.ἶ
1712 2425 1821 2479 Τοῦ

238 2512 352 2583 γάρ
386 2512 849 2584 ἐπιπροσθοῦντος
898 2512 1103 2576 πάθους
1152 2516 1245 2567 καὶ
1274 2513 1552 2578 κινοῦντος
1605 2515 1823 2584 οῖστρου

241 2604 381 2674 πρὸς
414 2604 511 2675 τὴν
531 2604 826 2674 ἁμαρτίαν,
857 2607 999 2673 μετά
1040 2606 1138 2674 τὴν
1171 2604 1439 2676 ἔκθεσμον
1484 2605 1681 2676 πρᾶξιν
1722 2622 1822 2659 πε-

242 2697 549 2765 παυμένον,
584 2696 706 2749 τότε
737 2696 925 2765 ὥσπερ
947 2696 1213 2766 διακύψας
1243 2698 1341 2765 τῆς
1373 2697 1574 2765 πολλῆς
1606 2698 1825 2767 ἐκείνης

244 2788 445 2857 ἀχλύος
474 2791 502 2842 ό
529 2788 786 2858 λογισμὸς
809 2790 903 2841 καὶ
931 2790 1212 2859 ἀνανήψας
1237 2790 1412 2859 ἐφορᾷ
1441 2790 1509 2843 τὰ
1570 2807 1824 2860 πεπραγ-

251 2878 389 2946 μένα
421 2878 516 2929 καὶ
566 2880 645 2939 είς
696 2878 815 2930 οἷαν
864 2878 1195 2930 κατάστασιν
1237 2877 1297 2941 ἐξ
1322 2878 1441 2940 οἵας
1498 2879 1822 2948 μετηνέχθη,

250 2969 454 3035 μᾶλλον
500 2968 768 3039 λαμϐάνει
815 2969 916 3039 τὴν
950 2970 1324 3039 συναίσθησιν,
1357 2968 1540 3023 καὶτὸ
1588 2970 1826 3033 συνειδὸς

248 3061 553 3131 τιτρῶσκον
578 3061 741 3113 αὐτὸν
771 3063 863 3114 καὶ
892 3061 1158 3132 διεγεῖρον
1186 3062 1309 3131 ἔχον
1330 3101 1346 3125 ,
1379 3060 1659 3114 διαϐλέπει
1690 3079 1824 3131 τρα-

252 3151 355 3212 νῶς
387 3150 423 3205 ἃ
452 3150 545 3203 τοῦ
575 3150 775 3214 πάθους
809 3152 1285 3223 έπιπροσθοῦντος,
1309 3152 1407 3222 οὐχ
1449 3152 1649 3221 ὁμοίως
1674 3152 1822 3205 έϐλε-

252 3261 375 3297 πεν·
410 3243 584 3307 ἄλλως
615 3243 671 3297 δὲ
700 3244 835 3313 πρὸς
854 3245 953 3313 τὴν
971 3245 1243 3314 ἁμαρτίαν
1264 3243 1489 3303 ἕκαστος
1517 3245 1731 3316 χωρῶν,
1765 3241 1844 3308 οἷς

252 3337 283 3385 ό
316 3336 543 3405 πονηρὸς
598 3334 1040 3405 διαγαργαλίζων
1097 3352 1157 3387 τε
1191 3338 1287 3388 καὶ
1325 3335 1640 3403 ὑποθέλγων
1700 3337 1847 3405 ἡμᾶς

254 3426 562 3496 ἐκθηλύνει,
595 3428 689 3480 καὶ
716 3427 914 3495 γνόφου
963 3427 1181 3498 πληροῖ,
1212 3429 1631 3496 κεκαρωμένους
1655 3430 1845 3498 ὥσπερ

256 3523 416 3589 φέρει
459 3520 585 3582 τοὺς
632 3520 945 3589 λογισμοὺς,
978 3522 1074 3574 καὶ
1114 3522 1513 3592 πεπηρωμένον
1540 3522 1599 3574 τὸ
1626 3523 1850 3575 ὀπτικὸν

256 3613 359 3677 τῆς
381 3609 727 3678 διακρίσεως.
748 3610 903 3663 Μετὰ
919 3610 975 3662 δὲ
1000 3610 1099 3680 τὴν
1140 3610 1341 3682 πρᾶξιν
1368 3610 1462 3664 ὑπ’
1490 3611 1611 3679 ὖψιν
1638 3613 1760 3679 ἄγει
1790 3613 1849 3665 τὸ

256 3697 549 3767 τολμηθὲν,
578 3699 670 3749 καὶ
693 3698 1060 3752 ἀνακαλύπτει
1088 3700 1323 3770 πικρῶς,
1354 3699 1383 3752 δ
1409 3700 1672 3771 πρότερον
1718 3702 1848 3753 πολ-

259 3790 382 3852 λαῖς
420 3787 685 3858 μηχαναῖς
720 3790 1141 3843 συνεκάλυπτεν·
1179 3786 1319 3855 εἶτα,
1356 3791 1435 3844 δι’
1463 3785 1539 3846 ὧν
1583 3794 1844 3862 κατάφω-

264 3899 361 3951 ρον
386 3882 476 3935 τὸν
505 3882 667 3949 ϐγκον
700 3883 954 3937 ἀποτελεῖ
985 3884 1079 3937 τοῦ
1120 3886 1489 3956 τολμήματος,
1527 3888 1663 3957 πρὸς
1714 3888 1845 3941 ἀπό⁸

263 3987 465 4038 γνωσιν
502 3971 664 4024 ὠθεῖν
711 3974 968 4043 πειρᾶται
996 3976 1087 4027 τὸν
1131 3976 1544 4045 άμαρτήσαντα.
1586 3977 1653 4030 Τὸ
1698 3977 1850 4046 γοῦν,

264 4064 713 4131 Διηνοιχθησαν
763 4062 963 4116 αὐτῶν
1008 4067 1062 4117 σί
1109 4066 1514 4136 ὀφθαλμοί,οὐ
1572 4070 1705 4139 πρὸς
1759 4070 1851 4123 τὸν

264 4154 579 4224 ἔμπροσθεν
625 4154 839 4223 χρόνον,
863 4154 983 4206 οὐδὲ
1033 4156 1163 4225 πρὶν
1196 4156 1229 4227 ἢ
1259 4158 1357 4226 τῆς
1386 4158 1605 4227 ἐντολῆς
1654 4159 1853 4223 αὐτοὺς

265 4246 543 4307 ἐκπεσεῖν,
578 4244 985 4315 παραληπτέον.
1010 4246 1144 4299 Τότε
1169 4249 1277 4317 γὰρ
1304 4249 1684 4318 ήνεῳγμένους
1708 4246 1854 4319 εῐχον

269 4336 493 4407 μᾶλλον,
516 4336 684 4407 μήπω
700 4336 793 4389 τοῦ
827 4336 1002 4405 δφεως
1014 4342 1123 4402 τοῖς
1147 4339 1496 4411 ψιθυρισμοῖς
1513 4341 1855 4397 ὑποκλαπέν-

269 4443 385 4489 τες,
404 4428 495 4479 καὶ
518 4428 750 4497 συνορᾷν
777 4426 838 4480 τὸ
860 4430 1156 4495 πρακτέον,
1190 4430 1493 4501 ὲγρήγορον
1520 4430 1714 4502 ἔφερον
1751 4432 1850 4503 τὴν

1929 1989 2275 2059 tclligendum
2320 2007 2512 2048 eorum
2556 1994 2748 2049 oculos
2802 1995 3239 2063 transgressione
3288 2004 3511 2063 apertos

1927 2078 2121 2146 fuisse,
2166 2083 2331 2138 absit.
2367 2081 2556 2154 Neque
2589 2087 2735 2139 enim
2796 2086 2852 2139 in
2914 2088 3031 2155 ipsa
3068 2087 3510 2155 transgressione

1929 2170 2190 2241 scriptum
2222 2181 2307 2228 est
2336 2183 2555 2243 apertos
2587 2174 2753 2230 fuisse
2775 2191 2967 2230 eorum
3002 2177 3215 2239 oculos,
3258 2176 3351 2229 sed
3386 2182 3507 2243 post

1929 2265 2438 2332 transgressionem.
2518 2264 2663 2321 Idem
2720 2276 2804 2321 est
2852 2268 2997 2335 quod
3049 2276 3173 2335 post
3225 2273 3510 2334 peccatum

1928 2355 2104 2424 major
2143 2357 2387 2427 cognitio
2409 2355 2631 2413 offensa:
2646 2358 2831 2421 datur,
2854 2366 2908 2413 et
2925 2358 3168 2411 audacia:
3192 2355 3512 2425 magnitudo

1931 2452 2059 2498 tunc
2089 2446 2264 2515 magis
2299 2448 2668 2517 cognoscitur.
2723 2447 2860 2501 Nam
2914 2446 3217 2501 offuscante
3264 2448 3511 2499 animum

1930 2531 2187 2600 passione
2216 2542 2271 2588 et
2301 2534 2354 2587 in
2380 2544 2662 2603 peccatum
2692 2534 2899 2589 furiose
2935 2545 3206 2596 movente,
3225 2531 3514 2601 postnefa-

1931 2624 2067 2677 riam
2087 2634 2268 2680 autem
2287 2626 2560 2681 actionem
2579 2627 2886 2691 desinente,
2908 2637 3064 2692 tunc,
3088 2631 3232 2679 velut
3252 2627 3321 2678 ab
3342 2640 3513 2692 opaea

1933 2711 2024 2765 illa
2056 2714 2203 2767 nube
2232 2720 2288 2767 et
2325 2714 2485 2783 quasi
2534 2714 2800 2771 ebrietate
2841 2716 3023 2771 soluta
3073 2715 3214 2768 ratio
3242 2716 3513 2767 actionem

1933 2801 2198 2865 intuetur,
2241 2813 2295 2858 et
2326 2818 2452 2857 cum
2488 2806 2542 2858 in
2576 2806 2739 2859 alium
2773 2820 2838 2860 ex
2870 2805 2979 2860 alio
3030 2814 3234 2859 statum
3278 2805 3516 2858 adducta

1933 2900 2041 2954 est,
2080 2894 2255 2965 magis
2300 2896 2697 2950 conscientiam
2736 2896 2909 2961 audit,
2941 2911 3065 2965 qua:
3104 2896 3254 2950 velut
3306 2893 3517 2949 aculeis

1933 2995 2120 3049 pressa
2156 2992 2211 3036 et
2240 2985 2475 3039 excitata
2533 2986 2680 3040 clare
2730 2987 3001 3056 conspicit
3030 3024 3047 3048 ,
3087 3001 3210 3056 qua:
3258 2983 3519 3054 passione

1933 3070 2233 3126 oll‘uscante
2262 3086 2369 3125 non
2396 3074 2587 3128 eadem
2615 3074 2841 3129 viderat.
2878 3075 3047 3128 Aliter
3076 3084 3257 3127 autem
3289 3072 3358 3127 ad
3385 3086 3515 3141 pec-

1943 3172 2124 3218 catum
2160 3163 2391 3233 quisque
2424 3166 2612 3229 tendit,
2640 3180 2764 3219 cum
2795 3165 3086 3233 malignus,
3129 3164 3334 3234 quibus
3360 3164 3519 3218 blan-

1946 3257 2103 3311 diens
2129 3268 2185 3311 et
2214 3256 2501 3313 incantans
2524 3274 2625 3313 uos
2641 3257 2886 3312 debilitat
2913 3268 2967 3313 et
2994 3258 3234 3312 tenebris
3262 3257 3520 3324 complet,

1947 3352 2281 3422 soporiferas
2320 3354 2559 3408 rationes
2598 3353 2842 3418 adducit,
2903 3363 2958 3407 et
3006 3352 3227 3407 oculum
3283 3349 3524 3404 occludit

1947 3444 2314 3499 conscientiae.
2350 3443 2456 3498 Sed
2489 3453 2612 3512 post
2640 3443 2935 3505 actionem,
2983 3451 3112 3497 ante
3147 3444 3337 3496 oculos
3372 3440 3527 3510 ponit

1950 3534 2094 3603 quod
2130 3550 2325 3589 ausum
2357 3544 2459 3595 est.
2496 3544 2551 3588 et
2585 3548 2769 3588 amare
2795 3533 2991 3601 aperit,
3016 3533 3163 3602 quod
3201 3533 3352 3601 prius
3378 3532 3525 3585 mul-

1950 3626 2021 3679 tis
2053 3625 2262 3678 artibus
2296 3625 2606 3688 velaverat;
2634 3623 2851 3689 deinde,
2888 3632 2950 3677 ut
2996 3621 3349 3677 manifestam
3391 3620 3527 3676 faci-

1954 3716 2102 3771 noris
2131 3716 2451 3785 gruvitatem
2477 3723 2842 3777 consummet,
2880 3715 2933 3768 in
2960 3712 3401 3784 desperationem
3444 3714 3527 3765 in-

1948 3805 2117 3873 jicere
2152 3805 2344 3859 nititur
2375 3814 2740 3873 peccatorcm.
2775 3803 2908 3857 Illud
2939 3803 3107 3873 igitur
3139 3820 3152 3857 :
3188 3803 3372 3871 Aperta“
3403 3810 3530 3856 sunt

1953 3898 2312 3961 oculieorum,
2345 3911 2454 3951 non
2500 3895 2825 3965 praecedenti
2857 3904 3119 3963 tempore,
3164 3909 3342 3963 neque
3376 3902 3530 3948 ante-

1952 4001 2112 4055 quam
2137 3987 2187 4038 in
2216 3986 2533 4037 mandatum
2560 3987 2953 4053 peccavissent,
2978 3984 3386 4053 intelligendum
3408 3991 3526 4039 est:

1956 4077 2187 4143 Quando
2216 4078 2360 4131 enim
2395 4077 2589 4130 oculos
2626 4074 2898 4129 habebant
2924 4084 3142 4143 apertos
3170 4074 3366 4143 magis,
3393 4087 3532 4128 non-

1954 4175 2083 4229 dum
2110 4172 2382 4241 serpentis
2410 4170 2618 4239 decepti
2650 4168 2962 4230 fraudibus,
3016 4177 3070 4221 et
3118 4168 3186 4221 ad
3235 4169 3528 4221 videndum

1955 4262 2084 4333 quid
2116 4262 2381 4329 agendum
2406 4270 2573 4323 esset,
2594 4258 2809 4327 vigilem
2836 4259 3097 4327 gerebant
3115 4267 3371 4311 mentem.
3393 4255 3531 4310 Cum

1960 4355 2123 4425 igitur
2148 4352 2331 4407 videre
2358 4366 2464 4405 non
2490 4361 2760 4419 poterant,
2796 4351 2849 4403 in
2886 4360 3166 4420 peccatum
3199 4348 3530 4403 inciderunt.

1962 4449 2003 4501 Ε
2032 4444 2308 4501 contrario
2362 4452 2544 4498 autem
2576 4445 2668 4513 qui
2719 4445 2773 4498 in
2816 4454 3097 4513 peccatum
3149 4443 3364 4511 agendo
3400 4443 3532 4496 caeci

266 4517 529 4571 διάνοιαν.
548 4516 756 4570 Οὐκοῦν
775 4519 837 4570 τὸ
858 4518 1072 4587 βλέπειν
1088 4520 1188 4572 οὐκ
1206 4519 1440 4589 ἔχοντες,
1458 4522 1551 4575 ἐπὶ
1567 4522 1664 4592 τῆς
1677 4525 1839 4594 άμαρι

1963 4546 2139 4603 erant,
2172 4549 2395 4609 peracto
2428 4545 2653 4608 peccato
2698 4536 2874 4591 visum
2922 4542 3403 4603 recuperaverunt.
3452 4532 3535 4587 lbi

269 4609 393 4670 τίας
455 4607 735 4660 ἀνέλαϐον·
766 4609 1076 4662 τούναντίον
1110 4610 1166 4662 δὲ
1197 4609 1297 4681 τὴν
1346 4610 1623 4682 ἁμαρτίαν
1664 4614 1724 4666 ὲν
1773 4614 1853 4683 τῷ

272 4702 539 4767 πράττειν
580 4699 981 4768 τυφλώττοντες
1017 4743 1031 4767 ,
1094 4702 1451 4772 πεπαυμένης
1497 4703 1597 4775 τήν
1662 4707 1855 4776 ὅρασιν

272 4793 649 4860 ἀνεκτήσαντο
690 4807 703 4822 ·
758 4791 990 4845 ἐνταῦθα
1025 4793 1209 4860 μέντοι
1236 4793 1317 4858 τὸ,
1347 4795 1790 4861 Διηνοιχθησαν
1808 4798 1863 4849 οι

271 4882 595 4953 ὀφθαλμοί,
628 4884 749 4934 ἀντὶ
781 4883 895 4947 τοῦ,
938 4882 999 4936 τὸ
1022 4884 1237 4953 βλέμμα
1266 4883 1445 4937 αὐτῶν
1486 4884 1697 4957 ὠξύνθη
1728 4886 1863 4956 πρὸς

271 4978 594 5043 ἐπίγνωσιν·
622 4977 890 5047 ᾠκονόμει
920 4977 1024 5048 γάρ
1046 4979 1183 5041 τέως
1203 4980 1233 5031 ό
1270 4978 1473 5049 Κύριος
1512 4979 1575 5032 τὸ
1608 4979 1682 5050 μὴ
1720 4997 1859 5049 γνω-

274 5066 477 5133 σθῆναι
504 5068 709 5131 αὐτοῖς,
743 5069 905 5137 μέχρι
933 5068 1033 5136 τῆς
1059 5067 1155 5119 τοῦ
1179 5068 1347 5137 ἁρτου
1373 5069 1636 5131 κλάσεως.

353 5159 430 5231 [p.
468 5160 573 5214 517
606 5158 683 5230 a.]
726 5160 834 5213 Τοῦ
866 5159 1073 5214 αὐτοῦ.
1105 5159 1393 5230 Συντέμνει
1422 5162 1519 5231 τὴν
1548 5161 1860 5231 ὑπόσχεσιν,

272 5257 368 5308 διὰ
399 5252 495 5320 τὴν
520 5251 866 5320 ὀλιγοψυχίαν
883 5253 989 5303 τῶν
1019 5252 1305 5321 μαθητῶν·
1335 5254 1429 5305 καὶ
1459 5254 1545 5305 διά
1570 5253 1727 5307 τοῦτο
1760 5258 1865 5325 πρὸ

275 5345 383 5411 τῆς
402 5340 683 5402 Γαλιλαίας
706 5343 762 5392 ὲν
784 5342 967 5403 αὐτοῖς
1002 5341 1410 5411 Ἰεροσολύμοις,
1428 5344 1606 5405 αὐτοῖς
1630 5346 1863 5412 ἐμφανί-

276 5437 456 5500 ζεται,
494 5436 585 5486 καὶ
620 5434 681 5486 οὐ
712 5433 883 5502 δήπου
914 5432 1071 5485 τοῦτο
1118 5434 1212 5503 τῆς
1244 5434 1574 5502 ἐπαγγελίας
1610 5438 1862 5507 παράϐα-

279 5544 393 5587 σις.
437 5525 640 5592 Ταχεῖα
660 5524 717 5576 δὲ
753 5524 954 5590 μᾶλλον
980 5525 1044 5575 ὲκ
1079 5524 1277 5593 πολλῆς
1328 5525 1736 5594 φιλανθρωπίας
1770 5528 1862 5579 ὲκ-

280 5617 590 5679 ιτλήρωσις·
628 5615 782 5684 ὤφθη
810 5615 864 5667 δὲ
898 5615 1036 5683 μετὰ
1056 5615 1227 5668 ταῦτα
1268 5616 1360 5668 καὶ
1392 5618 1448 5667 ὲν
1478 5620 1543 5685 τῇ
1586 5618 1861 5688 Γαλιλαίᾳ,

279 5710 375 5761 ὅτε
388 5706 629 5776 ἀπῆλθον
641 5709 771 5759 ἐκεῖ·
795 5709 838 5759 Ἀ
849 5707 1173 5770 πελθόντες
1192 5706 1259 5774 γά
1268 5723 1319 5774 ρ,
1333 5708 1516 5777 φησὶν,
1532 5707 1859 5778 ὄψεσθέμε.

1964 4641 2096 4695 ergo
2119 4629 2318 4682 dicitur
2348 4647 2360 4682 :
2390 4627 2570 4694 Apcrlt'
2593 4635 2716 4679 sunt
2746 4640 2929 4679 eorum
2962 4624 3121 4686 oculi,
3151 4634 3411 4693 tanquam
3446 4624 3533 4678 di—

1966 4728 2202 4782 ceretur,
2231 4721 2381 4773 visus
2410 4734 2601 4772 eorum
2634 4717 2805 4787 magis
2838 4716 2904 4771 ad
2940 4717 3305 4785 cognitionem
3342 4726 3538 4769 acutus

1967 4807 2142 4864 factus
2181 4819 2283 4864 est.
2315 4809 2564 4876 Disponit
2594 4810 2738 4863 enim
2778 4807 3040 4863 Dominus
3071 4824 3141 4863 ne
3172 4810 3436 4864 hactenus
3466 4808 3536 4862 ab

1967 4901 2073 4954 illis
2106 4910 2384 4962 noscatur,
2408 4915 2582 4971 usque
2604 4900 2671 4954 ad
2699 4898 3024 4954 fractionem
3074 4899 3252 4969 panis.

2034 5162 2198 5218 Vens.
2227 5162 2315 5225 36,
2348 5160 2624 5231 Ejusdem.
2679 5161 3103 5217 Promissionem
3152 5163 3405 5226 reducit,
3467 5167 3538 5217 ob

1966 5256 2357 5323 discipulorum
2408 5254 2911 5322 pusillanimitatem
2969 5264 3023 5308 et
3083 5266 3370 5325 propterea
3430 5271 3540 5325 prie

1966 5345 2183 5398 Gulilaea
2214 5346 2347 5413 ipsis
2373 5341 2726 5413 Jerosolymis
2750 5344 2858 5399 illis
2890 5355 3134 5414 apparet,
3162 5357 3216 5400 et
3240 5347 3291 5401 id
3314 5349 3541 5403 minime

1966 5447 2052 5491 est
2084 5436 2336 5504 promissi
2368 5435 2588 5489 violatio
2617 5453 2630 5499 ;
2684 5436 2879 5491 celeris
2907 5437 3088 5506 potius
3126 5448 3209 5491 est
3250 5455 3313 5492 ex
3342 5454 3541 5507 magna

1966 5530 2232 5585 cliaritnte
2261 5527 2521 5596 impletio.
2556 5524 2719 5582 Visus
2765 5536 2847 5582 est
2905 5538 3083 5583 autem
3121 5531 3355 5597 posthac
3394 5540 3447 5583 et
3483 5531 3540 5583 in

1969 5620 2206 5682 Galilaa,
2234 5621 2358 5687 quia
2398 5619 2502 5674 huc
2549 5620 2811 5675 obiciant.
2857 5620 2996 5673 Dicit
3035 5623 3178 5675 cnim
3215 5640 3225 5674 :
3262 5621 3413 5676 Abite
3440 5660 3453 5685 ,
3489 5634 3538 5674 et

1967 5712 2203 5765 videbitis
2235 5727 2330 5763 me.
