4156 6438
247 405 381 472 1233

1041 413 1498 477 FRAGMENTA
1560 416 1642 479 IN
1693 419 2117 483 EPIS‘I‘OLAM
2169 424 2273 487 AD
2308 424 2684 489 ROMANOS.

3354 437 3488 502 1234

244 518 427 591 λησεν,
461 520 541 575 διδ
566 524 659 577 καὶ
685 523 819 593 πρὸς
848 526 945 596 τὴν
984 527 1203 583 ἐκείνων
1227 528 1674 597 συγκαταϐαίνων
1698 531 1815 585 διά-

1915 534 2056 586 rlicta
2098 533 2314 591 loeutus
2351 544 2458 603 est,
2501 548 2783 609 propterea
2834 540 2900 594 ad
2953 556 3143 597 eorum
3184 544 3489 618 intelligen-

242 627 390 662 νοιαν
429 612 911 683 (παραμυθεῖσθαι
938 619 1045 688 γὰρ
1074 619 1271 682 αὐτοὺς
1303 620 1421 675 ἀλλ’
1452 620 1513 673 οὐ
1541 621 1811 676 διδάσκειν

239 699 335 754 νῦν
364 702 461 774 τὴν
485 705 584 775 τῆς
611 706 889 775 θεολογίας
920 709 1206 777 ἀκρίϐειαν
1252 711 1563 781 ἐϐούλετο),
1600 713 1809 783 ἀνθρω-

238 791 560 863 πινώτερον,
591 798 686 849 καὶ
716 796 791 860 ῶς
815 799 1013 851 ὲκείνοι
1041 799 1302 869 ἠδύναντο
1345 804 1809 872 παραμυθεῖσθαι,

237 878 563 949 διαλέγεται,
604 886 879 954 Τήρησον
920 889 1162 955 αὐτοὺς,
1204 890 1398 959 λέγων,
1446 894 1563 955 καὶ,
1603 894 1703 948 Ἐν
1733 891 1812 963 τῷ

237 971 483 1040 ὀνόματί
499 990 637 1029 σουο
662 979 778 1041 καὶ,
800 978 929 1032 Ὅτε
948 978 1111 1049 ἥμην
1126 980 1198 1033 ἐν
1214 978 1294 1045 τῷ
1314 984 1539 1051 κόσμῳ.
1556 983 1812 1053 ἐτήρουν

237 1062 481 1129 αὐτοὺς,
527 1066 621 1118 καὶ
652 1067 721 1120 τά
759 1069 943 1137 ὅμοια.
988 1071 1179 1141 Χαράν
1208 1071 1267 1125 δλ
1294 1072 1394 1143 τὴν
1430 1073 1592 1143 ἐμὴν,
1622 1076 1809 1145 φησὶν,

237 1146 348 1204 οἷον
372 1153 472 1223 τὴν
496 1157 899 1229 πνευματικὴν,
926 1158 1025 1230 τὴν
1070 1160 1431 1230 στηρίζουσαν
1458 1162 1659 1231 ψυχὰς,
1692 1162 1811 1217 ἀλλ’

236 1245 359 1313 οὐχὶ
382 1248 637 1320 τοιαύτην
683 1245 803 1304 οἷαν
833 1252 863 1304 ό
894 1252 1099 1322 κόσμος
1148 1254 1280 1323 ἔχει,
1330 1253 1420 1307 διὰ
1451 1256 1664 1325 τρυφῆς
1712 1256 1810 1310 καὶ

236 1333 437 1403 ἡδονῶν
470 1339 564 1391 καὶ
597 1342 924 1409 σωματικῶν
952 1343 1253 1407 εὐπαθείας
1282 1346 1701 1417 συνισταμένην.

1908 625 2038 678 tiam
2063 625 2444 695 descendens;
2484 630 2756 685 consolari
2792 635 2939 687 enim
2991 650 3109 697 eos.
3141 653 3249 692 non
3304 651 3484 695 autem

1908 716 2104 772 docere
2131 734 2279 773 nunc
2312 720 2597 791 theologia:
2652 724 2935 778 veritatem
2970 727 3206 782 volebat.
3267 728 3485 783 lluina-

1912 822 2041 860 mun
2076 809 2248 879 magis
2270 811 2564 876 quoddam,
2591 815 2805 882 etquod
2839 816 2961 871 illos
2990 818 3262 874 consolari
3289 823 3481 888 possit,

1909 898 2218 966 exponitur.
2254 897 2417 955 Serva
2440 902 2580 965 illos,
2623 904 2799 975 inquit
2824 923 2840 972 ;
2865 916 2920 962 et
2952 927 2965 963 :
3004 907 3071 963 In
3101 912 3311 964 nomine
3362 921 3483 975 tuo;

1911 996 1966 1041 et
1992 1002 2007 1042 :
2043 988 2177 1042 Cum
2202 1006 2368 1044 essem
2392 992 2446 1045 in
2473 994 2688 1061 mundo,
2737 999 3012 1052 amabant
3040 1015 3149 1065 eos,
3181 1010 3235 1055 et
3259 1003 3481 1056 similia.

1911 1078 2179 1137 Caudium
2213 1093 2393 1139 autem
2433 1102 2641 1154 meum,
2681 1091 2881 1161 inquit,
2912 1104 2974 1149 ut
3026 1096 3327 1165 spirituale,
3362 1101 3483 1151 ani-

1911 1185 2029 1225 mas
2086 1173 2452 1239 llrmans,sed
2508 1193 2618 1235 non
2645 1183 2807 1251 quale
2858 1185 3103 1241 mundus
3166 1188 3353 1252 habet,
3387 1204 3485 1242 vo-

1907 1262 2130 1330 luptate,
2184 1265 2397 1324 deliciis
2450 1280 2507 1326 et
2535 1274 2914 1344 corporalibus
2990 1277 3297 1334 commodis
3344 1295 3482 1334 con-

237 1446 359 1501 Hec
387 1449 548 1504 habet
586 1450 649 1517 Β,
676 1452 772 1508 sed
808 1451 1009 1510 [ursam
1039 1453 1399 1551 Photi‘ijunnt‘,
1527 1458 1706 1551 multa.
1731 1460 1865 1551 alia,
1899 1463 2115 1551 scholia_
2140 1483 2263 1551 qua:
2298 1470 2695 1551 interiecitiste
2723 1477 2869 1542 cod.,
2894 1478 2992 1533 sed
3024 1479 3245 1534 nomine
3271 1480 3393 1551 ejus
3427 1482 3482 1537 in

953 1540 1129 1594 marg.
1188 1525 1396 1595 scripto
1424 1526 1504 1581 sic
1529 1521 1637 1595 φῶ.
1662 1526 1802 1587 Huic
1829 1521 2012 1587 autem
2039 1521 2258 1592 scholio'
2276 1521 2736 1600 ιίᾶιῖἦῆύῆξῇ

285 1701 432 1717 —

1886 1716 3457 1747 -——-——-—.__.___________

549 1846 1262 1939 FRAGMENTA
1309 1850 1431 1941 IN
1510 1851 2159 1944 EPISTOLAS
2227 1859 2641 1952 SANCTI
2746 1866 3147 1958 PAULI.

1506 2022 1587 2080 Ex
1608 2022 1815 2081 Catena
1832 2022 2210 2082 Crameriaua.

1216 2232 1269 2295 Ι.
1312 2232 1395 2295 IN
1427 2234 1885 2298 EPISTOLAM
1919 2237 2026 2297 AD
2072 2235 2483 2299 ROMANOS.

1620 2362 1882 2427 (Clausa.
1912 2372 1951 2418 t.
1974 2361 2089 2433 IV.)

240 2581 401 2639 Ἀλλ’
448 2581 850 2637 ἐϐασίλευσεν
868 2584 917 2662 -ό
958 2581 1213 2662 ρᾶηατος
1250 2584 1372 2641 ἀπὸ
1407 2585 1583 2656 Ἀδὰμ
1620 2588 1790 2659 μέχρι

1895 2588 2043 2647 CAP.
2080 2588 2140 2644 ν.
2197 2588 2363 2645 Vens.
2399 2590 2484 2647 Ν.
2559 2589 2664 2646 Sed
2713 2592 2958 2662 regnavit
3007 2609 3149 2649 mors
3189 2598 3254 2649 ab
3298 2595 3475 2652 Adam

859 2653 1175 2720 Μωῦσέως.

296 2744 544 2799 Φωτίου.
577 2744 717 2814 τρία
748 2745 896 2798 ἐστὶν
925 2747 985 2800 ιν
1019 2745 1231 2812 τούτοις
1269 2748 1385 2813 τοῖς
1418 2748 1798 2821 παρασολικῶς

226 2835 479 2905 ἀλλήλοις
528 2836 938 2907 παρατεθείσιν,
999 2839 1257 2909 ὁμοιότης
1301 2857 1408 2906 τις,
1461 2841 1795 2914 ἐναντιότης,

225 2926 525 2996 ὑπερϐολή.
579 2927 737 2981 Κατά
793 2928 890 2998 τὴν
943 2928 1240 2999 ὁμοιότητα
1286 2931 1600 3003 ἐναντιότης
1656 2933 1793 3003 μιν,

225 3017 493 3086 ἁμαρτία,
511 3018 917 3089 ἀναμάρτητον·
947 3019 1117 3090 ἔχθρα
1143 3022 1281 3090 πρὸς
1300 3023 1453 3090 θεὸν,
1477 3024 1793 3096 καταλλαγὴ

224 3108 361 3178 πρὸς
386 3108 538 3162 Θεόν’
559 3110 899 3182 κατάκριμα,
923 3110 1197 3182 δικαίωμα
1222 3128 1236 3142 ·
1261 3114 1509 3169 ἀπώλεια
1531 3116 1624 3167 καὶ
1655 3116 1797 3169 πτῶ-

225 3216 304 3268 μα
333 3200 427 3251 καὶ
457 3199 705 3265 θάνατος,
737 3203 981 3273 σωτηρία
1010 3203 1101 3256 καὶ
1127 3200 1241 3274 ζωὴ
1270 3206 1366 3258 καὶ
1394 3206 1710 3272 ἀνάστασις.
1730 3208 1796 3263 Ἠ

226 3290 325 3355 μὲν
343 3288 436 3342 οὖν
466 3290 775 3362 ἐναντιότης
797 3294 855 3345 ὲν
884 3292 1113 3357 τούτοις·
1144 3296 1178 3365 η
1209 3294 1269 3348 δι
1299 3296 1576 3367 ὁμοιότης,
1607 3298 1795 3369 ὥσπερ

221 3383 290 3435 δι’
330 3384 450 3447 ἑνὸς
474 3387 587 3449 τοῖς
619 3387 788 3440 πᾶσιν
817 3389 1139 3456 ἐπιγέγονεν
1163 3404 1178 3420 ⁸
1223 3392 1255 3462 η
1296 3392 1354 3445 δὲ
1384 3392 1677 3465 ὑπερϐολὴ,
1710 3396 1793 3448 ὅτι

222 3475 315 3527 ἐπὶ
343 3476 443 3544 μὲν
476 3478 589 3529 τῶν
617 3479 879 3549 χειρόνων
917 3481 1282 3549 συνέπραξαν,
1312 3483 1393 3554 τῷ
1426 3486 1507 3537 ἐνὶ
1528 3488 1576 3537 οἱ
1613 3486 1793 3539 πολλοὶ

220 3566 315 3618 ἐπὶ
360 3567 423 3620 τὸ
474 3570 767 3638 μετασχεῖν
818 3570 1004 3633 αὐτοῖς
1040 3572 1150 3625 τῶν
1190 3573 1406 3639 κακῶν,
1453 3576 1545 3627 ἐπὶ
1590 3576 1647 3629 δέ
1685 3577 1793 3631 τῶν

220 3657 521 3725 ἀμεινόνων
554 3657 749 3725 οὐδεὶς,
796 3660 1131 3730 συνέπραξεν
1170 3662 1306 3716 ἀλλά
1342 3665 1501 3734 μόνον
1536 3666 1630 3719 τοῦ
1676 3669 1793 3729 ἑνὸς

218 3746 457 3818 Χριστοῦ
486 3750 547 3801 τδ
592 3752 837 3820 χάρισμα
874 3752 1122 3821 γέγονεν.
1154 3753 1319 3808 Ὠστε
1352 3756 1449 3827 οὐχ
1470 3757 1671 3828 ὁμοίως
1699 3761 1793 3813 καὶ

220 3835 441 3905 ἐπίσης,
480 3836 614 3892 ἀλλά
655 3839 779 3892 καθ’
808 3839 1116 3912 ὑπερϐολὴν
1156 3843 1253 3897 καὶ⁵
1296 3845 1362 3897 ἐκ
1410 3849 1727 3915 περισσείας
1754 3852 1788 3918 ἡ

217 3927 492 3998 ὁμοιότης.
509 3928 679 3982 Πάλιν
693 3929 780 3982 διὰ
794 3930 889 3983 τού
919 3932 1089 4002 Ἀδὰμ
1107 3933 1216 3987 τῶν
1235 3936 1496 4005 χειρόνων
1512 3940 1790 4009 εἰσαχθέν-

2398 2678 2562 2732 itaque
2596 2662 2667 2716 ad
2702 2659 2940 2733 Moysen.

1968 2747 2168 2805 Phatii.
2210 2749 2337 2805 ‘l‘ria
2369 2758 2498 2806 sunt
2528 2751 2583 2806 in
2617 2752 2701 2807 bis
2748 2752 3058 2821 parabolice
3101 2753 3244 2810 inter
3286 2771 3345 2812 se
3387 2756 3473 2811 in-

1893 2837 2069 2893 vicem
2100 2836 2313 2893 collatis
2332 2876 2348 2901 ,
2376 2837 2682 2892 similitudo
2710 2839 2957 2909 quaedam
2979 2879 2995 2904 ,
3031 2842 3337 2910 oppusitio.
3373 2843 3473 2913 by-

1894 2928 2133 2998 perbole.
2158 2928 2469 2983 Secundum
2497 2928 2912 2983 similitudinem
2943 2933 3219 3000 oppositio
3244 2935 3469 3002 quidem

1894 3018 1987 3082 lit,
2019 3034 2161 3074 noxa
2182 3058 2199 3084 ,
2232 3020 2529 3087 innocens;
2558 3020 2745 3074 odium
2787 3020 2839 3073 in
2871 3023 3063 3085 Deum,
3087 3026 3373 3079 conversio
3403 3025 3469 3077 ad

1893 3109 2103 3175 Deum;
2144 3110 2460 3175 damnatio,
2498 3110 2858 3178 justillcatio;
2901 3111 3172 3179 perditio,
3222 3113 3473 3168 interitus

1893 3208 1949 3255 et
1979 3215 2157 3265 mors;
2190 3200 2360 3263 salus,
2388 3200 2496 3253 vita
2526 3208 2581 3254 et
2612 3200 2961 3255 resurrectio.
2992 3199 3087 3256 Est
3108 3201 3273 3272 igitur
3304 3217 3473 3271 oppo-

1893 3290 2017 3345 sitiu
2049 3290 2102 3344 in
2137 3289 2261 3346 istis
2293 3309 2308 3345 :
2358 3289 2658 3344 similitudo
2704 3299 2885 3345 autem
2911 3330 2926 3355 ,
2977 3291 3125 3347 sicut
3172 3307 3267 3362 per
3299 3308 3470 3347 unum

1893 3380 1947 3434 in
1981 3394 2173 3435 omnes
2207 3381 2575 3449 pertransiit:
2632 3382 2923 3452 hyperbole
2974 3393 3192 3447 autem,
3240 3384 3368 3454 quia
3416 3385 3467 3439 in

1893 3472 2104 3527 delictis
2154 3472 2316 3526 simul
2366 3473 2575 3542 operati
2624 3482 2785 3537 sunt,
2831 3473 2886 3528 in
2929 3489 3040 3530 uno
3087 3476 3285 3538 multi,
3325 3476 3471 3545 quod

1891 3561 1993 3630 ipsi
2027 3562 2083 3615 in
2114 3562 2273 3616 malis
2323 3562 2580 3631 operibus
2608 3566 3168 3631 communicaverunt,
3200 3567 3253 3620 in
3278 3568 3470 3621 melio-

1893 3654 2043 3707 ribus
2074 3669 2205 3709 vero
2235 3654 2417 3709 nullus
2462 3665 2719 3724 operatus
2760 3666 2884 3722 est,
2918 3658 3034 3721 {sed
3068 3666 3277 3712 tantum
3306 3659 3468 3713 unius

1894 3743 2100 3799 Christi
2124 3745 2293 3814 gratia
2331 3743 2472 3799 facta
2504 3755 2608 3800 est.
2633 3745 2710 3801 lta
2736 3763 2843 3803 non
2876 3748 3129 3802 similiter
3158 3764 3257 3803 nec
3284 3764 3472 3818 sequa-

1896 3837 2057 3901 liter,
2092 3838 2188 3891 sed
2220 3836 2568 3906 hyperbolice
2602 3847 2657 3893 et
2685 3853 2748 3892 ex
2784 3840 3280 3909 superabundantia
3314 3840 3472 3894 simi-

1893 3923 2087 3977 litudo.
2144 3923 2357 3980 Rursus
2390 3939 2517 3979 cum
2562 3941 2655 3995 per
2695 3927 2866 3981 Adam
2916 3929 3117 3983 delicta
3160 3930 3470 3983 introducta

216 4035 349 4081 των,
386 4020 487 4073 οὐκ
527 4020 767 4092 ἀνῃρέθη
815 4022 975 4091 μόνον
1012 4023 1209 4093 ταῦτα,
1248 4027 1384 4097 ὅπερ
1425 4028 1501 4092 ὼς
1527 4028 1820 4093 ἐναντίοις⁴

1895 4015 2072 4069 [orent
2096 4054 2111 4077 ,
2146 4032 2255 4071 non
2284 4017 2461 4071 solum
2495 4018 2675 4073 ablata
2707 4029 2837 4073 sunt
2864 4020 2953 4074 illa
2977 4062 2992 4085 ,
3038 4022 3183 4090 quod
3217 4023 3269 4075 in
3300 4036 3469 4091 oppo-

217 4109 404 4179 ὅμοιον
433 4110 527 4161 καὶ
565 4112 847 4179 ἀνάλογον,
878 4113 1015 4167 ἀλλά
1056 4116 1150 4168 καὶ
1189 4117 1417 4188 ἐπεδόθη
1465 4118 1616 4190 παρά
1661 4120 1796 4191 Χρι-

220 4198 346 4251 στοῦ
375 4200 444 4253 τά
469 4201 699 4269 ἀμείνωο
730 4203 868 4274 ὅπερ
893 4205 993 4275 τὴν
1018 4204 1322 4277 ὑπερϐολὴν
1354 4209 1448 4261 καὶ
1472 4207 1569 4280 τὴν
1600 4226 1792 4281 περισ-

219 4291 374 4344 σείαν
394 4291 747 4363 παρίστησιν.

217 4402 445 4473 Ὠσπερ
481 4403 592 4475 γὰρ
620 4404 720 4459 διὰ
746 4405 855 4476 τῆς
889 4410 1201 4480 παρακοῆς
1238 4411 1346 4466 τοῦ
1368 4412 1527 4479 ἐνὸς,
1562 4430 1616 4467 κ.
1642 4430 1695 4466 τ.
1736 4412 1787 4470 λ.

285 4558 533 4613 Mler).
587 4560 771 4613 Είπὼν
810 4562 894 4614 ὅτι
932 4563 1101 4627 τύπος
1139 4559 1209 4635 ἦν
1242 4567 1272 4619 ό
1317 4566 1492 4637 Ἀδὰμ
1529 4568 1621 4621 τοῦ
1656 4569 1791 4637 Χρι-

211 4647 377 4701 στοῦο
402 4649 571 4713 τύπος
616 4650 672 4703 δὲ
720 4648 962 4722 δηλονότι
1000 4655 1066 4705 ἐκ
1113 4654 1205 4707 τοῦ
1248 4657 1515 4711 ἐναντίου.
1556 4658 1643 4723 Ὦς
1680 4659 1788 4730 γὰρ

209 4741 418 4803 ἐκεῖνος
452 4740 625 4805 αίτιος
647 4741 954 4812 ἀνθρώποις
976 4756 1002 4785 ι
1024 4745 1277 4811 θανάτου,
1307 4746 1481 4811 οὕτως
1504 4751 1532 4801 ό
1554 4750 1789 4821 Χριστὸς

206 4831 387 4891 αίτιος
418 4829 729 4900 ἀνθρώποις
769 4833 1136 4897 ἀναστάσεως.
1172 4834 1356 4888 Είπὼν
1385 4836 1499 4901 οὖν,
1532 4838 1607 4900 ὡς
1653 4838 1788 4908 ἔφη·

209 4937 337 4990 μεν,
365 4920 446 4973 ὅτι
475 4920 644 4984 τύπος
667 4917 737 4991 ἦν
764 4925 792 4975 ὁ
826 4923 997 4992 Ἀδὰμ
1028 4923 1123 4978 τοῦ
1146 4925 1412 4995 Χριστοῦο
1443 4928 1629 4999 ἐπειδὴ
1659 4928 1787 4998 μέλ-

206 5012 321 5065 λων
353 5011 482 5064 αὐτὸ
502 5013 952 5079 κατασκευάζειν,
980 5016 1041 5067 ού
1064 5016 1225 5085 μόνον
1244 5017 1343 5087 τὴν
1369 5018 1661 5088 ὁμοιότητα
1686 5037 1787 5072 κα-

203 5102 543 5175 τασκευάζει
591 5104 687 5156 καὶ
721 5105 911 5170 τύπον,
960 5106 1095 5160 ἀλλά
1145 5109 1241 5161 καὶ
1284 5109 1384 5179 τὴν
1422 5111 1480 5162 ὲν
1505 5110 1584 5181 τῷ
1629 5111 1785 5183 τύπῳ

204 5194 308 5248 καὶ
335 5194 619 5265 ὁμοιότητι
652 5197 922 5268 ὑπεροχὴν
965 5198 1061 5251 καὶ
1097 5200 1431 5270 περισσείαν.
1464 5202 1633 5256 Τοῦτο
1676 5206 1785 5275 γὰρ

205 5286 546 5339 ἐνδείκνυται
587 5286 678 5340 διὰ
714 5288 809 5339 τοῦ
846 5288 1045 5368 λέγειν,
1075 5290 1192 5343 ἀλλ’
1215 5293 1313 5363 οὐχ
1354 5293 1431 5355 ὡς
1492 5294 1551 5347 τὸ
1598 5296 1780 5368 παρά-

1894 4107 2015 4161 sitis
2049 4107 2461 4162 similitudinem
2508 4118 2563 4163 et
2609 4111 2914 4181 analogiam
2948 4127 3059 4181 pra:
3090 4128 3149 4167 se.
3179 4112 3319 4176 fert,
3372 4114 3469 4167 sed

1892 4196 2017 4249 data
2054 4207 2183 4251 sunt
2219 4212 2313 4266 per
2340 4197 2621 4253 Christum
2658 4202 2922 4268 meliora;
2957 4205 3103 4271 quod
3139 4203 3466 4273 hyperbolen

1894 4295 1946 4340 et
1981 4286 2531 4355 superabundantiam
2562 4299 2795 4357 praestat.

1891 4398 2055 4454 Vens.
2099 4399 2187 4454 l9.
2220 4400 2676 4465 Quemadmodum
2726 4403 2866 4456 enim
2912 4420 3006 4473 per
3057 4406 3467 4459 inobedientiam

2511 4496 2665 4548 unius
2684 4534 2699 4557 ,
2732 4506 2838 4551 etc.

1960 4581 2162 4637 Photii.
2222 4582 2431 4655 Typum
2472 4586 2603 4639 dicit
2656 4586 2827 4641 fuisse
2874 4587 3045 4641 Adam
3081 4588 3332 4654 Christi;
3386 4600 3467 4662 ty-

1892 4689 1996 4745 pus
2033 4686 2212 4730 autem
2262 4677 2543 4731 evidenter
2592 4686 2677 4731 est
2718 4693 2784 4732 ex
2831 4679 3194 4748 oppositione.
3219 4680 3289 4737 Ut
3320 4683 3465 4736 enim

1891 4766 1978 4820 ille
2010 4780 2175 4821 causa
2222 4766 2539 4821 hominibus
2585 4771 2780 4823 mortis
2818 4768 2946 4833 fuit,
2991 4773 3072 4825 sic
3116 4782 3169 4826 et
3210 4771 3466 4829 Christus

1887 4868 2054 4909 causa
2100 4856 2416 4911 hominibus
2467 4858 2910 4914 resurrectionis.
2970 4859 3113 4915 Dicit
3161 4863 3367 4932 igitur,
3408 4875 3467 4919 ut

1887 4947 2233 5011 notavimus,
2285 4958 2467 5019 typum
2518 4946 2688 5003 fuisse
2734 4952 2903 5005 Adam
2939 4953 3179 5019 Christi;
3227 4972 3352 5009 cum
3411 4957 3465 5010 id

1884 5036 2235 5105 expositurus
2278 5046 2363 5092 est
2388 5078 2403 5100 ,
2444 5053 2550 5092 non
2583 5040 2757 5093 solum
2792 5042 3207 5098 similitudinem
3241 5051 3467 5116 exponit

1884 5135 1939 5180 et
1968 5136 2149 5196 typum
2173 5166 2188 5190 ,
2232 5127 2325 5182 sed
2354 5130 2521 5183 etiam
2557 5132 2609 5183 in
2647 5142 2772 5201 typo
2802 5141 2853 5185 et
2882 5134 3245 5190 similitudine
3272 5150 3464 5192 exces—

1886 5229 2004 5269 sum
2038 5224 2092 5269 et
2148 5217 2730 5285 superabundantiam.
2774 5220 2887 5276 lloc
2915 5223 3060 5277 enim
3098 5226 3340 5279 ostendit
3380 5227 3464 5279 di-

1885 5303 2055 5358 cendo
2078 5344 2093 5368 ,
2130 5304 2224 5359 sed
2256 5319 2365 5358 non
2394 5306 2538 5361 sicut
2566 5308 2825 5362 delictum
2847 5350 2860 5373 ,
2912 5319 2966 5363 et
2999 5326 3190 5366 rursus
3213 5352 3228 5376 ,
3271 5324 3325 5366 et
3354 5328 3460 5365 mm

203 5392 436 5447 πτωμα·
468 5378 563 5430 καὶ
585 5379 765 5445 πάλιν,
803 5362 1013 5451 καὶόύχ
1056 5382 1133 5447 ὼς
1168 5355 1313 5447 ἑνὸς.
1340 5355 1776 5459 ἁμαρτήσαντος.
1807 5355 1820 5414 1

1895 5395 2028 5449 sicut
2071 5410 2179 5449 uno
2202 5406 2480 5466 peccante.
2515 5397 2650 5453 Cum
2684 5400 2850 5467 igitur
2872 5403 3177 5470 composita
3219 5403 3293 5457 illi
3322 5419 3463 5472 quo-

218 5471 378 5524 Ἐπεὶ
407 5466 500 5523 οὖν
522 5470 777 5526 σύνθετον
800 5473 949 5541 αύτῷ
971 5492 1087 5539 πως
1117 5477 1307 5545 γέγονε
1334 5479 1398 5531 τὸ
1424 5480 1778 5554 έπιχειρημα,

206 5561 578 5631 ἀνομοιότητά
631 5580 749 5626 πως
805 5565 864 5619 ὲν
912 5567 1191 5635 ὁμοιότητι
1242 5570 1626 5624 διαπλέκοντι·
1687 5573 1781 5626 νῦν

1886 5484 2179 5541 dammodo
2218 5487 2361 5542 facta
2396 5490 2468 5543 sit
2508 5491 2777 5559 expositio
2807 5530 2824 5554 ,
2878 5492 3366 5549 absimilitudinem
3389 5496 3464 5549 si-

1892 5575 2184 5630 militudini
2203 5578 2462 5635 inserenti
2490 5596 2505 5646 ;
2532 5597 2672 5637 uuuc
2700 5582 2841 5637 idem
2871 5585 3165 5640 reassumit
3184 5625 3199 5649 ,
3230 5601 3464 5642 meram-

1479 5693 1717 5753 νΑῑιιΑς
1770 5696 2169 5755 LECTIONES.

285 5758 315 5789 ⁸
351 5750 489 5807 Cod.
528 5754 835 5828 ἅνθρωπος,
871 5761 964 5817 sed
995 5776 1169 5833 mang.
1206 5782 1294 5835 πμ
1326 5762 1651 5835 ἀνθρώποις
