4156 6438
702 439 839 503 1235

1856 423 2112 486 ΡΙΙΟΤΙΙ
2154 418 2660 481 ΡΑΤΙΠΛΠΕΗΑΞ
2689 419 2800 480 CP.

3833 417 3965 484 1936

699 570 806 625 que
848 546 1264 608 similitudinem
1316 539 1599 604 ostendit,
1649 551 1749 592 nec
1799 534 1993 588 miscet
2043 531 2282 625 aliquam

2412 525 2904 595 ππαναλαμὸἀνεται
2930 523 3029 595 μὲν
3047 522 3109 577 τὸ
3136 523 3289 587 αὐτὸ,
3313 524 3568 594 καθαρῶς
3591 523 3648 576 δὲ
3673 523 3777 593 τὴν
3791 527 3971 593 ὁμοιό-

700 615 767 701 ex
818 644 1053 699 dictione
1097 634 1544 693 absimilitudinis
1589 625 2030 698 repugnantiam.
2065 620 2275 676 Deinde

2413 636 2519 686 ητα
2544 619 2818 670 δείκνυσι·
2852 620 2948 670 καὶ
2978 617 3161 669 οὐκέτι
3209 615 3424 667 πλέκων
3466 616 3592 667 ὅσον
3621 615 3733 666 ἀπὸ
3759 616 3858 683 τῆς
3884 617 3970 666 λέ-

702 746 886 806 aperte
914 742 969 787 et
1008 731 1150 785 nude
1172 729 1555 781 demonstrans
1581 762 1596 784 ,
1638 721 1766 788 quia
1802 717 1942 772 sicut
1981 729 2075 782 per
2105 725 2275 764 unum

2383 709 2517 774 ξεώς
2536 727 2659 761 τινα
2689 710 3075 778 ἀνομοιότητος
3105 707 3307 777 μάχην’
3334 701 3454 758 εἶτα
3477 706 3666 770 σαφῶς
3695 705 3860 756 τοῦτο
3882 710 3972 756 καὶ

704 796 854 879 mors
901 818 1191 890 regnavit,
1249 815 1422 868 multo
1460 811 1634 880 magis
1673 811 1726 861 in
1758 807 1863 859 vita
1912 802 2158 872 regnabit
2186 813 2281 868 per

2412 800 2638 869 ιαθαρῶς
2682 800 3072 869 ἐνδειξάμενος,
3105 800 3188 851 ὅτι
3219 798 3407 867 ὥσπερ
3441 797 3510 851 δι’
3539 797 3661 858 ἑνὸς
3687 796 3974 848 ἐϐασίλευ-

705 926 872 965 nnum
920 907 1240 966 Christum,
1301 901 1492 970 adjicit
1549 908 1805 964 tanquam
1866 890 2279 946 conclusionem

705 1007 932 1063 ducens,
961 1011 1015 1054 et
1045 999 1096 1050 in
1127 997 1454 1065 apertiorem
1495 991 1672 1044 adhuc
1700 996 1755 1042 et
1789 985 2114 1056 pressiorem
2149 994 2281 1048 pro-

709 1098 912 1149 ducens
939 1102 1244 1146 sermonem
1264 1128 1279 1152 ,
1311 1097 1366 1138 et
1396 1082 1530 1136 dicit
1562 1099 1576 1135 :
1611 1080 1785 1149 Igitur
1809 1077 1944 1128 sicut
1989 1088 2079 1141 per
2120 1083 2284 1123 unum

705 1187 959 1239 delictum
1015 1184 1071 1236 in
1117 1194 1293 1233 omnes
1348 1175 1584 1228 homines
1627 1167 2036 1228 condemnatio,
2071 1173 2126 1218 et
2163 1176 2286 1230 qua:

708 1285 1032 1344 sequuntur.
1069 1271 1269 1326 Deinde
1313 1281 1436 1322 cum
1480 1266 1534 1318 in
1569 1264 1748 1334 primo
1777 1257 2084 1327 composita
2115 1269 2288 1322 espo-

710 1369 908 1422 sitioue
942 1366 1146 1430 utitur,
1170 1364 1224 1415 in
1257 1359 1498 1415 secundo
1529 1357 1798 1425 explicata
1831 1361 1886 1405 et
1926 1349 2190 1418 repetita,
2233 1353 2290 1398 et

709 1461 764 1515 iu
797 1475 928 1512 voce
957 1461 1131 1518 sicut,
1188 1452 1531 1509 conclusioni
1580 1450 1813 1518 abiecta.
1858 1444 2122 1498 Delictum
2166 1439 2284 1509 qni-

708 1551 831 1604 dem
866 1558 920 1602 et
945 1549 1148 1601 donum
1188 1555 1242 1598 et
1285 1540 1794 1598 condemnationem
1821 1577 1836 1599 ,
1861 1542 1916 1587 et
1936 1529 2289 1586 donationem

709 1652 766 1695 et
801 1640 1248 1709 jnstilicationem
1298 1642 1564 1690 memorat
1601 1649 1616 1685 :
1666 1629 1812 1684 unde
1855 1625 2018 1679 etiam
2074 1621 2291 1674 initium

2387 908 2481 944 σεν
2507 893 2538 944 ὁ
2564 892 2812 954 θάνατος,
2861 892 3042 961 πολλῷ
3073 891 3276 961 μᾶλλον
3314 891 3370 942 ἐν
3418 891 3532 960 ζωῇ
3562 888 3883 959 βασιλεύσει
3909 888 3973 938 δι’

2393 982 2514 1043 ἐνὸς
2573 982 2834 1051 Χριστοῦ,
2867 981 3272 1052 ἐπάγειῶσπερ
3311 982 3846 1052 συμπεραινόμενος,
3889 981 3977 1029 καί

2389 1073 2471 1134 είς
2516 1073 2576 1125 τὸ
2617 1073 2698 1124 ἒτι
2748 1076 3085 1142 σαφέστερον
3132 1074 3228 1125 καὶ
3270 1072 3704 1142 συνεσταλμένον
3751 1069 3976 1135 ἀνάγων

2393 1163 2485 1216 τὸν
2515 1163 2696 1226 λόγον,
2737 1165 2832 1216 καί
2861 1180 3049 1233 φησιν’
3096 1181 3115 1213 t
3153 1165 3298 1232 Ἀρα
3322 1159 3436 1217 οὖν
3463 1163 3542 1225 ὡς
3581 1162 3657 1214 δι’
3688 1160 3832 1226 ἐνὸς
3866 1176 3977 1212 πα-

2390 1254 2779 1323 ραπτώματος
2827 1257 2916 1320 είς
2969 1255 3201 1319 πάντας
3256 1255 3608 1321 ἀνθρώπους
3662 1253 3734 1306 τὸ
3785 1252 3981 1304 κατὰ-

2391 1359 2593 1412 κριμα,
2640 1363 2658 1395 ι
2693 1344 2789 1396 καὶ
2832 1344 2902 1397 τὰ
2939 1343 3090 1414 sese.
3129 1339 3263 1397 Εἶτα
3303 1344 3397 1396 καὶ
3443 1343 3636 1414 ἐπειδὴ
3681 1344 3778 1397 καὶ
3816 1345 3880 1396 ἐν
3905 1343 3982 1412 τῷ

2393 1435 2597 1504 πρώτῳ
2634 1435 2728 1486 καὶ
2765 1435 3005 1504 συνθέτῳ
3051 1436 3466 1505 ἐπιχειρήματι,
3499 1434 3597 1487 καὶ
3639 1437 3703 1486 ἐν
3739 1433 3825 1504 τῷ
3865 1433 3984 1486 δευ-

2390 1525 2538 1596 τέρῳ
2566 1525 2664 1577 καὶ
2685 1524 3177 1596 διακεκαθαρμένῳ
3203 1526 3295 1577 καὶ
3324 1524 3777 1596 ἐπαναληπτικῷο
3806 1527 3905 1578 καὶ
3929 1528 3987 1577 ἐν

2392 1616 2472 1686 τῷ
2515 1614 2719 1685 ὥσπερ
2781 1616 3210 1686 συμπεράσματι
3259 1617 3628 1687 ἐπενεχθέντι.
3666 1617 3987 1688 Παραπτώ-

713 1706 967 1800 snmpsit.
1002 1729 1161 1784 Nullo
1201 1731 1362 1782 modo
1398 1723 1803 1779 contrariorum
1834 1717 2119 1782 utriusque
2147 1725 2296 1766 con-

2412 1721 2566 1767 ιατος
2615 1706 2716 1775 μὲν
2765 1707 2862 1758 καὶ
2907 1706 3248 1776 χαρίσματος
3302 1707 3397 1758 καὶ
3439 1707 3857 1776 κατακρίματος
3895 1709 3990 1760 καὶ

713 1796 878 1876 nexio
926 1823 1161 1874 indicata
1204 1828 1309 1872 est.
1357 1814 1513 1870 Nunc
1561 1813 1692 1866 illud
1744 1808 1968 1877 exponit
2012 1813 2068 1857 et
2120 1801 2295 1871 aperit

2412 1796 2731 1866 δωρήματος
2779 1797 2878 1850 καὶ
2919 1796 3290 1866 δικαιώματος
3331 1800 3426 1850 καὶ
3469 1798 3728 1850 τοιούτων
3775 1814 3992 1866 μνημο-

715 1914 922 1977 dicens,
965 1913 1109 1979 quod
1142 1923 1310 1963 unum
1342 1921 1408 1960 ex
1443 1901 1812 1958 inobedientia
1847 1894 2127 1954 manavit,
2155 1895 2294 1943 alte-

2412 1887 2570 1938 νεύειο
2622 1887 2747 1938 ὅθεν
2801 1887 2897 1940 καὶ
2939 1888 3041 1958 τήν
3083 1887 3258 1958 ἀρχὴν
3302 1886 3542 1956 εἴληφεν·
3593 1888 3838 1958 ἑκάτερα
3884 1887 3992 1940 τῶν

716 2016 835 2053 rum
886 1976 1066 2052 autem
1115 2012 1180 2051 es
1229 1994 1537 2048 obedientia
1589 1989 1803 2049 ﬂoruit;
1853 1983 1925 2035 ita
1969 1990 2028 2034 ut
2069 1979 2298 2032 demou-

2412 1976 2665 2029 ἐναντίων
2705 1979 2739 2048 ή
2793 1978 3075 2047 συστοιχία
3123 1978 3264 2048 αὕτη
3319 1979 3532 2032 οὐδέπω
3576 1980 3992 2049 ἐπεσημήνατο.

715 2091 909 2143 8ίι·.ιιίο
936 2088 1067 2141 illud
1111 2087 1183 2140 sit
1208 2082 1570 2154 expositionis
1601 2081 1654 2132 in
1693 2091 1800 2145 qua
1827 2072 2078 2126 exhibuit
2112 2079 2297 2139 typum

2412 2068 2525 2122 Νῦν
2572 2070 2708 2123 αὐτὸ
2757 2070 2918 2124 τοῦτο
2972 2072 3229 2139 διασαφεῖ
3276 2071 3370 2122 καὶ
3425 2069 3849 2132 ἀποκαλύπτει,
3902 2067 3991 2120 καὶ

716 2185 771 2229 et
819 2175 1229 2229 similitudinem
1256 2214 1268 2233 .
1301 2171 1464 2240 quale
1503 2177 1587 2222 est
1627 2163 1791 2227 illud,
1837 2159 1897 2214 Si
1947 2159 2086 2211 enim
2143 2156 2297 2207 unius

2412 2177 2600 2230 φησιν,
2618 2163 2699 2214 ὅτι
2724 2163 2792 2216 τὰ
2825 2164 2924 2233 μὲν
2953 2165 3017 2216 ἐκ
3044 2163 3330 2232 παρακοῆς
3356 2161 3550 2233 ἐρῤύη,
3569 2162 3638 2214 τὰ
3667 2162 3728 2214 δὲ
3779 2162 3844 2228 ἐξ
3890 2161 3995 2213 ὑπο

717 2264 908 2317 delicto
941 2279 1080 2316 mors
1099 2301 1114 2325 ,
1143 2271 1247 2315 etc.

2412 2254 2578 2322 ακοῆς
2613 2256 2850 2325 ήνθησεν
2876 2270 2890 2284 °
2917 2253 3057 2308 ὥστε
3099 2255 3600 2308 κατασκευαστικὸν
3625 2255 3695 2308 ἂν
3726 2256 3812 2324 είη
3838 2253 3995 2307 τοῦτο

719 2353 811 2405 τοῦ
859 2353 1288 2423 ἐπιχειρήματος
1314 2349 1412 2402 τοῦ
1457 2343 1961 2406 κατασκευάζοντος
1994 2338 2086 2390 τὸν
2113 2334 2289 2388 τύπον
2327 2343 2420 2394 καὶ
2484 2344 2583 2415 τὴν
2632 2346 2951 2418 ὁμοιότητα,
2982 2339 3095 2398 οἷον
3136 2345 3251 2410 τοῦ,
3297 2348 3366 2400 ει
3405 2346 3515 2415 γὰρ
3583 2343 3664 2409 τῷ
3705 2343 3819 2396 τοῦ
3859 2344 3994 2408 ἑνὸς

721 2444 1143 2511 παραπτώματι
1168 2446 1202 2497 ό
1232 2443 1512 2507 θάνατος.
1552 2459 1570 2491 ι
1607 2438 1704 2491 καὶ
1729 2435 1876 2504 ἑξῆς.

795 2561 909 2615 Non
946 2561 1194 2616 eumdem
1225 2573 1532 2614 sermonem
1557 2555 1774 2625 repetit,
1804 2561 1865 2606 ut
1892 2553 2070 2621 putari
2097 2560 2303 2620 posset,

2473 2548 2548 2601 Ού
2586 2547 2906 2616 ταυτολογεῖ
2925 2547 3128 2609 τοίνυν,
3159 2546 3233 2609 ὡς
3265 2545 3332 2600 ἄν
3366 2563 3456 2608 τις
3497 2543 3737 2615 οίηθείη,
3776 2545 3807 2598 ὁ
3853 2543 3992 2606 θεῖος

722 2652 941 2705 divinus
994 2652 1289 2721 ApOstolus
1331 2651 1384 2702 in
1439 2650 1597 2711 istis,
1646 2646 1741 2700 sed
1803 2644 1949 2699 clare
1984 2644 2214 2696 multum
2251 2651 2308 2697 et

2415 2640 2739 2701 Ἀπόστολος
2768 2640 2828 2690 ἐν
2855 2638 3089 2700 τούτοις.
3117 2637 3254 2692 ἀλλὰ
3286 2637 3472 2705 σαφῶς
3495 2637 3616 2689 λίαν
3650 2637 3750 2689 καὶ
3775 2635 3991 2705 διηκρι-

723 2754 872 2797 recte
900 2744 1174 2797 connectit
1199 2752 1254 2795 et
1281 2741 1525 2810 disponit
1553 2739 1661 2791 vim
1695 2739 1892 2792 horum
1924 2736 2187 2804 capitum.
2212 2734 2307 2789 Est

2412 2727 2674 2796 δωμένως
2723 2728 3043 2798 ὰλληλουχεί
3080 2730 3176 2781 καὶ
3222 2728 3466 2781 ἐντάττει
3511 2726 3623 2778 τῶν
3675 2728 3990 2794 κεφαλαίων

727 2837 892 2905 igitur
927 2835 1104 2888 illud:
1153 2831 1256 2886 Sed
1301 2849 1404 2886 non
1443 2833 1580 2884 sicut
1609 2830 1899 2891 delictum,
1946 2838 2003 2880 et
2048 2842 2170 2893 quae
2217 2842 2303 2880 se.

727 2938 994 2997 quuutur,
1036 2942 1208 2996 usque
1235 2928 1301 2980 ad
1335 2943 1348 2978 :
1390 2925 1472 2977 Ea:
1505 2924 1688 2977 multis
1714 2922 1922 2976 delictis
1956 2922 2011 2973 in
2035 2920 2308 2988 justi/ica-

2401 2819 2501 2888 τὴν
2531 2818 2763 2888 δύναμιν
2785 2833 2799 2847 ·
2835 2819 2952 2871 ἐστι
2987 2819 3085 2888 μὲν
3109 2812 3204 2870 οὖν
3233 2817 3293 2869 τὸ
3322 2817 3441 2886 μὲν,
3472 2817 3639 2870 Ἀλλ’
3678 2818 3795 2884 οὐχ
3818 2817 3900 2881 ὡς
3928 2816 3994 2869 τὸ

2403 2910 2791 2979 παράπτωμα,
2859 2913 2953 2964 καὶ
2987 2910 3135 2980 ἑξῆς,
3189 2909 3294 2972 ῑως
3346 2909 3464 2974 τοῦ,
3488 2911 3556 2962 ἐκ
3599 2907 3994 2962 πολλῶνπ-

731 3023 924 3073 tionem
950 3060 966 3083 ,
1011 3017 1283 3086 expositio
1326 3014 1568 3082 quidem,
1621 3021 1681 3066 ut
1723 3012 1986 3074 diximus,
2023 3021 2205 3080 typum
2253 3018 2308 3062 et

2412 2999 2807 3066 ραπτωμάτων
2857 3002 2946 3066 είς
3005 2998 3314 3068 δικαίωμα,
3367 2999 3704 3070 ἐπιχείρημα
3747 3000 3872 3069 μὲν,
3924 3000 3996 3062 ὡς

730 3110 1142 3165 similitudinem
1187 3105 1514 3170 ostendens;
1562 3106 1746 3158 deerat
1785 3117 1917 3167 ergo
1954 3101 2202 3155 claritate
2256 3110 2311 3153 et

729 3202 1108 3269 explicatione.
1137 3197 1272 3251 lllud
1319 3205 1542 3265 praestat
1577 3209 1698 3263 quae
1724 3195 1975 3262 sequitur
1999 3190 2266 3260 expositio
2293 3226 2310 3252 ,

733 3298 983 3357 repetens
1013 3289 1123 3355 iam
1151 3287 1296 3340 dicta
1319 3327 1334 3351 ,
1365 3296 1422 3340 et
1450 3286 1731 3350 explicans
1757 3295 1812 3338 et
1839 3284 1892 3336 in
1922 3295 2108 3353 aperto
2144 3298 2312 3351 expo-

733 3397 892 3435 nens.
939 3378 1043 3434 Sed
1075 3378 1361 3448 oportebat
1395 3389 1451 3431 et
1482 3379 1610 3431 huic
1653 3392 1872 3446 quoque
1897 3375 2308 3430 conclusionem

730 3473 872 3535 dari,
899 3483 960 3524 ut
983 3486 1089 3523 non
1115 3486 1181 3522 ex
1211 3469 1492 3538 hypotbesi
1521 3477 1731 3522 tantum
1760 3468 2007 3520 videatur
2035 3475 2311 3520 constare.

735 3557 851 3612 Hoc
875 3574 982 3612 non
1005 3558 1232 3620 omittit,
1251 3559 1345 3610 sed
1368 3567 1628 3625 tanquam
1651 3557 2058 3611 conclusionem
2081 3557 2313 3620 ducens,

733 3661 787 3702 υι
816 3649 1088 3702 sermonis
1118 3648 1345 3700 veritate
1378 3647 1553 3701 ﬁdens
1578 3687 1594 3712 ,
1628 3661 1753 3702 cum
1801 3646 2159 3698 allirinatione
2189 3659 2316 3713 pro-

736 3740 841 3792 fert
885 3755 900 3792 :
943 3737 1120 3807 Igitur
1165 3738 1301 3790 sicut
1343 3753 1434 3805 per
1463 3740 1619 3791 unius
1663 3737 1936 3800 delictum,
1988 3746 2096 3790 etc.
2149 3735 2314 3788 Dein-

738 3833 805 3882 de
833 3869 848 3893 ,
904 3844 1030 3884 cum
1073 3829 1238 3897 igitur
1278 3828 1503 3882 minime
1533 3829 1588 3881 in
1639 3829 1838 3882 talibus
1878 3827 2315 3896 expositionibus

737 3923 877 3976 dixit
907 3923 1051 3976 unde
1085 3921 1337 3975 habuerit
1364 3920 1697 3990 principium
1724 3919 2047 3988 justiﬁeatio
2084 3927 2140 3972 et
2181 3931 2316 3971 con-

737 4014 1056 4075 demnatio,
1101 4025 1278 4082 neque
1332 4011 1463 4064 illud
1512 4010 1920 4079 praterinittit,
1965 4009 2058 4063 sed
2092 4004 2320 4076 exponit

738 4107 966 4160 dicens:
1003 4103 1154 4158 Sicut
1190 4105 1328 4157 enim
1361 4119 1451 4170 per
1480 4102 1890 4156 inobedientia»:
1913 4141 1927 4164 ,
1965 4109 2074 4155 etc.
2161 4098 2169 4105 ’

739 4306 893 4362 CAP.
923 4307 1033 4362 Vll.
1071 4307 1236 4363 Vens.
1278 4308 1332 4363 8.
1373 4307 1500 4361 Sine
1536 4309 1675 4361 enim
1707 4307 1816 4376 lege
1849 4316 2122 4376 peccatum
2168 4322 2314 4359 mor-

1340 4387 1520 4446 ;tuunt
1547 4388 1685 4432 erat.

813 4468 1102 4524 Peccatum
1142 4469 1362 4537 quidem
1405 4479 1683 4523 mortuum
1717 4477 1864 4533 erat;
1915 4483 2016 4537 ego
2048 4475 2230 4521 autem
2263 4467 2318 4519 in

746 4562 851 4613 vita
878 4575 1026 4614 eram
1055 4601 1071 4625 ,
1113 4570 1300 4629 utpote
1332 4576 1441 4614 non
1474 4561 1724 4614 turbatus
1746 4599 1763 4622 ,
1811 4574 1918 4612 non
1953 4565 2272 4611 vulneratus
2300 4594 2315 4618 .

2408 3089 2640 3158 ἔφημεν,
2681 3091 2954 3143 δεικτικὸν
2994 3089 3089 3143 τοῦ
3140 3089 3312 3143 τύπου
3362 3092 3458 3144 καὶ
3500 3092 3602 3160 τῆς
3647 3090 3991 3160 ὁμοιότητος,

2422 3181 2622 3233 Ἐδεῖτο
2675 3180 2770 3234 οὖν
2827 3181 3128 3251 σαφηνείας
3186 3182 3280 3234 καὶ
3332 3179 3773 3250 διακαθάρσεως.
3829 3180 3998 3233 Τοῦτο

2414 3273 2559 3323 ποιεί
2583 3272 2644 3323 τὸ
2662 3271 2858 3342 ἐφεξῆς
2881 3272 3236 3342 ἐπιχείρημα,
3268 3271 3728 3341 ἐπαναλαμϐάνον
3767 3271 3832 3323 τὸ
3867 3288 3998 3340 προσ

2412 3377 2534 3430 ειρη
2542 3360 2702 3429 μένον
2733 3361 2830 3414 καὶ
2850 3361 3203 3432 διακαθαίρον
3219 3363 3312 3414 καὶ
3338 3363 3418 3424 είς
3438 3361 3500 3414 τὸ
3520 3361 3694 3430 σαφὲς
3715 3361 3997 3429 amna-

2414 3452 2526 3505 λον’
2560 3453 2676 3506 ἀλλ’
2713 3454 2823 3507 ἔδει
2873 3452 3157 3507 καὶτοῦτο
3184 3454 3370 3508 λαϐεῖν
3412 3454 3656 3522 ἀξίωμα,
3705 3455 3802 3508 καὶ
3837 3455 3917 3526 μὴ
3946 3453 4003 3518 ἐξ

2418 3544 2729 3608 ὑποθέσεως
2761 3544 3142 3616 προτείνεσθαι
3181 3546 3364 3615 μόνον.
3399 3545 3534 3598 Οὐδὲ
3562 3547 3658 3596 τοῦ
3671 3563 3728 3597 το
3757 3547 3999 3616 παρορᾷ,

2417 3633 2532 3686 ἀλλ’
2560 3633 2750 3702 ὥσπερ
2776 3636 3306 3706 συμπεραινόμενος,
3330 3636 3424 3688 καὶ
3448 3639 3516 3705 τῇ
3544 3635 3641 3688 τοῦ
3676 3635 3846 3702 λόγου
3872 3636 4001 3705 θαρο

2422 3723 2532 3792 ρῶν
2566 3723 2815 3794 ἀληθεία,
2856 3727 2997 3793 μετὰ
3034 3722 3377 3794 βεὸαιώσεως
3416 3723 3818 3792 ἁποφαίνεται’
3860 3728 4004 3792 Ἀρα

2418 3808 2533 3867 οὖν
2581 3814 2661 3879 ὡς
2701 3815 2776 3868 δι’
2817 3815 2956 3880 ἐνὸς
3003 3816 3495 3883 παραπτώματος.
3571 3816 3668 3868 καὶ
3713 3822 3784 3868 τὰ
3856 3817 4000 3883 ἑξῆς.

2420 3901 2573 3968 Εἶτα,
2597 3905 2722 3956 ἐπεὶ
2753 3901 2847 3958 οὖν
2877 3901 2945 3974 ἦν
2980 3903 3152 3956 είπὼν
3180 3907 3241 3956 ἐν
3273 3905 3546 3967 τοσούτοις
3570 3906 4005 3973 ἐπιχειρήμασιν

2419 3994 2658 4063 οὐδαμοῦ
2682 3995 2846 4047 πόθεν
2886 3995 3045 4063 ἔσχεν
3069 3995 3246 4065 ἀρχὴν
3292 3995 3352 4047 τὸ
3379 3995 3657 4064 δικαίωμα
3692 3998 3789 4048 καὶ
3823 3996 3888 4047 τὸ
3913 4012 4003 4048 κα-

2419 4086 2684 4155 τάκριμα,
2732 4087 2851 4138 οὐδὲ
2899 4085 3056 4139 τοῦτο
3112 4086 3348 4156 παρορᾷ,
3396 4085 3533 4139 ἀλλὰ
3572 4083 3764 4152 τίθησι
3807 4086 4002 4152 λέγων,

2421 4175 2649 4244 Ὠσπερ
2678 4176 2786 4245 γὰρ
2810 4177 2908 4231 διὰ
2941 4177 3052 4246 τῆς
3074 4175 3408 4245 παρακοῆς,
3474 4179 3569 4229 καὶ
3602 4176 3760 4246 ἐξῆς.

2666 4308 2852 4375 Χωρίς
2883 4309 2996 4376 γὰρ
3028 4307 3219 4374 νόμον
3245 4305 3499 4372 ἁμαρτία
3530 4304 3745 4370 νεκρά,

2495 4475 2740 4528 Φωτίου.
2782 4473 2845 4526 'H
2889 4473 2988 4542 μὲν
3028 4470 3271 4542 ἁμαρτία
3314 4471 3516 4538 νεκρά·
3544 4468 3654 4537 ἐγὼ
3686 4469 3745 4522 δέ
3780 4472 3845 4522 ἐν
3872 4472 4001 4539 ζωῇ,

2423 4569 2519 4622 ἅτε
2551 4567 2625 4637 μὴ
2669 4566 3050 4636 ἐνοχλούμενος
3079 4566 3214 4634 μηδὲ
3236 4565 3587 4631 νυττόμενος,
3615 4563 3754 4632 μηδὲ
3781 4564 4005 4631 νεκρού-

747 4670 853 4706 nou
885 4654 1102 4706 occisus
1131 4653 1200 4704 ab
1225 4651 1338 4704 illo.
1367 4649 1655 4714 Quomodo
1683 4664 1813 4718 ergo
1842 4649 2036 4702 revixit
2063 4648 2194 4701 illud
2226 4662 2308 4716 per

2431 4676 2589 4729 μενος
2611 4659 2705 4711 ὑπ’
2732 4658 2922 4725 αὐτῆς.
2958 4657 3083 4719 Πῶς
3110 4654 3203 4708 οὖν
3247 4654 3510 4724 ἀνέζησεν
3553 4655 3738 4721 ἐκείνη
3775 4653 3873 4706 διὰ
3917 4655 4003 4705 τοῦ

748 4743 960 4811 legem?
1007 4741 1334 4807 Quomodo?
1367 4741 1524 4804 Quod
1547 4779 1564 4803 ,
1590 4741 1715 4794 data
1747 4739 1897 4808 lege,
1932 4740 2100 4808 magis
2131 4739 2198 4791 ad
2222 4739 2323 4791 im-

748 4835 1102 4906 pugnandum
1135 4833 1426 4886 incitatum
1458 4840 1544 4884 est
1565 4871 1583 4896 ,
1619 4841 1673 4885 et
1697 4829 1960 4899 quidquid
1994 4845 2190 4883 nocere
2228 4843 2326 4898 po-

2421 4751 2625 4819 νόμου;
2661 4749 2792 4801 Τίνα
2824 4751 3024 4818 τρόπον
3048 4765 3065 4812 ;
3091 4747 3174 4798 ὅτι
3193 4745 3287 4798 τοῦ
3323 4746 3484 4814 νόμου
3517 4744 3763 4805 δοθέντος
3803 4747 4004 4813 μᾶλλον

2422 4842 2604 4910 ἐκείνη
2650 4841 2790 4910 πρὸς
2817 4839 3061 4892 ἐπίθεσιν
3091 4836 3442 4907 παρωξύνθη,
3475 4836 3569 4888 καὶ
3605 4830 3724 4887 οἷον
3761 4835 4004 4905 ἐπηρεάο

749 4939 884 4980 tciat
925 4942 1118 4978 ausum
1167 4934 1279 4986 est,
1311 4936 1570 4990 tanquam
1607 4924 1983 4976 coronandum
2030 4920 2147 4974 fore
2181 4921 2308 4974 hunc

2425 4949 2516 4985 σαι
2541 4931 2819 5002 ὥρμησεν·
2845 4931 2943 4984 ατε
2969 4929 3034 4998 δὴ
3069 4931 3166 4982 καὶ
3196 4925 3591 4994 στεφανοῦσθαι
3625 4925 3898 4994 μέλλοντα
3919 4927 4004 4977 τὸν

749 5021 842 5089 qui
894 5019 1210 5072 mandatum
1265 5016 1567 5069 servaverit
1618 5014 1973 5069 considerans
2008 5053 2022 5077 ,
2080 5022 2137 5067 et
2204 5011 2327 5065 ideo

751 5111 926 5179 magis
951 5112 1277 5163 invidiosum
1301 5108 1525 5161 factum.
1549 5108 1615 5160 Et
1643 5121 1745 5176 ego
1776 5121 1969 5160 rursus
1992 5116 2327 5173 cognoscens

750 5220 844 5273 per
877 5204 1046 5271 legem
1073 5213 1376 5270 peccatum,
1402 5209 1456 5253 et
1482 5200 1609 5268 quia
1639 5199 1691 5251 in
1724 5199 1828 5251 hac
1858 5197 2169 5267 cognitione
2195 5210 2319 5264 age-

752 5295 875 5346 luun
908 5307 1032 5361 quze
1057 5293 1226 5345 vitare
1254 5290 1562 5357 oportebat,
1598 5287 1773 5359 magis
1811 5297 2095 5357 preptcrea
2136 5301 2328 5354 pecca-

749 5388 919 5460 bam;
960 5397 1013 5441 et
1042 5387 1216 5455 magis
1261 5385 1393 5439 illud
1425 5393 1616 5439 contra
1658 5400 1746 5439 me
1788 5385 1972 5440 valens
2005 5384 2324 5448 ctliciebam,

755 5480 918 5532 robur
965 5479 1040 5532 illi
1089 5479 1296 5531 addens
1351 5492 1446 5545 per
1486 5478 1853 5546 cognitionem
1895 5486 2051 5530 actns
2101 5477 2325 5544 injusti,

750 5583 807 5629 ct
841 5573 1005 5627 debili
1033 5581 1087 5625 et
1135 5580 1352 5624 mortuo
1386 5571 1531 5625 vires
1572 5579 1628 5624 et
1653 5571 1816 5622 vitam
1855 5570 2151 5622 suscitans.
2183 5569 2320 5621 Cum

753 5678 934 5720 autem
966 5665 1099 5716 vixit
1126 5704 1139 5726 ,
1185 5678 1270 5715 me
1303 5661 1521 5716 occidit.
1556 5662 1858 5728 Antequam
1896 5659 2026 5711 illud
2063 5659 2128 5711 ad
2162 5661 2324 5712 vitam

755 5766 1105 5811 revocaretur
1125 5795 1140 5817 ,
1169 5752 1415 5806 vivebam
1444 5766 1544 5820 ego
1582 5753 1777 5820 magis.
1827 5750 1960 5803 Illud
1991 5759 2170 5803 autem
2207 5758 2326 5803 erat

756 5861 878 5905 ante
914 5849 1085 5918 legem
1118 5858 1169 5899 et
1195 5845 1540 5910 mandatum;
1593 5845 1663 5897 ita
1706 5853 1783 5908 ut,
1817 5843 2065 5912 quamvis
2101 5842 2182 5896 lex
2218 5857 2322 5893 non

2424 5010 2734 5092 φυλάξαντα
2752 5021 2855 5093 τήν
2883 5019 3100 5089 ἐντολὴν
3128 5017 3579 5087 ὁπολογιζομένη,
3611 5017 3706 5069 καὶ
3732 5017 3825 5069 διὰ
3851 5017 4005 5070 τοῦτο

2432 5116 2633 5186 μᾶλλον
2677 5113 3162 5168 διαδασκαίνουσα.
3211 5111 3322 5165 Καὶ
3355 5110 3467 5177 ἐγώ
3508 5110 3670 5162 πάλιν
3721 5111 3894 5176 γνοὺς
3925 5112 4007 5163 διὰ

2427 5209 2524 5277 τῆς
2557 5207 2776 5275 ἐντολῆς
2801 5207 2899 5276 τὴν
2920 5203 3218 5275 ἁμαρτίαν,
3242 5205 3317 5263 ὡς
3355 5202 3415 5254 ἐν
3454 5202 3654 5268 γνώσει
3686 5203 3956 5270 πραττων
3978 5202 4008 5254 ἃ

2430 5292 2652 5362 φεύγειν
2698 5293 2825 5356 ἔδει,
2883 5293 3084 5363 μᾶλλον
3135 5289 3275 5344 κατὰ
3318 5289 3474 5343 τοῦτο
3515 5290 3860 5359 ήμάρτανονο
3921 5292 4009 5342 καὶ

2432 5387 2632 5456 μᾶλλον
2661 5385 2831 5455 αὐτὴν
2856 5383 2975 5438 κατ’
3006 5382 3244 5452 ἐμαυτοῦ
3272 5380 3641 5454 ἐπερώννυον,
3678 5380 3840 5447 ίσχὺν
3875 5383 4008 5447 αἱ·τῇ

2427 5479 2515 5530 διὰ
2539 5478 2637 5546 τῆς
2683 5477 2826 5529 κατὰ
2853 5476 3056 5544 γνῶσιν
3094 5475 3297 5527 ἀτόπου
3337 5473 3590 5542 πράξεως
3629 5473 4005 5542 ἐπιχορηγῶν,

2430 5568 2523 5619 καὶ
2564 5562 2674 5618 οἷον
2703 5565 2905 5635 ἀσθενῆ
2951 5565 3044 5618 καὶ
3072 5564 3482 5632 νενεκρωμένην
3524 5557 3690 5614 οὖσαν
3739 5563 4008 5628 ἐνισχύων

2428 5659 2523 5710 καὶ⁵
2555 5657 2952 5726 ἀναζὶυπυρῶν.
2996 5655 3061 5707 Ἡ
3091 5654 3146 5706 δὲ
3174 5654 3387 5722 ζήσασα
3414 5653 3513 5722 ἐμέ
3558 5653 3858 5720 ἐνέκρωσε.
3902 5651 4007 5718 Πρῦ

2425 5750 2483 5801 δὲ
2506 5749 2598 5801 τοῦ
2647 5747 2916 5816 ἁναζῆται
2946 5745 3180 5814 ἐκείνην,
3217 5743 3324 5810 ἐγὼ
3371 5744 3508 5806 ἕξων
3560 5743 3780 5812 μᾶλλον.
3836 5741 4006 5793 Τοῦτο

2430 5841 2486 5893 δὲ
2517 5836 2584 5910 ῆν
2617 5840 2721 5911 πρὸ
2766 5839 2861 5892 τοῦ
2907 5839 3071 5907 νόμου
3111 5838 3204 5890 καὶ
3235 5836 3329 5904 τῆς
3361 5833 3580 5902 ἐντολῆς
3601 5850 3614 5862 ·
3656 5833 3797 5884 ὥστε
3838 5834 3887 5884 εἰ
3921 5834 4004 5883 καὶ
