4156 6438
221 410 354 477 123⁵1

1003 427 1468 495 FRAGMENTA
1521 434 1603 496 IN
1658 437 2076 501 EPISTOLAM
2130 442 2230 500 AD
2298 442 2671 505 ROMANOS.

3333 447 3469 512 1238

220 530 296 599 μὴ
326 532 352 582 ὁ
381 528 542 598 νῦμος
570 530 834 602 ἁμαρτία,
862 532 977 588 ἀλλ’
1004 533 1099 591 οὖν
1116 541 1325 595 ἐκείνου
1351 543 1618 610 δοθέντος.
1641 548 1784 601 κατὰ

1887 551 1957 605 sit
1987 560 2262 621 peccatum
2288 593 2302 617 ,
2352 554 2454 608 hac
2502 561 2681 609 tamen
2735 553 2887 619 data,
2931 552 3143 609 duobus
3176 556 3351 611 nmtlis
3388 574 3467 613 re-

215 621 309 672 δύο
343 622 572 689 τρόπους
606 625 640 694 η
671 625 917 695 ἁμαρτία
961 629 1246 701 ἀνέζησεν,
1286 635 1456 705 αὐτῆς
1486 653 1543 690 τι
1573 639 1791 709 ἐκείνης

220 712 423 779 μᾶλλον
452 712 587 782 πρὸς
615 716 861 771 ἐπίθεσιν
898 722 1347 791 άνακινηθείσης⁶
1366 726 1461 778 καὶ
1496 727 1795 799 διεγερθεί-

217 816 337 868 σης,
388 804 481 854 καὶ
520 804 679 873 ἡμῶν
704 810 770 878 τῇ
794 810 936 863 κατὰ
968 813 1169 880 γνῶσιν
1212 817 1429 888 ἐκτὸπῳ
1461 819 1656 889 πράξει
1706 822 1790 873 ἐν-

219 893 553 959 ἰσχυσάντων
583 896 773 970 αὑτήν·
798 901 894 953 καὶ
910 902 1011 972 τὴν
1033 904 1155 956 καθ’
1193 906 1352 976 ἡμῶν
1377 909 1671 978 ἐπιϐουλὴν
1695 915 1795 964 σὺν

218 984 505 1055 παρρησίᾳ
531 990 975 1059 παρασχομένην.
1016 992 1179 1048 Ἀλλ’
1205 994 1408 1064 ἐκείνη
1437 997 1557 1067 μὲν
1582 999 1792 1069 ἀνέζη-

217 1084 350 1135 σεν,
382 1073 497 1141 ἐγὼ
527 1074 595 1128 δὲ
622 1077 947 1135 ἀπέθανον.

301 1162 370 1215 Ἡ
408 1164 521 1233 γὰρ
548 1169 803 1235 ἁμαρτία
852 1170 1133 1241 ἀφορμὴν
1173 1177 1469 1234 λαϐοῦσα.
1506 1178 1797 1251 ’Δνωτέρω

1902 645 2038 698 vixit
2068 654 2371 713 peccatum.
2399 645 2537 700 lllud
2563 646 2737 712 magis
2770 646 2836 699 ad
2871 647 3296 715 impugnandum
3332 649 3471 703 inci-

1897 738 2069 785 tatum
2103 741 2159 787 et
2188 736 2491 787 animatum
2538 734 2700 789 nobis
2732 734 2912 787 alieno
2950 736 3253 791 secundum
3284 737 3473 804 cogni-

1894 820 2093 875 tionem
2125 832 2248 876 actn
2276 824 2543 879 valentius
2566 823 2697 878 illud
2724 822 3107 891 ellicicntibus,
3142 834 3333 880 contra
3365 840 3468 879 nos

1893 911 1948 966 in
1977 913 2233 980 impetum
2278 913 2663 977 audacissime,
2693 914 2874 968 irruit.
2904 914 3009 970 Sed
3054 925 3329 985 peccatum
3378 931 3466 969 rc-

1890 1004 2019 1057 tn'n't
2044 1044 2062 1069 ,
2086 1019 2179 1072 ego
2200 1012 2380 1057 autem
2408 1014 2647 1058 mortuus
2678 1020 2816 1059 sunt.

1966 1181 2107 1236 Nam
2151 1191 2424 1251 peccatum
2465 1185 2738 1240 occasione
2768 1194 3003 1251 accepta.
3047 1185 3227 1252 Supra
3275 1184 3461 1240 dixit:

218 1252 385 1346 εἰπὼν
425 1254 529 1346 ὅτι,
573 1256 878 1346 ’.ἐφορμήν
904 1262 1181 1318 λαϐοῦσα
1206 1265 1246 1333 ἠ
1268 1268 1542 1338 ἁμαρτία,
1565 1285 1796 1339 κατειρ-

1888 1278 2173 1331 Occasione
2226 1285 2439 1345 accepta
2502 1287 2773 1345 peccatum
2825 1286 3101 1346 operatum
3146 1288 3224 1332 est
3279 1280 3335 1332 in
3385 1295 3467 1333 nte

216 1342 443 1409 τασατο
471 1344 543 1396 ἐν
578 1344 709 1414 ἐμοί
751 1346 959 1404 πᾶσαν
992 1350 1331 1423 ἐπιθυμίαν,
1356 1357 1552 1427 ἐπάγει
1585 1359 1687 1424 δτι,
1714 1359 1793 1415 Οὐ

220 1431 381 1500 μόνον
429 1434 727 1505 ἐπιθυμίαν
776 1440 954 1494 πᾶσαν
1004 1445 1409 1514 κατειργάσατο
1429 1486 1447 1513 ,
1506 1449 1646 1503 ἀλλὰ
1698 1453 1792 1504 καὶ

218 1519 529 1578 ἐθανάτωσέ
561 1543 652 1596 με.
684 1527 832 1599 Αὕτη
874 1531 1101 1601 γέγονεν
1138 1536 1216 1598 εἰς
1254 1537 1505 1592 θάνατον.
1535 1535 1668 1593 Εῐτα
1715 1540 1794 1603 ὡς

216 1609 336 1673 ἔθος
364 1611 514 1683 αύτῷ
543 1617 725 1679 αἰτίας
749 1619 949 1683 αἰτίαις
975 1624 1279 1695 συνείρειν,
1314 1627 1411 1682 καὶ
1429 1628 1529 1700 τὴν
1561 1631 1794 1685 ἀκολου-

220 1701 339 1755 θίαν
371 1703 672 1763 ἐνδεικύναι
712 1710 807 1762 ua‘t
835 1710 945 1764 τῶν
974 1716 1317 1785 πραγμάτων
1356 1719 1419 1771 ἐν
1450 1721 1565 1785 τοῖς
1588 1720 1791 1789 λόγοις,

218 1791 503 1863 ἀνατρέχει
535 1796 632 1849 καὶ
681 1796 863 1867 τίθησί
910 1817 1050 1865 πως·
1104 1807 1545 1876 Ratun-derata
1584 1808 1793 1868 πᾶσαν

216 1878 555 1949 dumut/av"
587 1884 683 1937 καί
715 1902 849 1957 φησι
861 1906 900 1955 ι,
942 1892 1074 1945 ὀτι
1092 1892 1371 1963 ἀφορμὴν
1399 1898 1674 1952 λαϐοῦσα
1693 1899 1794 1964 ἐξ·

213 1970 487 2040 πιότησέ
500 1990 598 2042 με.
621 1972 754 2031 mra
971 1985 1030 2034 τὸ
1045 1953 1356 2055 πρδρβτξθέν
1377 1990 1519 2041 νοεῖν
1536 1953 1792 2055 ἐνταῦθα,
1825 1953 1865 2007 Β

1893 1383 2095 1421 omnem
2123 1368 2619 1435 concupiscentiam.
2682 1367 2884 1431 Addit‘,
2937 1367 3084 1437 quod
3132 1382 3239 1423 non
3286 1367 3463 1422 solum

1892 1473 2109 1515 omnem
2143 1458 2645 1528 concupiscentiam
2681 1465 2969 1526 apemtum
3000 1466 3123 1522 est,
3163 1458 3256 1512 sed
3282 1465 3338 1511 et
3364 1471 3465 1511 oc-

1891 1551 2023 1605 cidit
2049 1565 2155 1605 nte.
2195 1548 2328 1603 Illud
2364 1548 2569 1602 factum
2598 1557 2685 1602 est
2716 1549 2768 1601 in
2799 1558 3057 1601 mortem.
3081 1546 3305 1613 Deinde,
3336 1562 3461 1602 cum

1892 1652 2014 1694 mos
2046 1645 2132 1693 est
2158 1636 2239 1691 illi
2267 1652 2463 1691 causas
2490 1636 2681 1691 causis
2709 1649 3023 1699 conserere,
3062 1647 3116 1690 et
3144 1638 3341 1690 seriem
3374 1651 3465 1691 re-

1892 1744 2014 1783 rum
2041 1728 2329 1784 ostendere
2356 1729 2408 1781 in
2434 1728 2634 1793 verbis,
2662 1728 2853 1795 relegit
2881 1736 2937 1781 et
2959 1729 3113 1796 ponit
3141 1728 3417 1797 quomodo
3444 1744 3464 1785 :

1895 1816 2184 1886 Operatunt
2227 1826 2305 1870 est
2352 1832 2555 1870 omnem
2607 1818 3123 1885 concupiscentiam;
3179 1827 3236 1872 et
3280 1818 3412 1871 dicit
3448 1834 3464 1871 :

1894 1907 2034 1973 Quia
2089 1907 2365 1960 occasione
2414 1918 2627 1976 accepta
2678 1908 2888 1962 seduxit
2938 1924 3039 1962 me.
3088 1906 3257 1967 Dein.
3299 1910 3467 1961 mittit

1896 1998 1968 2052 ibi
2006 1995 2458 2068 signiﬁcationem
2481 2011 2670 2053 eorum
2703 2013 2826 2067 qua:
2852 2008 3010 2051 antea
3043 1998 3291 2061 dixerat,
3315 1998 3463 2066 quod

214 2056 297 2115 ὄτι
334 2062 428 2117 Ἐκ
460 2063 650 2119 τούτου
671 2066 1039 2139 διειργάσατο
1058 2071 1156 2144 τὴν
1183 2073 1498 2145 ἐπιθυμίαν,
1521 2077 1617 2132 καί
1641 2076 1796 2133 τοῦτο

1893 2104 1961 2144 ex
2000 2056 2105 2145 hoc
2143 2100 2429 2159 operatum
2468 2098 2553 2144 est
2576 2103 2795 2143 omnem
2831 2088 3333 2157 concupiscentiam
3359 2129 3374 2151 ,
3408 2097 3465 2141 et

217 2155 381 2220 ὰφείς
458 2156 817 2212 ἐπισυνάπτει
860 2160 924 2213 τὸ
994 2161 1179 2229 τέλος,
1242 2166 1341 2219 καί
1400 2166 1796 2224 ἀπέκτεινεν·

217 2241 284 2295 ἰν’
396 2246 545 2299 κατὰ
595 2248 975 2318 συνέχειαν,εί
1015 2270 1099 2317 τις
1139 2254 1616 2323 ἀναλάϐοι,οὖτως
1644 2260 1795 2331 αὐτῷ

215 2335 523 2404 εἰρημένον·
570 2336 877 2408 Ἀφορμήν
899 2342 1177 2398 λαϐοῦσα
1199 2346 1239 2413 ἠ
1273 2345 1528 2415 ἁμαρτία
1557 2366 1791 2420 κατειρ-

217 2420 443 2490 γάσατο
473 2425 546 2478 ἐν
572 2426 703 2494 ὲμοί
743 2427 953 2485 πᾶσαν
993 2431 1342 2502 ἐπιθυμίαν·
1369 2435 1468 2506 τὴν
1495 2436 1553 2490 δέ
1599 2440 1791 2494 ἐπιθυ-

220 2512 347 2581 μίαν
378 2517 777 2587 κατειργάσατο
811 2520 1171 2593 άπατήσασα·
1203 2526 1558 2599 ἐργασαμένη
1601 2530 1659 2583 δὲ
1688 2532 1786 2603 τὴν

217 2605 534 2674 ἐπιθυμίαν,
586 2609 873 2664 ἀπέκτεινέ
909 2629 998 2681 με.
1032 2615 1220 2669 Ἔστιν
1258 2616 1352 2670 οὖν
1401 2619 1586 2689 ἀπάτη
1637 2624 1789 2677 αἰτία

215 2694 312 2784 τῆς
334 2696 648 2767 ἐπιθυμίας.
690 2700 754 2754 Ἦ
792 2701 850 2755 δέ
882 2704 1144 2775 ἐπιθυμία
1182 2707 1276 2760 τοῦ
1303 2708 1533 2764 θανάτου
1558 2727 1572 2742 ·
1604 2713 1702 2784 τὴν
1728 2715 1787 2767 δέ

214 2783 427 2854 ἀπάτην
469 2787 763 2856 εἰργάσατο
800 2794 888 2847 διὰ
919 2794 1019 2863 τῆς
1060 2795 1281 2866 ἐντολῆς
1309 2800 1344 2869 ἠ
1385 2783 1667 2870 ἁμαρτία·
1698 2804 1786 2858 ῐνα

214 2877 353 2964 φανῇ
370 2874 442 2964 ,τὸ
474 2876 811 2946 ύπερὸάλλον
834 2880 932 2952 τῆς
958 2885 1156 2949 κακίας
1185 2888 1378 2959 αὐτῆς,
1409 2889 1497 2944 διά
1520 2892 1613 2945 τοῦ
1644 2894 1782 2964 ἀγα-

212 2961 306 3012 θοῦ
333 2962 396 3013 τὸ
426 2963 685 3019 κάκιστον
709 2970 1103 3043 ἐργαζομένης.

281 3053 525 3109 Φωτίου.
577 3056 671 3110 Ἐκ
706 3058 957 3132 δευτέρου
1003 3063 1058 3117 δέ
1091 3065 1195 3138 ἐφη
1242 3069 1324 3135 τὸ,
1386 3074 1670 3129 Λασοῦσα
1724 3078 1764 3145 ἠ

208 3143 460 3211 ἁμαρτία
500 3147 779 3219 ἀφορμὴν
833 3152 930 3208 διὰ
979 3154 1092 3224 τῆς
1146 3158 1424 3229 ἐντολῆς·
1491 3165 1561 3218 τὰ
1638 3143 1778 3220 αὐτά

208 3233 467 3341 ⁸ηοιιιίλξιξς
494 3240 951 3341 κατασκξυάζωνμ·
974 3247 1068 3341 καὶ
1096 3249 1320 3341 εἰκότως
1339 3269 1354 3285 ·
1386 3254 1632 3326 μεγάλην
1660 3256 1771 3326 γάρ
1796 3283 1838 3341 C

207 3316 336 3417 εἶχε⁸
377 3322 535 3417 δόξαν
584 3329 614 3380 ὁ
662 3328 846 3398 νόμος.
908 3334 1190 3391 Δείκνυσιν
1234 3336 1329 3394 οὖν
1380 3316 1544 3398 αὐτὸν
1585 3316 1769 3417 ’μηδὲν

204 3410 540 3505 ιθφελοῦντα,
566 3418 683 3472 ἀλλ’
712 3423 777 3473 ἐκ
800 3428 1175 3495 περιστάσεως
1210 3432 1304 3486 καὶ
1330 3410 1615 3505 βλάψαντα
1632 3456 1647 3468 ·
1664 3410 1767 3491 -τνα

206 3501 614 3597 εύπαράδεκτος
663 3512 911 3582 γίνηται,
961 3519 1253 3589 κηρύσσων
1298 3501 1360 3578 eo
1390 3501 1607 3595 ἀφεῖναι
1668 3528 1769 3597 μὲν

202 3592 387 3659 αὐτὸν,
415 3598 778 3671 προσδραμεῖν
807 3605 865 3659 δὲ
892 3611 958 3679 τῇ
993 3612 1169 3664 πὶστιι
1191 3592 1446 3683 Χριστοῦ.

457 3689 635 3745 Ὥστε
661 3696 695 3746 ό
719 3694 840 3761 μὲν
864 3699 1051 3765 νόμος
1082 3701 1272 3771 ἅγιος,
1306 3724 1359 3760 κ.
1384 3725 1437 3763 τ.
1466 3708 1518 3763 λ.

271 3781 513 3835 1βωτίου.
558 3782 631 3835 Σὺ
671 3782 727 3835 δέ
764 3787 948 3850 ἁπλῶς
990 3790 1215 3846 δύνασαι
1261 3794 1419 3863 ἅγιον
1465 3799 1558 3853 τὸν
1606 3803 1768 3872 νόμον

200 3870 375 3923 εἰπεῖν
396 3887 411 3902 ·
446 3874 527 3925 ὅτι
554 3873 846 3941 ἐφύλαττεν
880 3880 988 3931 άπὸ
1025 3884 1364 3955 ἀκαθαρσίας
1396 3891 1521 3952 τοὺς
1560 3870 1767 3959 φυλάτ-

198 3976 386 4022 τοντας
429 3962 627 4015 αὐτόν·
654 3963 883 4033 δίκαιον,
923 3970 1006 4023 ὅτι
1052 3974 1179 4035 τοὺς
1209 3975 1310 4044 μιν
1339 3981 1762 4051 κατορθοῦντας,

198 4051 458 4119 ἠμείϐετο
495 4052 751 4124 δωρεαῖς·
786 4061 899 4122 τοῖς
941 4060 998 4113 δὲ
1040 4066 1489 4134 παρασαίνουσιν,
1522 4074 1763 4128 ἐπετίθει

195 4139 296 4233 τάς
330 4142 619 4233 τιμωρίας.
662 4146 907 4214 Ἀγαθὸν,
938 4151 1019 4203 ὅτι
1044 4153 1141 4222 οὐχ
1166 4155 1426 4226 ἡδόμενος
1449 4163 1565 4224 ταῖς
1593 4179 1767 4233 τιμω-

198 4227 343 4319 ρίαις
376 4230 410 4292 ἢ
442 4231 580 4303 ὀργῇ
620 4235 899 4305 χρώμενος
943 4242 1234 4308 ἐκόλαζεν·
1265 4248 1404 4302 ἀλλὰ
1450 4252 1549 4319 τῆς
1580 4227 1763 4306 αὐτῶν

193 4317 702 4414 ἕνεκεν-σωτηρίας.
734 4328 842 4380 Καὶ
880 4330 959 4382 ἐτι
987 4332 1069 4385 ὅτι
1103 4337 1275 4407 μικρὰ
1313 4317 1637 4410 κατορθοῦσι
1664 4362 1763 4414 με-

192 4406 339 4500 γάλα
383 4411 697 4481 ἐχαρίζετο·
744 4421 838 4470 καὶ
868 4406 1282 4491 ἁμαρτάνοντας
1326 4406 1610 4500 περιεῖπε·
1663 4406 1759 4487 καὶ

191 4498 260 4550 οὐ
290 4501 421 4553 κατ’
448 4503 606 4568 άξίαν
634 4505 742 4559 τῶν
765 4508 1252 4583 πλημμελημάτων
1277 4498 1553 4584 ἐκόλαζεν.
1583 4522 1758 4586 Αὐτὸς

1892 2182 2022 2237 illud
2054 2183 2276 2237 mittens
2301 2181 2463 2236 linem
2495 2181 2724 2246 intexit,
2766 2189 2815 2234 et
2842 2181 3066 2246 occidit,
3117 2188 3176 2234 ut
3206 2190 3464 2249 appareat

1891 2275 2176 2337 connexio,
2204 2274 2251 2329 si
2278 2273 2404 2343 quis
2431 2273 2531 2327 hoc
2560 2273 2719 2326 modo
2747 2271 2888 2327 dicta
2922 2271 3043 2341 ejus
3067 2271 3325 2341 perlegat.
3354 2268 3462 2326 0c-

1889 2366 2100 2418 cast'one
2115 2374 2350 2434 accepta,
2376 2370 2648 2433 peccatum
2671 2371 2941 2432 operatum
2959 2371 3036 2416 est
3064 2364 3120 2416 in
3153 2378 3234 2416 me
3258 2377 3465 2415 omnem

1888 2452 2897 2523 concupiscentiam.Concupiscentiam
2917 2468 3044 2507 vero
3074 2465 3357 2522 operatum
3379 2461 3464 2506 est

1887 2543 2233 2606 seducentlo,
2293 2553 2349 2597 et
2390 2542 2670 2612 operando
2727 2544 3227 2613 concupiscentiam
3258 2544 3462 2599 occidit

1887 2647 1995 2687 tne.
2064 2631 2321 2687 Seductio
2412 2631 2577 2701 igitur
2619 2646 2787 2686 causa
2836 2641 2921 2687 est
2971 2634 3457 2702 concupiscentia;

1886 2723 2322 2792 concupiscentia
2363 2732 2544 2776 autem
2600 2723 2813 2777 mortis.
2866 2720 3251 2778 Seductionem
3327 2740 3459 2779 vero

1885 2822 2165 2882 operatum
2190 2824 2274 2867 est
2295 2828 2389 2881 per
2408 2812 2722 2866 mandatum
2758 2822 3041 2881 peccatum
3068 2831 3083 2879 ;
3127 2824 3185 2867 ut
3210 2818 3457 2869 ostende-

1884 2914 2033 2958 retur
2093 2903 2314 2957 tnalitia:
2349 2903 2469 2973 ejus
2518 2903 2896 2969 immensitas,
2931 2917 3056 2959 cum
3111 2919 3207 2973 per
3255 2904 3457 2959 bonum

1880 2994 2175 3064 pessimum
2207 3002 2483 3062 operetur.

1951 3083 2148 3138 Photii.
2180 3082 2436 3139 Secundo
2459 3091 2640 3137 autem
2690 3082 2829 3138 dixit
2858 3102 2871 3139 :
2911 3080 3204 3137 Occasione
3241 3093 3459 3153 accepta

1878 3190 1970 3244 per
1990 3176 2324 3238 mandatum,
2359 3181 2650 3241 peccatum.
2710 3172 2910 3229 Eadem
2955 3174 3105 3228 vario
3161 3176 3325 3229 modo
3362 3191 3455 3229 ex-

1948 3282 2119 3330 nens;
2169 3274 2224 3320 et
2249 3269 2485 3320 merito:
2525 3279 2777 3334 magnam
2833 3266 2979 3319 enim
3018 3265 3208 3319 habuit
3239 3266 3457 3320 laudem

1903 3376 1990 3416 ex.
2034 3356 2287 3412 Ostendit
2329 3356 2496 3426 igitur
2540 3370 2660 3411 eam
2710 3355 2844 3411 nihil
2880 3355 3187 3427 profuisse,
3237 3357 3332 3413 sed
3388 3371 3457 3411 ex

1876 3446 2285 3505 circumstantia
2329 3447 2492 3501 etiam
2523 3447 2807 3513 nocuisse;
2848 3455 2909 3501 ut
2950 3446 3135 3502 clarus
3167 3447 3453 3511 videatur,

1876 3540 2095 3610 quando
2139 3538 2399 3607 praedicat
2428 3536 2576 3591 illam
2606 3538 2835 3594 desiisse
2861 3537 2987 3594 ﬁdei
3018 3537 3226 3594 Christi
3255 3554 3457 3609 prece-

1878 3630 2115 3683 dentem.

2020 3716 2184 3773 Vsns.
2216 3716 2304 3771 η.
2339 3715 2527 3786 Itaque
2548 3716 2633 3770 (ea:
2652 3718 2862 3786 quidem
2892 3728 3080 3773 sancta
3102 3758 3117 3783 ,
3147 3729 3255 3774 etc.

1943 3810 2146 3865 Photii.
2179 3807 2261 3862 Tu
2279 3808 2527 3864 absolute
2550 3810 2757 3879 poteris
2771 3821 3016 3865 sanctam
3048 3814 3217 3882 legem
3246 3813 3449 3871 dicere.

1875 3900 2017 3969 quod
2056 3900 2126 3953 ab
2158 3897 2504 3952 immunditia
2551 3898 2891 3954 custodiebat
2920 3913 3205 3956 servantes
3256 3902 3404 3957 illam
3432 3942 3450 3968 ,

1869 3992 2113 4061 justam,
2161 3990 2307 4060 quod
2350 3999 2495 4044 recte
2540 3999 2762 4059 agentes
2812 3990 2972 4047 donis
3017 3995 3405 4048 remunerabat
3434 4034 3450 4057 .

1874 4089 2307 4151 transgressores
2371 4090 2552 4134 autem
2612 4082 2789 4149 pennis
2842 4083 3153 4151 multabat;
3216 4084 3449 4149 bonam,

1872 4172 2019 4241 quod
2059 4186 2167 4225 non
2198 4172 2377 4239 poenis
2409 4179 2465 4225 et
2498 4172 2577 4225 ira
2609 4171 2855 4241 gaudens
2896 4174 3097 4242 quibus
3148 4177 3405 4229 utebatur
3432 4215 3450 4239 ,

1871 4260 2168 4331 puniebat,
2215 4260 2309 4313 sed
2340 4260 2406 4313 ad
2433 4261 2834 4329 procurandam
2859 4276 3049 4317 eorum
3083 4264 3312 4321 salutem
3339 4301 3355 4327 ,
3395 4257 3465 4319 et"

1870 4358 2105 4426 amplius
2125 4396 2140 4420 ,
2168 4356 2312 4426 quod
2344 4372 2510 4426 parva
2536 4358 2674 4413 bene
2700 4369 2918 4426 agentes
2947 4362 3160 4431 magnis
3188 4361 3447 4420 donabat.

1870 4455 1923 4502 et
1953 4456 2299 4517 peccatores,
2334 4464 2511 4518 neque
2544 4450 2736 4519 dignas
2767 4451 2985 4505 illorum
3016 4451 3230 4508 delictis
3258 4469 3445 4524 poenas

1867 4542 2140 4592 sumebat.
2176 4537 2267 4593 Ille
2299 4547 2480 4593 autem
2512 4539 2615 4593 ista
2652 4554 2974 4608 percurrens
3004 4556 3069 4596 ex
3107 4543 3193 4596 his
3222 4546 3447 4599 conclu-

187 4592 248 4643 δὲ
267 4592 449 4702 satira.
479 4598 851 4668 παραδραμὼν
875 4604 939 4654 ἐκ
966 4604 1169 4658 τούτων
1197 4610 1556 4679 συμπεραίνει
1600 4612 1756 4681 ἆγιον
1788 4628 1796 4683 1

1878 4629 1941 4683 lit
1967 4638 2230 4691 sanctam,
2252 4628 2459 4696 justam
2490 4638 2544 4684 et
2569 4592 2769 4685 bonam
2798 4646 2920 4686 esse
2955 4633 3126 4702 legem
3160 4643 3256 4688 aut
3285 4651 3437 4689 man-

189 4683 289 4734 καὶ
313 4682 522 4737 δίκαιον
545 4687 639 4739 καί
681 4690 884 4757 ἀγαθὸν
910 4688 1047 4745 εἶναι
1092 4696 1185 4748 τὸν
1216 4697 1379 4767 νόμον
1414 4700 1445 4772 ἢ
1472 4701 1571 4770 τὴν
1610 4704 1761 4755 ἐντο-

187 4772 312 4841 λήν.
371 4773 459 4841 Ἐξ
499 4777 618 4840 ἐνὸς
651 4780 768 4848 μὲν,
818 4783 899 4834 ὅτι
934 4782 1141 4848 ἐδίδαξὲ
1196 4803 1263 4856 με
1304 4789 1402 4859 τὴν
1448 4792 1756 4861 ἁμαρτίαν·

186 4864 287 4916 καὶ
319 4866 547 4930 ἐπέταξε
583 4875 774 4938 φυγεῖν
811 4874 1001 4946 αὑτήν.
1061 4878 1149 4943 Ἐξ
1180 4879 1371 4948 ἐτέρου
1409 4881 1487 4947 δέ,
1537 4884 1619 4936 ὅτι
1651 4902 1756 4954 κη-

184 4956 409 5025 δὸμενος
434 4959 529 5012 καὶ
570 4965 868 5031 φροντίζων
901 4968 1059 5021 τοῦτο
1088 4970 1363 5041 ἐποίησεν.
1417 4974 1606 5041 Ἀγιος
1638 4973 1752 5042 οὖν,

184 5048 272 5099 ὅτι
291 5048 515 5114 ἐδίδαξε,
537 5053 631 5104 καὶ
661 5056 886 5119 ἐπέταξε
913 5063 1104 5126 φυγεῖν
1124 5060 1232 5113 ἀπὸ
1261 5062 1361 5132 τῆς
1383 5064 1744 5129 ἀκαθαρσίας.

185 5135 429 5200 Δίκαιος,
463 5140 545 5191 ὅτι
573 5142 789 5207 διδάξας
821 5146 980 5211 οὕτω,
1012 5150 1111 5217 τὴν
1138 5153 1406 5220 τιμωρίαν
1428 5154 1555 5215 τοὺς
1574 5155 1746 5223 ἁμαρ-

187 5224 449 5288 τάνοντας
469 5230 691 5284 ἀπαιτεῖ
711 5246 723 5261 ·
748 5234 948 5300 ἀγαθὸς
970 5236 1046 5300 δέ,
1075 5238 1157 5291 ὅτι
1192 5240 1285 5294 καὶ
1319 5241 1464 5311 ζωήν
1498 5260 1590 5311 μοι
1612 5260 1750 5313 προ-

186 5314 476 5384 νοούμενος
502 5318 671 5372 ταῦτα
695 5324 957 5379 ἐπετέλει.

370 5406 440 5458 Τὸ
470 5401 583 5460 οὖν
603 5409 828 5477 ἀγαθὸν
867 5412 995 5482 ἐμοὶ
1030 5415 1237 5485 γέγονε
1284 5420 1560 5489 θάνατος.

260 5496 503 5551 Φωτίου.
539 5499 613 5552 Τὸ
648 5501 873 5569 μέγεθος
908 5506 965 5559 δέ
994 5507 1224 5579 ἠθέλησε
1247 5510 1418 5579 δεῖξαι
1447 5518 1543 5585 τῆς
1567 5517 1749 5588 ἀμαρ-

180 5585 339 5648 τίας·
382 5588 475 5641 καὶ
504 5590 691 5663 ἐπειδὴ
740 5595 941 5665 ταύτης
986 5600 1065 5660 εἰς
1095 5601 1293 5655 κακίαν
1329 5605 1512 5671 μεῖζον
1546 5585 1646 5660 οὐκ
1682 5585 1749 5677 ἦν

183 5677 400 5749 εὑρεῖν·
435 5680 503 5733 δι’
534 5682 705 5753 αὐτῆς
749 5687 953 5758 ταύτης
984 5689 1388 5762 ἐνδεικνύμενος
1420 5694 1479 5748 τὸ
1512 5696 1745 5765 μέγεθος

186 5768 353 5834 φησίν
371 5768 533 5823 ’Ἵνα
550 5773 711 5841 φανῇ
739 5778 1010 5845 ἁμαρτία·
1030 5782 1304 5835 τουτέστιν
1327 5784 1413 5837 ἶνα
1435 5784 1748 5857 ἐκκαλυφθῇ

185 5860 355 5929 αὐτῆς
385 5864 411 5915 ὁ
445 5864 546 5926 πᾶς
576 5863 674 5933 τῆς
711 5868 899 5931 κακίας
947 5870 1190 5937 πλοῦτος,
1221 5874 1312 5927 καὶ
1343 5875 1375 5943 η
1403 5874 1553 5943 ἰσχὺς
1581 5876 1749 5945 αὐτῆς

1869 4724 2053 4773 datum
2095 4735 2109 4771 :
2152 4733 2219 4772 ex
2261 4733 2372 4773 uno
2403 4719 2646 4788 quidem,
2683 4721 2828 4790 quod
2867 4722 3057 4776 didicit
3085 4724 3218 4777 mihi
3251 4740 3444 4793 pecca«

1867 4818 2004 4871 tum.
2033 4820 2085 4863 ct
2108 4811 2362 4879 praecepit
2390 4819 2448 4864 ut
2476 4810 2606 4865 illud
2638 4809 2879 4882 fugerem
2906 4830 2920 4877 ;
2945 4828 3010 4867 ex
3038 4813 3209 4870 altero
3234 4825 3443 4881 autem,

1864 4900 2007 4969 quod
2031 4900 2203 4953 libens
2229 4908 2283 4953 et
2308 4902 2597 4955 consulens
2624 4900 2727 4956 hoc
2744 4903 2871 4971 egit.
2898 4901 3094 4957 Sancta
3120 4919 3271 4974 ergo,
3293 4908 3442 4973 quod

1852 4990 2082 5054 didicit,
2137 5001 2189 5044 et
2214 4991 2469 5061 praecepit
2522 5000 2581 5045 ut
2633 4991 2878 5063 fugerem
2926 4995 2994 5048 ab
3046 4996 3437 5073 immunditia,
3535 4982 3541 4989 ⁸

1849 5081 2027 5150 justa,
2052 5080 2215 5149 quod,
2248 5090 2535 5151 postquam
2570 5083 2652 5137 sic
2678 5084 2911 5151 didicit,
2960 5101 3148 5155 pmnas
3192 5088 3260 5144 de
3306 5105 3464 5159 pec--

1854 5171 2103 5225 cantibus
2161 5171 2368 5236 sumit,
2428 5172 2568 5226 bona
2614 5185 2833 5239 autem,
2886 5176 3031 5245 quod
3090 5177 3255 5232 vitam
3301 5179 3433 5236 mihi

1860 5261 2150 5330 providens
2181 5260 2295 5315 hac
2320 5261 2571 5331 perfecit.

1968 5421 2119 5487 Quod
2150 5438 2273 5492 ergo
2306 5423 2497 5477 bonum
2519 5436 2627 5491 est,
2663 5427 2792 5480 mihi
2822 5428 3025 5495 factum
3052 5440 3126 5483 est
3163 5446 3325 5482 mors.

1928 5511 2130 5567 Photii.
2172 5512 2599 5582 Magnitudinem
2646 5518 2816 5572 voluit
2852 5521 3141 5574 ostendere
3184 5522 3431 5589 peccati;

1856 5610 1912 5656 et
1943 5606 2206 5672 quoniam
2238 5605 2375 5659 nihil
2404 5606 2632 5661 inveniri
2664 5619 2843 5675 posset
2875 5612 2968 5663 illo
2998 5613 3176 5681 majus
3207 5615 3271 5667 aII
3312 5632 3429 5669 nta-

1856 5692 1968 5747 lum
2002 5695 2401 5762 procurandum
2428 5738 2443 5762 ,
2471 5712 2567 5766 per
2590 5699 2720 5752 illud
2750 5701 2927 5768 ipsum
2964 5702 3137 5771 ipsius
3164 5706 3429 5761 exhibens

1861 5785 2288 5853 magnitudinem
2356 5786 2489 5841 dicit
2551 5803 2565 5839 :
2643 5788 2708 5841 Ut
2786 5803 3039 5859 appareat
3118 5803 3424 5862 peccaram,

1857 5876 1907 5929 iJ
1949 5885 2063 5943 cst,
2107 5884 2162 5930 ut
2196 5878 2498 5938 revelantur
2533 5880 2680 5937 illius
2708 5882 2975 5939 malorum
3003 5887 3251 5942 omnium
3282 5887 3421 5941 divi-
