4156 6438
705 415 842 484 1239
1864 420 2125 481 ΡΗΟΤΙΙ
2157 421 2291 483 ΡΑΤ

2390 424 2657 486 ΑΒΕΙΙΒ
2693 426 2802 487 CP.
3807 435 3943 499 1240

704 535 826 598 tiae,
857 539 912 586 et
942 529 1088 584 illius
1134 529 1304 584 robur
1327 529 1473 598 quod
1521 529 1576 583 in
1623 527 1744 598 ipso
1769 537 1894 595 est;
1925 537 2184 599 tanquam
2212 539 2274 586 ut

2390 535 2404 603 ἱ
2442 534 2501 586 ἐν
2533 534 2694 604 αὐτῇ.
2726 529 2856 588 οἷον
2884 535 2954 588 ἶν’
2981 537 3121 609 ὅπερ
3153 537 3303 591 ἐστὶν
3349 539 3445 610 ὅλη
3479 541 3557 605 ὡς
3595 542 3695 613 ὅλη
3727 547 3954 615 γένηται

701 625 850 696 quod
895 633 1068 679 totum
1107 633 1223 687 est,
1276 632 1449 677 totum
1494 621 1777 678 manifeste
1813 635 2092 694 appareat.
2138 625 2276 680 Cum

2390 624 2644 695 ἐκφανής.
2702 625 2827 678 Ἐπὶ
2865 626 2966 696 μὲν
3000 623 3110 698 γὰρ
3143 627 3253 680 τῶν
3285 628 3462 682 ἄλλων
3497 630 3812 701 ὑπερϐολήν
3835 653 3955 688 τινα

702 721 848 771 enim
899 717 1170 770 malorum
1209 716 1442 768 aliorum
1488 715 1917 785 magnitudinem
1962 730 2282 785 comparare

703 806 994 869 volumus,
1045 817 1342 872 possumus
1381 802 1531 856 aliud
1561 803 1693 871 quid
1725 803 1963 872 adjicere
2007 803 2086 857 illi
2133 803 2281 872 quod

707 894 998 962 :illligimur
1024 909 1039 957 ;
1084 901 1146 945 ut
1192 892 1458 946 scelestus
1487 892 1682 945 eratin
1715 900 1924 946 tantum
1953 891 2120 958 Cain,
2149 893 2281 962 quia

709 981 954 1033 latricitla
991 979 1167 1034 factus
1192 990 1276 1034 est
1317 1019 1332 1045 ,
1389 989 1444 1034 et
1485 979 1596 1034 Deo
1630 981 1839 1049 primus
1871 983 2134 1036 mentitus
2175 991 2280 1036 est.

712 1068 774 1121 Et
802 1084 1010 1131 rursus,
1037 1083 1145 1122 non
1181 1085 1276 1137 per
1307 1070 1678 1140 prodigiorum
1709 1071 2077 1126 ostensionem
2103 1071 2282 1128 addu-

711 1171 830 1213 ctus
869 1169 956 1213 est
990 1160 1206 1214 Pharao
1236 1159 1304 1213 ad
1335 1160 1675 1213 liberandum
1710 1159 2006 1226 lsraelitas,
2039 1171 2099 1216 ut
2126 1163 2286 1217 exbi-

712 1249 901 1305 beatur
962 1251 1108 1304 illius
1171 1252 1456 1306 sententia:
1511 1251 1807 1305 crudelitas
1859 1260 1916 1304 et
1976 1253 2162 1306 odium
2217 1253 2274 1308 in

715 1346 918 1408 Deum;
966 1352 1021 1396 et
1076 1343 1130 1396 in
1174 1343 1386 1397 caeteris
1439 1342 1605 1396 idem.
1667 1339 1804 1396 Nam
1843 1342 2076 1397 inveniri
2113 1351 2289 1411 potest

713 1433 918 1500 aiquid
969 1433 1220 1501 praesenti
1271 1433 1417 1486 malo
1467 1432 1624 1501 pejus
1649 1471 1666 1496 ,
1697 1434 1860 1500 cujus
1889 1433 2291 1502 perpetratione

713 1521 806 1588 qui
847 1519 1036 1588 inique
1077 1527 1378 1587 operantur
1397 1519 1729 1574 conveniens
1748 1519 2068 1588 malignitati
2090 1535 2291 1577 nomen

712 1609 1006 1677 accipiunt.
1038 1608 1328 1663 Peccatum
1355 1619 1537 1663 autem
1566 1649 1583 1675 ,
1617 1623 1744 1662 cum
1769 1609 1898 1673 illo,
1935 1620 1994 1664 ut
2017 1611 2289 1681 diximus,

717 1700 849 1753 nihil
881 1699 1037 1768 pejus
1076 1699 1308 1752 inveniri
1350 1709 1568 1767 potest,
1601 1699 1781 1770 ipsum
1831 1716 1890 1755 se
1922 1717 2017 1770 per
2047 1718 2110 1758 se
2145 1705 2294 1762 desi-

712 1801 879 1861 gnat;
911 1805 1148 1844 amaram
1182 1800 1237 1843 et
1267 1791 1522 1844 acerbam
1554 1791 1718 1845 simul
1745 1793 2084 1859 gravitatem,
2111 1803 2296 1864 tyran-

2381 711 2628 776 θέλοντες
2671 717 3044 785 παραστῆσαι,
3085 716 3365 786 δυνάμεθα
3411 717 3542 772 ἄλλο
3577 736 3632 772 τι
3667 723 3956 792 ἐπιφέρειν

2378 803 2458 872 τῷ
2478 804 2856 877 διασυρομένῳ
2886 806 2978 876 ὑφ’
3007 807 3204 876 ἡμῶν·
3227 803 3341 862 οἷον
3371 809 3570 879 μιαρδς
3611 807 3684 882 ἦν
3718 813 3814 866 ἐπὶ
3837 830 3959 867 sec-

2379 892 2536 947 οὗτον
2600 895 2630 946 ό
2660 894 2829 948 Κάϊν·
2875 895 2961 949 ὅτι
2997 895 3095 950 καὶ
3119 897 3507 965 ἀδελφοκτόνος
3556 899 3816 966 ἐγένετο·
3865 904 3958 956 καὶ

2381 980 2517 1034 Θεὸν
2544 981 2763 1050 πρῶτος
2800 982 3089 1052 ἐψεύσατο.
3129 985 3242 1038 Καὶ
3269 986 3453 1049 πάλιν,
3498 987 3620 1040 οῠδέ
3666 989 3815 1056 μετὰ
3861 991 3961 1059 τὴν

2381 1069 2493 1123 τῶν
2519 1072 2818 1140 τεραστίων
2843 1075 3104 1141 ἐπίδειξιν
3125 1076 3445 1148 παρεκλήθη
3467 1079 3672 1150 Φαραὼ
3690 1081 3960 1135 ἀπολῦσαι

2385 1161 2515 1222 τοὺς
2574 1161 2950 1232 Ἰσραηλίταςο
3000 1167 3088 1218 ἵνα
3134 1169 3278 1237 φανῇ
3329 1168 3496 1222 αὐτοῦ
3561 1173 3622 1224 τὸ
3655 1172 3812 1242 ὠμὸν
3865 1173 3962 1242 τῆς

2383 1251 2610 1320 γνώμης
2643 1252 2741 1304 καὶ
2785 1253 3078 1324 θεομισές*
3127 1257 3225 1309 καὶ
3254 1258 3350 1309 ἐπὶ
3379 1259 3488 1310 τῶν
3511 1260 3693 1313 ἄλλων
3731 1263 3959 1331 ὁμοίως.

2389 1339 2546 1392 Ἔστι
2581 1339 2692 1410 γὰρ
2736 1341 2920 1410 εὕρεϊν
2962 1358 3016 1396 τι
3065 1346 3249 1413 χεῖρον
3293 1345 3402 1397 τῶν
3441 1347 3848 1417 ὑποκειμένων,
3901 1343 3962 1405 οὗ

2391 1429 2750 1498 μετασχόντες
2779 1433 2832 1484 el
2859 1437 3286 1504 πονηρευόμενοι
3314 1436 3416 1500 τὰς
3439 1440 3558 1491 κατ’
3587 1441 3768 1492 ἐκεῖνο
3791 1457 3965 1509 προσ-

2387 1518 2615 1588 ηγορίας
2648 1519 3004 1590 ἐπιδέχονται.
3083 1523 3209 1576 Ἐπὶ
3245 1523 3304 1576 δέ
3343 1526 3443 1593 τῆς
3489 1525 3771 1594 ἁμαρτίας
3793 1568 3811 1592 ,
3846 1528 3967 1580 ἐπεὶ

2387 1609 2708 1681 ταύτης,ὡς
2753 1611 2986 1682 ἐφημεν,
3016 1613 3118 1668 οὐκ
3155 1614 3272 1667 ἐστι
3322 1617 3506 1686 χεῐρον
3560 1617 3765 1684 εὑρεῖν·
3798 1616 3969 1685 αὐτῆς

2392 1699 2480 1768 ἐφ’
2513 1698 2710 1768 ἑαυτῆς
2742 1701 3108 1773 κατηγόρησε.
3148 1701 3370 1773 Πικρῶς
3425 1701 3540 1772 ἅμα
3583 1706 3682 1756 καὶ
3725 1703 3968 1774 δριμέως

2392 1789 2485 1842 τὸν
2529 1789 2694 1856 ὕγκον
2739 1790 2932 1860 αὐτῆς,
2968 1791 3066 1845 καὶ
3103 1791 3167 1844 τὸ
3205 1791 3524 1860 τυραννικὸν
3565 1793 3685 1862 ἅμα
3724 1795 3825 1846 καὶ
3871 1796 3967 1846 ἁν-

716 1883 1002 1949 nicamque
1052 1890 1106 1934 et
1143 1881 1403 1934 invictam
1439 1881 1548 1934 vim
1587 1883 1847 1937 ostendit.
1900 1881 2039 1937 Cum
2085 1887 2289 1942 certius

2392 1876 2734 1947 υπέρὸλητον
2775 1879 3212 1949 ἐνδεικνύμενος.
3265 1880 3422 1933 Ἐπεὶ
3467 1881 3526 1933 δὲ
3558 1883 3970 1951 ἁσταλέστερόν

712 1969 994 2023 censuerit
1053 1969 1160 2023 dici
1215 1985 1309 2038 per
1376 1970 1616 2024 nominis
1673 1972 2044 2041 tautologiam,
2092 1978 2289 2030 iterum

717 2072 911 2110 nomen
943 2056 1240 2110 reassumit
1261 2094 1278 2118 ,
1307 2056 1607 2110 dicitenim
1637 2058 1929 2125 epithetice
1985 2075 2007 2114 :
2054 2059 2290 2117 Peecans

715 2152 1005 2212 peceatum.
1083 2145 1408 2199 Acerbitatis
1485 2145 1792 2215 designatio
1871 2149 2121 2205 absoluta
2181 2160 2287 2208 est.

713 2235 1073 2306 Cognominat
1100 2249 1156 2290 et
1186 2250 1297 2290 non
1335 2237 1566 2292 omnino
1596 2253 1628 2292 a
1675 2239 1892 2294 nomine
1926 2243 2202 2310 abscedit;
2233 2245 2288 2300 in

715 2343 822 2396 quo
867 2335 1048 2380 autem
1101 2326 1299 2380 solutio
1342 2341 1465 2380 esse
1519 2327 1752 2390 videtur,
1796 2328 1906 2382 vim
1953 2330 2108 2385 addit
2148 2333 2288 2402 adji-

710 2420 867 2472 ciens
885 2454 902 2481 ,
950 2433 1112 2485 supra
1139 2417 1390 2482 modum;
1446 2426 1501 2471 et
1529 2417 1606 2472 ita
1632 2419 1875 2486 apertius
1900 2420 2064 2476 simul
2090 2430 2148 2476 et
2177 2421 2290 2477 lor-

713 2509 824 2564 tius
845 2550 860 2574 ,
917 2509 1266 2564 acerbitatem
1294 2523 1516 2579 quoque
1539 2509 1876 2579 exprimente
1902 2524 2156 2569 sermone
2187 2516 2292 2569 uti-

717 2609 805 2653 tur
828 2601 1014 2656 dicens
1060 2617 1075 2653 :
1124 2598 1196 2652 Ut
1234 2600 1332 2668 ﬁat
1363 2615 1527 2669 supra
1579 2599 1793 2654 modum
1831 2616 2057 2670 peccans
2111 2621 2291 2675 pecea-

718 2701 853 2744 tum.

787 2869 954 2923 Vens.
985 2868 1072 2922 16.
1107 2867 1166 2923 Si
1198 2881 1374 2923 autem
1403 2870 1541 2939 quod
1569 2871 1712 2935 nolo,
1744 2871 1880 2924 illud
1910 2871 2074 2941 facio.

792 2957 996 3012 Pltotii.
1033 2959 1114 3012 Tu
1147 2975 1274 3014 vero
1307 2961 1435 3013 milii
1471 2959 1550 3014 sic
1581 2961 1742 3014 verba
1773 2961 2089 3026 patefacias.
2127 2963 2290 3020 Post-

719 3066 884 3118 quam
915 3053 1269 3104 venu'idatus
1302 3059 1356 3104 et
1384 3051 1488 3104 sub
1517 3061 1741 3119 peccato
1768 3051 1944 3107 iactus
1986 3062 2071 3107 est
2104 3053 2288 3120 homo,

721 3158 829 3196 non
859 3143 1143 3212 cognoscit
1174 3143 1321 3212 quod
1369 3152 1651 3212 operatur.
1705 3142 1847 3211 turpi
1891 3145 2290 3200 consuetudine

722 3233 948 3286 omnino
979 3233 1057 3285 illi
1093 3233 1435 3295 dominante,
1500 3247 1676 3290 neque
1705 3231 2073 3300 consentiente
2115 3244 2177 3287 ut
2203 3234 2290 3286 vi-
2316 3214 2360 3272 (ἶ

723 3322 848 3378 deat
908 3323 1114 3376 malum
1168 3337 1291 3376 esse
1339 3321 1486 3391 quod
1543 3323 1674 3391 agit.
1719 3323 2086 3388 Quamobrem
2143 3325 2290 3392 quod

723 3413 951 3477 odisset,
986 3413 1032 3467 si
1068 3413 1324 3466 innoxius
1348 3421 1404 3466 et
1433 3413 1570 3466 liber
1601 3423 1768 3478 esset,
1800 3422 1856 3467 et
1881 3415 2026 3483 quod
2056 3429 2166 3468 non
2194 3415 2296 3469 eli-

727 3510 900 3570 geret,
959 3501 1092 3554 illud
1140 3501 1310 3570 eligit.
1360 3499 1480 3554 Jatn
1531 3501 1873 3554 venundatus
1927 3508 1981 3554 et
2021 3516 2129 3553 non
2160 3516 2294 3557 suus

729 3592 861 3661 agit.
894 3590 950 3646 Si
984 3607 1114 3646 vero
1145 3592 1282 3646 liber
1316 3599 1372 3645 et
1408 3591 1668 3646 innoxius
1697 3600 1751 3645 et
1778 3605 1931 3646 meus
1962 3589 2155 3656 forem,
2187 3607 2295 3645 non

729 3683 986 3750 eligerem
1033 3698 1156 3750 quae
1194 3696 1342 3736 nunc
1389 3680 1553 3744 facio,
1597 3682 1862 3733 consentio
1908 3680 2009 3750 legi
2049 3683 2297 3750 quoniam

728 3773 864 3826 bona
890 3783 988 3826 est.
1018 3771 1112 3826 llla
1127 3771 1274 3826 enim
1309 3779 1372 3825 ut
1409 3770 1612 3842 fugiam
1654 3770 1786 3824 milii
1817 3773 2112 3834 consentit,
2151 3786 2294 3839 quae,

729 3865 857 3920 dum
893 3879 992 3935 ego
1027 3864 1082 3916 in
1129 3863 1347 3933 propria
1395 3871 1601 3915 natura:
1653 3861 1904 3915 libertate
1942 3875 2160 3925 versor,
2207 3860 2298 3915 l'u-

732 3957 925 4027 gienda
957 3957 1150 4011 censui
1179 3965 1235 4009 et
1269 3953 1498 4008 odibilia
1526 3967 1672 4007 esse.
1700 3949 1826 4004 Non
1847 3950 2085 4021 intelligo
2113 3951 2298 4022 igitur,

2394 1984 2515 2030 πως
2558 1967 2736 2032 ἔδοξεν
2774 1968 3030 2038 εἰρῆσθαι
3066 1972 3134 2041 τῇ
3184 1970 3509 2041 ταυτολογίᾳ
3538 1971 3632 2023 τοῦ
3665 1970 3968 2039 ὀνόματος·

2393 2059 2555 2113 πάλιν
2585 2060 2645 2112 δέ
2676 2059 3226 2130 μεταλαμϐανομένου
3251 2061 3346 2114 τοῦ
3374 2062 3659 2130 ὀνόματος.
3689 2063 3842 2131 Ἔφη
3865 2064 3971 2132 γὰρ

2394 2151 2740 2221 παρωνύμως
2785 2152 3136 2220 ἁμαρτωλὸς
3189 2154 3230 2220 ἡ
3279 2155 3555 2220 ἁμαρτία.
3583 2154 3662 2206 Ἦ
3713 2154 3819 2220 τῆς
3855 2154 3972 2223 δρι-

2395 2241 2631 2312 μύτητος
2683 2241 2909 2309 ἔνδειξις
2966 2243 3239 2306 ἐξελύετο.
3294 2243 3678 2312 Παρονομὰζει
3731 2245 3836 2313 μὲν
3881 2247 3974 2297 καὶ

2391 2333 2454 2384 οὐ
2499 2332 2718 2395 τελείως
2791 2333 3085 2400 ἀφίσταται
3140 2332 3236 2386 τοῦ
3297 2334 3579 2404 ὀνόματος.
3647 2334 3740 2387 Ἐν
3813 2327 3860 2400 ᾧ
3913 2335 3972 2388 δέ

2392 2422 2709 2474 ἐκλελῦσθαι
2739 2423 2938 2488 ἐδόκει,
2983 2423 3141 2476 τόνον
3183 2422 3382 2492 ἐπάγει
3413 2425 3481 2493 τῇ
3527 2424 3828 2495 προσθήκῃ
3879 2424 3972 2477 τοῦ

2393 2514 2523 2568 καθ’
2545 2513 2888 2580 ὑπερϐολήν
2907 2529 2924 2544 ο
2955 2515 3053 2567 καὶ
3078 2510 3252 2574 οὕτως
3279 2513 3374 2566 ἐπὶ
3399 2512 3464 2565 τὸ
3490 2513 3834 2585 σαφέστερον
3860 2515 3974 2581 ἃμα

2393 2604 2490 2657 καὶ
2532 2602 2764 2667 ἔντονον,
2821 2603 2915 2657 καὶ
2944 2603 3042 2656 τοῦ
3089 2601 3328 2672 δριμέως
3357 2603 3698 2672 ἐμφαντικὸν
3727 2604 3970 2673 μεταλα-

2394 2691 2504 2744 ϐὼν
2532 2692 2625 2744 τὸν
2652 2693 2809 2761 λόγον
2831 2693 3024 2763 φησιν’
3047 2693 3184 2747 ἰνα
3201 2691 3444 2762 γένηται
3469 2693 3599 2748 καθ’
3619 2694 3975 2763 ὑπερϐολὴν

2393 2781 2744 2851 ἁμαρτωλὸς
2773 2783 2814 2850 ἠ
2843 2783 3120 2852 ἁμαρτία.

2705 2876 2775 2928 Et
2802 2873 2872 2926 δὲ
2902 2874 2936 2927 ὃ
2965 2877 3037 2929 οὐ
3065 2874 3242 2940 θέλω,
3280 2873 3458 2928 τοῦτο
3481 2873 3653 2929 ποιῶ.

2463 2965 2708 3018 Φωτίου.
2741 2965 2814 3017 Σὺ
2860 2964 2918 3016 δέ
2950 2982 3039 3035 μοι
3077 2964 3222 3018 οὕτω
3263 2964 3619 3019 διαλεύκανον
3673 2967 3752 3018 τὰ
3810 2965 3970 3036 ῥητά·

2393 3056 2546 3110 Μετὰ
2578 3055 2641 3108 τὸ
2672 3054 2949 3125 πραθῆναι
2988 3056 3085 3108 καὶ
3111 3056 3364 3125 γενέσθαι
3397 3057 3505 3110 ὑπὸ
3545 3057 3648 3128 τὴν
3694 3057 3975 3126 ἁμαρτίαν

2393 3145 2487 3197 τὸν
2515 3144 2820 3215 ἄνθρωπον,
2874 3145 2939 3198 οὐ
2981 3146 3238 3214 γινώσκει
3286 3146 3317 3200 ὃ
3361 3147 3770 3218 κατεργάζεται
3797 3163 3814 3178 ο
3871 3147 3974 3217 τῆς

2393 3233 2679 3300 συνηθείας
2696 3233 2798 3302 τὴς
2814 3232 3364 3303 αἰσχρᾶς,’παντελῶς
3382 3233 3549 3286 αὐτοῦ
3571 3232 3970 3302 septenario-nc,

2394 3323 2488 3375 καὶ
2535 3321 2611 3392 μὴ
2638 3321 3026 3393 συγχωρούσης
3051 3321 3248 3374 εἰδέναι
3276 3322 3359 3374 ὅτι
3381 3322 3552 3374 κακόν
3572 3321 3779 3381 immo
3808 3323 3981 3390 πρασ-

2394 3427 2497 3465 σει.
2521 3410 2613 3463 Διὸ
2656 3411 2752 3464 καὶ
2778 3409 2809 3463 ό
2862 3409 3046 3480 ἐμίσει
3077 3409 3167 3476 ἂν,
3204 3411 3254 3462 εί
3289 3410 3537 3480 ἁπρατος
3567 3409 3662 3463 καὶ
3692 3409 3981 3480 ἐλεύθερος

2391 3497 2482 3572 ἦν,
2519 3502 2612 3555 καὶ
2643 3501 2673 3554 ὃ
2717 3501 2819 3554 οὐκ
2867 3500 2936 3554 ἃν
3001 3501 3198 3566 είλετο,
3235 3501 3393 3554 τοῦτο
3424 3501 3518 3553 καὶ
3572 3502 3843 3572 αἱρεῖται,
3881 3516 3979 3552 ass-

2397 3593 2673 3664 πραμένος
2699 3592 2800 3662 ήδη
2847 3589 2923 3644 ὢν
2955 3592 3050 3644 καὶ
3079 3592 3333 3661 πράττει.
3368 3592 3431 3644 El
3463 3592 3522 3645 δέ
3555 3591 3853 3662 ἐλεύθερος
3903 3591 3978 3642 ὢν

2397 3685 2491 3737 καὶ
2543 3684 2782 3752 ἄπρατος
2823 3683 2918 3735 καὶ
2939 3680 3080 3735 κατὰ
3101 3681 3286 3748 φύσιν,
3310 3683 3412 3735 οὐκ
3439 3683 3505 3735 ἄν
3529 3683 3760 3751 εἱλόμην
3805 3685 3845 3735 a
3879 3683 3975 3734 νῦν

2399 3773 2556 3840 ποιῶ,
2581 3773 2981 3843 Συμμαρτυρῶ
3009 3771 3092 3838 τῷ
3144 3773 3309 3841 νόμῳ
3353 3773 3444 3825 ὅτι
3487 3773 3698 3837 καλός.
3750 3771 3982 3825 Ἐκεῖνα

2395 3865 2505 3934 γάρ
2530 3881 2621 3933 μοι
2643 3863 3053 3933 συμψηφίζεται
3073 3866 3269 3932 φυγεῖν
3294 3900 3310 3924 ,
3333 3860 3370 3915 ἃ
3395 3861 3488 3914 καὶ
3514 3861 3627 3927 ἐγὼ
3648 3863 3709 3913 ἐν
3737 3863 3810 3930 τῇ
3841 3861 3984 3914 κατὰ

2399 3955 2561 4024 φύσιν
2584 3954 2865 4026 ἐλευθερίᾳ
2885 3954 3190 4024 τυγχάνων,
3225 3952 3414 4022 ἐκρινα
3443 3951 3686 4020 φευκτέα
3716 3944 3869 4004 εῖναι
3889 3952 3984 4003 καὶ

733 4048 1011 4111 evidenter
1037 4047 1388 4110 venundatus,
1412 4061 1516 4097 non
1533 4045 1670 4098 enim
1688 4041 1826 4112 quod
1849 4042 1984 4107 uolo,
2009 4045 2136 4096 dum
2164 4044 2291 4098 libet

2404 4044 2630 4116 μισητά.
2665 4046 2747 4099 οὐ
2773 4046 3042 4114 γινώσκω
3062 4039 3178 4108 οὖν,
3207 4041 3449 4110 πραθεὶς
3470 4041 3743 4110 δηλονότιο
3767 4043 3850 4095 οὐ
3877 4043 3984 4111 τὰρ

733 4154 877 4201 sum,
925 4137 1021 4189 Itoc
1068 4137 1205 4205 facio
1260 4151 1428 4200 nunc,
1479 4151 1603 4190 cuin
1652 4134 1978 4186 patiundatus
2022 4149 2175 4199 sum;
2209 4136 2291 4188 sed

2400 4135 2433 4190 ὃ
2463 4135 2614 4190 θέλω
2638 4134 2916 4204 ἐλεύθερος
2945 4133 3044 4198 ὣν,
3087 4133 3268 4186 τοῦτο
3305 4132 3559 4200 πράσσω
3595 4130 3710 4192 νῦν,
3742 4134 3984 4198 κεκρα-

734 4231 876 4299 quod
927 4231 1036 4292 odi,
1081 4231 1210 4282 dum
1244 4229 1380 4282 liber
1413 4243 1558 4290 sum,
1595 4227 1729 4280 illud
1775 4227 1914 4296 facio
1941 4227 2067 4279 tlutn
2105 4243 2291 4280 senun-

2393 4229 2579 4295 μένος
2605 4225 2682 4279 ὠν
2699 4241 2714 4256 ⁸
2740 4227 2879 4280 ἀλλ’
2906 4225 2940 4280 ὃ
2963 4222 3123 4294 μισῶ
3150 4224 3434 4289 ἐλεύθερος
3466 4223 3564 4287 ὣν,
3601 4223 3786 4276 τοῦτο
3831 4221 3985 4275 ποιῶ

735 4321 895 4374 datus
926 4335 1072 4375 sunt.
1107 4320 1167 4374 Si
1201 4337 1321 4373 vero
1349 4319 1488 4388 quod
1511 4319 1651 4383 nolo,
1680 4319 1810 4372 dunt
1841 4318 1974 4370 liber
2000 4334 2144 4382 sunt,
2167 4319 2291 4371 illud

2400 4316 2778 4384 πεπραμένος
2807 4314 2914 4368 ὧν.
2970 4316 3042 4369 Ei
3079 4313 3150 4366 os
3177 4314 3210 4366 ὃ
3239 4316 3312 4366 οὑ
3352 4314 3504 4367 θέλω
3541 4313 3834 4379 ἐλεύθερος
3887 4313 3983 4373 ὢν,

737 4415 900 4481 Inicio,
938 4413 1067 4466 dum
1115 4412 1464 4466 venundatus
1498 4425 1645 4473 sum,
1694 4409 1962 4462 consentio
2007 4408 2130 4477 legi,
2174 4409 2291 4463 dum

2402 4407 2577 4461 τοῦτο
2654 4407 2908 4473 πράσσω
2993 4404 3347 4475 πεπραμένος
3401 4402 3498 4466 ὣν,
3571 4402 3985 4471 omnia!)an

737 4503 875 4557 liber
907 4518 1051 4564 sum,
1086 4506 1210 4571 quia
1238 4503 1374 4555 bona
1399 4511 1499 4555 est.
1531 4500 1708 4570 Opera
1737 4499 1883 4553 enim
1914 4497 2047 4567 legis
2078 4498 2218 4561 volo,
2248 4507 2291 4554 el

2408 4496 2696 4568 ἐλεύθερος
2745 4495 2845 4562 ὢν,
2880 4497 2966 4550 ὃτι
3018 4494 3210 4560 καλὸς
3257 4497 3292 4548 ό
3343 4496 3548 4562 νόμος.
3587 4495 3670 4547 Τὰ
3699 4493 3818 4563 γὰρ
3850 4496 3985 4548 αὑτὰ

738 4611 847 4648 non
881 4610 1004 4663 qua:
1029 4609 1172 4647 nunc
1203 4594 1360 4646 facio.

2406 4587 2599 4659 ἐκείνῳ
2649 4587 2933 4658 βούλομαι,
2957 4586 3054 4640 καὶ
3070 4587 3172 4655 οὐχ
3201 4583 3240 4638 ἃ
3269 4583 3367 4637 νῦν
3393 4584 3553 4638 ποιῶ.

741 4683 906 4738 Vsus.
936 4683 1030 4736 21.
1063 4681 1278 4736 Invenio
1317 4684 1484 4803 igitur
1513 4682 1696 4806 legente,
1731 4682 1926 4735 colenti
1959 4681 2087 4735 mihi
2132 4681 2291 4751 {aceti

1381 4769 1575 4806 onum.
1603 4769 1632 4805 e
1676 4773 1708 4804 -.

2402 4681 2677 4750 Εὑρίσκω
2699 4677 2816 4748 ἆρα
2848 4677 2959 4732 τὸν
2987 4671 3328 4799 νόςοζατιᾶἑγ
3313 4674 3549 4728 θέλοντι
3598 4671 3728 4741 ἐμοὶ
3789 4671 3986 4727 ποιεῖν

3026 4763 3058 4799 ε
3329 4780 3350 4798 .

1381 4769 1537 4804 onum
1558 4791 1575 4814 ,
1603 4769 1708 4806 etc.
3026 4769 3095 4799 το
3133 4769 3350 4798 mur.

813 4842 1012 4898 Photii.
1054 4842 1328 4912 lntelligas
1347 4851 1528 4897 autem
1571 4843 1670 4897 sic.
1695 4840 1770 4894 Ex
1806 4841 1892 4895 bis
1932 4856 2052 4910 quae
2083 4840 2219 4906 dixi,
2252 4841 2291 4895 lt

2472 4839 2717 4894 Φωτὼυ.
2760 4835 3041 4900 Ἐκλάσοις
3059 4834 3108 4888 δ’
3133 4835 3202 4889 ἂν
3218 4834 3316 4889 καὶ
3338 4832 3538 4896 οὕτως’
3578 4831 3674 4896 Ἐξ
3695 4824 3776 4886 ὧν
3806 4826 3981 4893 εἶπον,

741 4937 878 5004 quit,
899 4936 1002 4990 hoc
1020 4936 1150 4989 mihi
1169 4935 1530 4997 concluditur,
1549 4932 1746 4988 etillud
1767 4933 1970 4985 invenio
1992 4933 2291 5000 tegentesse

2407 4932 2560 5002 φησι.
2584 4928 2748 4984 τοῦτό
2777 4945 2868 4999 μοι
2901 4924 3359 4996 συμπεραίνεται,
3389 4922 3486 4976 καὶ
3505 4922 3664 4976 τοῦτο
3693 4925 3985 4990 εὑρίσκω,

745 5029 918 5096 legem
945 5027 1000 5079 in
1031 5025 1232 5080 bonum
1263 5025 1454 5079 uolenti
1491 5025 1620 5077 mihi
1648 5022 1821 5091 facere
1850 5022 2040 5074 bonum
2058 5036 2077 5084 ,°
2097 5033 2151 5074 et
2175 5020 2291 5074 illud

2407 5023 2468 5075 τὸ
2514 5017 2654 5073 εἶναι
2683 5018 2791 5072 τὸν
2819 5017 3028 5086 νόμον,
3052 5015 3215 5085 νόμον
3241 5015 3321 5076 είς
3349 5013 3410 5066 τὸ
3436 5013 3604 5065 καλὸν
3632 5011 3715 5077 τῷ
3741 5014 3986 5068 θέλοντι

745 5120 923 5175 solum
970 5128 1181 5188 gratum
1232 5126 1336 5172 est.
1369 5116 1568 5170 Malum
1602 5116 1746 5170 enim
1794 5113 2030 5177 invenio,
2057 5113 2291 5182 quoniam

2405 5111 2534 5180 ἐμοὶ
2575 5109 2766 5162 ποιεῖν
2805 5108 2872 5161 τὸ
2911 5106 3135 5160 καλόνο
3165 5104 3263 5156 καὶ
3287 5103 3447 5156 τοῦτο
3476 5103 3638 5171 μόνον
3679 5103 3984 5172 χαριζόμε-

746 5209 997 5266 similiter
1025 5209 1155 5261 mihi
1186 5207 1430 5274 adjacet;
1459 5215 1512 5261 et
1545 5222 1650 5260 non
1683 5204 1873 5260 melior
1908 5203 2083 5258 factus
2130 5217 2291 5257 essen

2408 5216 2518 5257 νον.
2552 5200 2626 5253 Τὸ
2648 5199 2758 5268 γὰρ
2797 5196 2963 5251 κακὸν
2999 5195 3257 5264 εὑρίσκω,
3282 5193 3372 5246 ὅτι
3397 5192 3599 5262 ὁμοίως
3623 5192 3756 5260 ἐμοὶ
3794 5195 3987 5261 παρὰ-

741 5317 812 5355 ex
863 5301 1000 5371 lege,
1054 5300 1162 5354 nisi
1217 5299 1389 5367 magis
1440 5299 1719 5352 damnum.
1936 5295 2291 5364 recepissem1

2409 5305 2626 5346 κειταιο
2683 5289 2778 5341 καὶ
2819 5285 2972 5339 οὐδὲν
3017 5283 3345 5353 ἐσελτιώθην
3375 5285 3440 5334 ἐκ
3460 5281 3553 5334 τοῦ
3582 5282 3779 5351 νόμου.
3813 5284 3881 5336 El
3918 5284 3988 5351 μὴ

746 5394 896 5463 quia,
926 5401 987 5446 ut
1033 5393 1282 5459 atljaceat
1315 5391 1446 5444 milii
1494 5400 1549 5445 et
1577 5387 1735 5458 quasi
1783 5386 2006 5457 propius
2057 5385 2191 5440 milii
2237 5386 2291 5439 sit

2411 5382 2507 5437 καὶ
2549 5380 2746 5450 μᾶλλον
2773 5377 2976 5448 βλάϐην
2995 5377 3025 5417 δ
3045 5375 3332 5445 ἐδεξάμην,
3369 5374 3452 5426 ὅτι
3484 5374 3866 5443 παρακεῖσθαί
3902 5392 3986 5442 μοι

749 5487 975 5548 malum,
1004 5483 1121 5538 haec
1149 5483 1377 5552 praebuit
1391 5481 1755 5536 occasionem.
1781 5478 1890 5533 Lex
1913 5477 2098 5548 igitur,
2129 5476 2291 5533 solun

2412 5475 2506 5526 καὶ
2551 5466 2662 5526 οἷον
2705 5468 2943 5540 ἐγγίζειν
2987 5484 3078 5538 μοι
3105 5467 3166 5520 τὸ
3213 5466 3380 5520 κακὸν
3401 5465 3674 5534 παρέσχεν
3701 5465 3983 5534 ἀψορμήν.

749 5578 836 5633 lex
865 5576 1010 5632 facta
1041 5586 1128 5630 est
1171 5576 1304 5630 milii
1359 5576 1412 5629 in
1465 5575 1691 5638 bonum,
1725 5571 1867 5626 aliud
1918 5580 2100 5624 autem
2151 5568 2291 5622 nihil.

2426 5563 2486 5616 '0
2518 5563 2679 5632 νόμος
2722 5556 2818 5614 οὖν
2863 5560 3024 5632 μόνον
3050 5559 3214 5629 νόμος
3253 5555 3471 5624 ἐγένετό
3517 5572 3607 5626 μοι
3636 5556 3719 5618 είς
3748 5555 3818 5608 τὺ
3851 5558 3986 5623 ἁγα-

751 5667 908 5724 Unde
940 5666 1160 5722 evidens
1189 5674 1294 5728 est,
1318 5663 1464 5734 quod
1496 5666 1694 5717 malum
1729 5661 1860 5716 milii
1887 5661 1981 5716 tali
2022 5659 2184 5713 modo
2213 5657 2291 5712 adt

2415 5654 2538 5708 θόνο
2569 5653 2698 5708 ἄλλο
2738 5651 2798 5705 δέ
2846 5650 3029 5706 οὐδέν·
3064 5649 3229 5703 πόθεν
3254 5647 3438 5718 δῆλον,
3473 5648 3557 5700 ὅτι
3588 5645 3649 5698 τὸ
3684 5647 3865 5699 κακόν
3898 5664 3985 5716 μοι

2033 5775 2262 5830 VARI!)
2300 5771 2695 5828 LECTIONES.

829 5878 857 5920 ιι
897 5876 994 5933 llic
1019 5887 1099 5933 cst
1135 5877 1187 5932 in
1219 5876 1339 5932 cod.
1372 5890 1583 5931 rasura.
