4156 6438
198 423 327 489 12M
1036 424 1497 487 FRAGMENTA
1536 424 1617 485 IN
1652 422 2071 484 EPISTOLAM
2112 424 2209 483 AD
2248 422 2627 484 ROMANOS.
3319 411 3457 477 1242

194 534 460 597 ὡσαύτως
488 532 843 603 παράκειται.
875 531 945 584 Ἦ
983 532 1081 584 καὶ
1122 530 1295 591 οὕτως
1323 547 1339 561 θ
1362 530 1639 597 Εὑρίσκω
1668 528 1784 595 ἆρα

1894 525 2055 595 lat-et,
2084 537 2229 582 certe
2258 536 2312 583 et
2339 528 2410 582 ita
2442 538 2545 583 est.
2580 526 2795 582 Invenio
2841 522 3007 591 igitur
3034 521 3220 591 legem,
3254 521 3306 577 id
3350 532 3457 579 est.

197 626 306 677 τὸν
333 625 541 693 νόμον,
576 624 842 687 τουτέστι,
879 622 1185 689 κατενόησα
1235 622 1333 673 καὶ
1369 619 1784 689 κατελάμϐανον

1894 618 2072 673 notavi
2107 629 2162 673 et
2210 619 2447 674 intellexi
2483 618 2591 673 vim
2639 627 2695 672 et
2738 626 2987 671 naturam
3026 615 3182 683 legis.
3215 613 3457 681 Cognovi

197 714 299 779 τὴν
334 713 488 782 ἰσχὺν
524 714 620 767 καὶ
648 713 749 781 τὴν
778 711 941 780 φύσιν
968 708 1063 764 τοῦ
1102 708 1294 777 νόμου.
1336 706 1587 778 Ἐξεῦρον
1618 706 1783 760 αὑτὸν

1894 708 2027 761 illam
2075 708 2331 774 perfecte,
2378 708 2523 777 quod
2571 707 2708 761 nihil
2763 705 3024 775 adjuvare
3074 706 3265 759 valuit.
3304 702 3461 759 Unde

199 803 479 872 ἀκριϐῶς·
517 804 601 857 ὅτι
650 804 808 857 οὐδέν
874 820 967 873 μοι
1033 800 1299 872 βοηθῆσαι
1353 800 1571 869 ίσχυσε·
1620 798 1784 851 πόθεν

202 892 397 961 δῆλονς
428 895 512 947 ὅτι
544 894 787 949 θέλοντί
814 911 913 961 μοι
940 891 1133 947 ποιεῖν
1159 894 1226 945 τὸ
1259 889 1639 955 manus»
1666 890 1786 942 ἐπι-

206 989 391 1055 κουρεῖ
412 1000 425 1014 ’
456 986 571 1039 ἀλλ’
601 986 801 1057 ὁμοίως
822 986 883 1038 τὸ
932 984 1102 1038 κακὸν
1144 984 1475 1055 παράκειται
1505 980 1786 1052 ἄπρακτόν

208 1093 302 1144 μοι
341 1076 403 1128 τδ
451 1075 627 1128 θέλειν
661 1074 866 1129 ποιοῦν.
907 1074 996 1127 Ἐν
1027 1075 1203 1143 τούτῳ
1231 1069 1326 1126 οῦν
1355 1067 1515 1142 εὖρον
1545 1072 1787 1141 ἀκριϐῶς

209 1166 317 1218 τῦν
340 1166 531 1235 νόμον
556 1166 680 1218 ὅσον
713 1166 909 1234 ἰσχύει,
939 1163 1038 1217 καὶ
1062 1163 1147 1227 τίς
1177 1165 1328 1216 ἐστιν
1351 1164 1387 1233 ἡ
1410 1161 1574 1230 φύσις
1608 1160 1786 1229 αὐτῷ,

212 1258 269 1309 ἐν
309 1256 388 1325 τῷ
426 1257 551 1326 ἐμοὶ
579 1255 660 1321 τῷ
689 1256 929 1310 θέλοντι
950 1254 1147 1308 ποιεῖν
1170 1254 1238 1308 τὸ
1266 1254 1481 1316 καλὸν,
1512 1252 1808 1322 εὑρίσκεινσ

209 1347 291 1399 ἔτι
321 1346 383 1399 τό
412 1346 598 1400 κακόν.
655 1345 991 1415 Παράκειται
1029 1344 1139 1413 7&9
1182 1344 1277 1398 καὶ
1318 1344 1418 1397 οὑκ
1456 1341 1791 1411 ἀπελήλαται

212 1437 303 1489 ὑπ’
334 1436 499 1489 αὑτοῦ
531 1437 589 1502 ἐξ
625 1435 781 1505 ἐμοῦ.
823 1436 1057 1488 Δυνατδν
1081 1435 1139 1489 δέ
1172 1435 1263 1488 καὶ
1290 1433 1463 1496 οὕτως
1492 1434 1788 1501 ἐγγύτερον

210 1528 309 1597 τῆς
338 1528 535 1593 λέξεως
564 1526 836 1582 ἐκλαϐεῖν.
862 1527 1139 1594 Εὑρίσκω
1160 1526 1277 1594 ἄρα
1297 1526 1377 1591 τῷ
1402 1524 1636 1579 θέλοντι
1658 1522 1787 1591 ἐμοὶ

212 1617 406 1671 ποιεῖν
434 1618 502 1672 τό
525 1618 717 1672 καλὸν
738 1617 879 1671 κατά
904 1617 996 1671 τὸν
1028 1618 1212 1687 νόμον,
1238 1616 1321 1670 ὃτι
1351 1615 1480 1684 ἐμοὶ
1507 1614 1571 1667 τὸ
1603 1613 1793 1667 κακὸν

213 1706 582 1773 παράκειται.
602 1707 709 1760 Καὶ
728 1707 836 1778 γὰρ
856 1708 904 1760 oi
937 1706 1077 1760 κατά
1106 1704 1171 1759 τὸ
1197 1704 1527 1773 Εὑαγγέλιον
1550 1703 1793 1765 θέλοντες

213 1800 389 1850 ποιεῖν
450 1798 511 1849 τὸ
561 1798 748 1865 καλὸν,
801 1798 903 1868 οὑχ
941 1797 1291 1869 εὑρίσκουσιν
1325 1798 1407 1851 ότι
1457 1797 1791 1866 παράκειται

1882 808 2092 854 certum
2124 800 2393 870 estiquia
2449 799 2639 854 volenti
2687 799 2816 851 mihi
2862 798 3034 867 facere
3075 797 3289 856 bonum.
3348 812 3457 848 non

1883 892 2203 946 auxiliatur.
2236 890 2341 946 Sed
2376 890 2631 946 similiter
2677 890 2883 944 malum
2935 891 3147 959 adiacet
3195 889 3462 942 inutiliter

1886 983 2019 1036 mihi
2050 983 2187 1038 velle
2242 983 2476 1038 faciens.
2526 982 2581 1037 In
2640 983 2746 1036 hoc
2790 984 2952 1053 igitur
2999 984 3171 1037 inveni
3224 980 3462 1052 perfecte

1888 1072 2045 1140 legem
2076 1081 2342 1142 quantum
2366 1074 2564 1138 valeat,
2594 1080 2650 1128 et
2671 1088 2795 1142 qua:
2825 1074 2896 1128 sit
2918 1073 3038 1140 ejus
3071 1084 3285 1136 natura,
3314 1071 3461 1140 quod

1886 1162 2019 1216 mihi
2052 1164 2245 1217 uolenti
2273 1164 2446 1232 facere
2482 1164 2675 1217 bonum
2696 1203 2712 1227 ,
2770 1162 2989 1218 invenio
3022 1163 3200 1216 adhuc
3233 1162 3459 1215 malum.

1886 1252 2112 1322 Adjaeet
2135 1256 2281 1310 enim
2312 1264 2367 1310 et
2390 1271 2499 1309 non
2526 1258 2594 1309 ab
2630 1256 2720 1309 illa
2746 1270 2813 1309 ex
2844 1269 2931 1309 me
2970 1264 3243 1308 movetur.
3278 1253 3464 1307 Potest

1889 1356 2066 1398 autem
2099 1346 2179 1400 sic
2212 1346 2435 1416 propior
2462 1347 2718 1401 dictionis
2747 1360 2945 1401 sensus
2968 1344 3218 1414 intelligi.
3248 1342 3465 1397 Invenio

1889 1434 2055 1503 igitur
2082 1436 2274 1490 volenti
2316 1437 2446 1490 mihi
2477 1438 2653 1505 facere
2684 1437 2878 1491 bonum
2910 1437 3213 1491 secundum
3268 1436 3463 1505 legem,

1888 1526 2136 1593 quoniam
2155 1527 2354 1580 malum
2399 1529 2531 1581 mihi
2561 1527 2793 1597 adjacet.
2819 1526 3028 1583 Etenim
3047 1528 3139 1596 qui
3165 1528 3464 1581 secundum

1889 1614 2239 1686 Evangelium
2290 1618 2481 1675 volunt
2529 1618 2710 1674 facere
2742 1620 2968 1683 bonum,
3018 1632 3128 1672 non
3180 1617 3466 1670 inveniunt

1894 1706 2155 1773 quoniam
2187 1709 2399 1779 sdjacet
2434 1710 2541 1765 illis
2595 1710 2841 1775 malum;
2871 1724 2968 1780 per
3010 1709 3278 1779 baptisma
3318 1708 3465 1761 enim

1891 1798 2133 1853 ablatum
2161 1809 2215 1854 et
2240 1811 2484 1856 amotum
2532 1813 2651 1867 est;
2697 1804 2769 1857 ita
2819 1812 2873 1856 ut
2908 1812 3160 1870 oporteat
3210 1802 3275 1855 sd
3307 1801 3467 1855 Chri-

213 1888 397 1950 αὑτοῖς
424 1889 484 1942 τὸ
514 1888 704 1944 κακόν.
758 1888 864 1943 Διά
900 1890 996 1942 τοῦ
1043 1888 1413 1957 βαπτίσματος
1441 1886 1551 1957 γὰρ
1579 1886 1786 1954 ἐξώσθη

1896 1896 2045 1944 stum
2074 1907 2168 1961 per
2199 1892 2468 1962 baptisma
2504 1895 2737 1961 ingredi,
2766 1894 2933 1964 legem
2960 1895 3295 1948 deserentes.

213 1980 309 2033 καὶ
350 1980 673 2049 ἀπελήλατο.
716 1980 880 2034 Ὥστε
932 1980 1016 2034 δεῖ
1060 1980 1282 2050 Χριστῷ
1322 1980 1641 2051 προσελθεῖν
1691 1978 1780 2031 διὰ
1818 1978 1912 2032 τοῦ
1945 1981 2336 2054 βαπτίσματος,
2375 1986 2771 2047 καταλιπόντας
2800 1986 2890 2037 τὸν
2915 1986 3097 2053 νόμον.

227 2071 291 2124 '0
319 2071 462 2138 Θεὸς
503 2071 611 2125 τὸν
656 2072 873 2125 ἑαυτοῦ
917 2072 1159 2139 πέμψας
1196 2072 1333 2124 ΥΙὸν
1377 2071 1448 2125 ἐν
1487 2069 1792 2141 ὁμοιώματι

1901 2072 2035 2129 Csr.
2081 2075 2211 2131 VIII.
2248 2077 2412 2131 Vens.
2454 2078 2507 2131 3.
2540 2078 2678 2130 Deus
2716 2076 2921 2129 Filium
2948 2093 3101 2129 suum
3147 2076 3357 2129 mittens
3412 2075 3468 2127 in

718 2141 946 2208 σαρκὸς
980 2142 1293 2210 ἁμαρτιας.

285 2232 531 2285 45thov.
586 2232 821 2285 Δυνατδν
856 2231 965 2301 7&9
1013 2233 1109 2286 καὶ⁵
1159 2232 1302 2286 οὕτω
1340 2231 1615 2297 στίξαντα,
1660 2233 1795 2285 ἀνα-

213 2325 435 2392 γνῶναι·
455 2324 516 2375 Ὀ
539 2326 680 2388 Θε‹“ς
702 2325 810 2377 τὸν
826 2324 1043 2380 ἑαυτοῦ
1068 2323 1313 2394 πέμψας
1343 2326 1481 2378 Υιὸν
1504 2325 1573 2377 ἐν
1597 2322 1796 2392 ὁμοιώ-

209 2433 349 2485 ματι
394 2415 621 2483 σαρκὸς
661 2417 969 2485 ἁμαρτίας,
1000 2416 1101 2470 καὶ
1145 2416 1279 2483 περὶ
1324 2416 1640 2485 ἁμαρτίας·
1677 2411 1795 2470 εἶτα

214 2510 537 2575 ἐπαγαγεῖν,
573 2506 879 2575 κατέκρινε
913 2506 1029 2573 τὴν
1058 2508 1352 2575 ἁμαρτίαν
1379 2506 1450 2560 ἐν
1474 2504 1549 2574 τῇ
1578 2507 1757 2575 σαρκί
1780 2522 1793 2535 ·

211 2598 457 2649 τουτέστι
497 2596 587 2648 τὸν
612 2595 739 2647 Υίὸν
778 2597 905 2665 περὶ
954 2595 1260 2667 ἁμαρτίαςο
1296 2597 1464 2666 ἤγουν
1506 2595 1667 2648 ἕνεκα
1695 2593 1797 2663 τῆς

212 2688 511 2758 ἁμαρτίας,
544 2685 638 2738 τοῦ
680 2686 871 2753 ἐξᾶραι
898 2687 1101 2754 αὑτήν⁸
1140 2686 1233 2739 καὶ
1261 2686 1618 2755 ἐλευθερῶσαι
1642 2688 1790 2757 ἡμᾶς

214 2779 326 2830 ἀπὸ
384 2779 605 2848 ταύτης.
659 2779 780 2840 Πῶς
827 2777 917 2830 οῦν
964 2777 1163 2848 ἐξῆρε;
1194 2777 1544 2847 Κατακρίνας
1601 2778 1793 2846 αὑτήν.

212 2870 290 2922 Οὐ
329 2869 437 2936 7&9
474 2869 659 2931 ἁπλῶς
712 2869 805 2922 καὶ
852 2868 1305 2933 ἐξουσιαστικῶς·
1339 2870 1456 2923 ἀλλ’
1487 2870 1592 2923 ὑπὸ
1641 2870 1797 2939 δίκην

213 2960 439 3029 ἀγαγὼν
489 2960 676 3029 αὐτὴν,
729 2961 824 3013 καὶ
866 2960 1047 3025 δείξας
1077 2959 1335 3015 ἀλοῦσαν.
1367 2961 1489 3024 Πῶς
1533 2960 1625 3014 οὖν
1654 2962 1796 3015 ἐάλω

211 3053 306 3104 καὶ
348 3054 615 3121 ἥττηταις
656 3053 724 3104 ἐν
772 3050 850 3119 τῇ
904 3049 1082 3119 σαρκὶ
1119 3051 1307 3105 αὑτοῦ.
1345 3052 1633 3122 Προσιέναι
1685 3053 1793 3123 7&9

211 3142 537 3213 βουληθεῖσα
564 3141 658 3195 καὶ
683 3141 758 3211 μὴ
785 3142 1073 3209 ἰσχύσασα,
1098 3141 1241 3193 ἑάλω
1276 3142 1373 3194 καὶ
1392 3142 1645 3211 ἥττηται.

288 3232 359 3285 Τὸ
393 3231 461 3284 δὲ
490 3233 773 3300 φρόνημα
795 3229 904 3296 τῆς
931 3230 1159 3298 σαρκὸς
1181 3231 1364 3299 ἐχθρὰ
1388 3236 1477 3297 εις
1502 3238 1667 3286 Θεόν.

281 3320 527 3373 Φωτίου.
563 3319 758 3380 Καλῶς
787 3315 879 3371 οὖν
913 3336 1113 3387 φησιν,
1162 3320 1244 3372 ὅτι
1286 3319 1350 3374 ea
1392 3320 1645 3389 φρόνημα
1694 3324 1793 3389 τῆς

212 3410 415 3479 σαρκὸς
443 3408 521 3476 τῷ
560 3409 710 3477 νόμῳ
741 3408 835 3460 τοῦ
866 3408 1102 3476 Χριστοῦ
1142 3409 1241 3479 οὐχ
1272 3410 1659 3464 ὑποτάσσεται.
1704 3412 1792 3461 Ἐν

211 3502 321 3571 ὅσῳ
385 3501 481 3570 μὲν
534 3498 643 3569 γὰρ
693 3499 835 3559 ἔστι,
885 3498 1040 3568 δῆλον
1071 3499 1152 3551 ὅτι
1179 3500 1277 3568 οὐχ
1307 3499 1699 3552 ὑποτάσσεται·
1736 3502 1793 3553 ἐν

209 3594 324 3661 ὅσῳ
348 3592 405 3643 δὲ
440 3591 684 3660 παρέλθῃ
716 3591 810 3642 καὶ
836 3590 1168 3657 ἀπογένηται
1216 3588 1311 3642 τοῦ
1356 3589 1665 3660 ἀνθρώπου,
1700 3592 1791 3643 ού-

209 3683 379 3743 satis;
406 3682 552 3734 ἐστιν
574 3697 590 3713 σ
622 3680 763 3733 ὥστε
796 3680 905 3734 οὐδ’
938 3680 1323 3734 ὑποτάσσεται.
1344 3680 1468 3743 Πῶς
1502 3680 1609 3751 7&9
1637 3681 1704 3734 ἂν
1734 3683 1792 3734 τὸ

213 3775 290 3840 μὴ
341 3772 479 3841 ὑν,ῆ
525 3772 940 3841 ἀντιστήσεται,
974 3770 1008 3839 ἢ
1046 3770 1293 3839 ὑποταγῇ
1353 3786 1497 3835 τινι;
1549 3771 1646 3835 Τίς
1701 3771 1797 3825 οῦν

212 3866 612 3929 (iantassent;
652 3864 710 3915 Ὀ
742 3862 1027 3933 ἄνθρωπος
1058 3864 1117 3914 ἐν
1145 3855 1191 3929 ᾧ
1208 3862 1270 3914 τὸ
1298 3861 1561 3930 σαρκικδν
1595 3864 1793 3933 φρόνη-

212 3973 293 4024 μα
343 3954 555 4026 [SnppL
606 3954 706 4006 οὐκ
743 3952 917 4023 East];
952 3951 1066 4005 ἀλλ’
1108 3951 1188 4004 ἐτι
1240 3952 1337 4020 μὲν
1368 3958 1461 4003 τοῦ
1529 3953 1791 4019 σαρκικοῦ

210 4046 481 4110 παρόντος
518 4045 865 4115 φρονήματος
884 4082 900 4105 ,
944 4042 1067 4095 οὐδὲ
1092 4043 1318 4103 ἐκεῖνος.
1344 4042 1793 4111 Καταϐληθέντος

2252 2148 2656 2200 similitudinem
2690 2147 2865 2199 carnis
2893 2146 3112 2215 peccati.

1982 2233 2183 2290 Photii.
2220 2236 2407 2293 Potest
2462 2238 2605 2293 enim
2655 2238 2871 2307 punctis
2924 2238 2999 2290 ita
3057 2235 3263 2291 notatis
3313 2234 3467 2306 legi:

1903 2327 2041 2382 Deus
2092 2327 2294 2383 Filium
2343 2346 2495 2383 suum
2542 2330 2754 2383 mittens
2802 2329 2856 2382 in
2898 2328 3251 2382 similitudine
3293 2327 3468 2379 carnis

1898 2422 2120 2489 peccati,
2155 2429 2205 2473 et
2241 2422 2305 2473 de
2337 2430 2585 2488 peccato;
2616 2420 2811 2474 deinde
2842 2417 3091 2472 addendo
3129 2432 3142 2469 :
3187 2414 3470 2467 Damnavit

1897 2521 2165 2579 peccatum
2199 2512 2251 2565 in
2284 2527 2462 2564 carne.
2512 2510 2567 2565 Id
2619 2520 2721 2575 est,
2752 2509 2953 2563 Filium
3001 2508 3067 2563 de
3100 2518 3341 2576 peccato,
3376 2515 3472 2559 aut

1897 2619 2059 2658 causa
2084 2604 2312 2674 peccati,
2347 2612 2409 2657 ut
2448 2602 2579 2656 illud
2611 2603 2843 2665 tolleret,
2878 2610 2932 2655 et
2968 2616 3067 2655 nos
3098 2601 3169 2653 ab
3212 2599 3306 2653 illo
3332 2598 3469 2651 libe-

1900 2708 2064 2750 raret.
2116 2696 2398 2762 Quomodo
2445 2710 2574 2764 ergo
2630 2694 2789 2748 tulit?
2826 2694 3093 2748 damnans
3146 2692 3304 2754 illud,
3361 2706 3468 2743 non

1900 2788 2225 2856 simpliciter
2253 2798 2307 2841 et
2340 2787 2675 2848 facultative,
2727 2786 2819 2839 sed
2852 2783 2905 2837 in
2934 2783 3027 2853 jus
3060 2783 3217 2843 illud,
3266 2797 3471 2836 vocans

1898 2889 1952 2931 et
1981 2878 2291 2932 convictum
2317 2876 2633 2931 ostendens.
2660 2874 2951 2941 Quomodo
2972 2873 3137 2943 igitur
3160 2872 3469 2926 convictum

1897 2978 1951 3022 et
1979 2969 2248 3023 devictum
2286 2968 2407 3021 est?
2441 2964 2509 3020 In
2539 2982 2697 3019 carne
2730 2966 2912 3029 illius;
2951 2978 3073 3018 eum
3116 2963 3263 3017 enim
3312 2962 3474 3024 intel;

1898 3059 2064 3128 ligere
2098 3058 2364 3113 voluisset
2392 3065 2446 3113 et
2481 3072 2588 3112 non
2635 3056 2916 3122 valuisset,
2954 3053 3267 3109 convictum
3292 3065 3342 3108 et
3374 3053 3472 3108 de-

1894 3150 2098 3202 victum
2137 3158 2238 3203 est.

1966 3240 2127 3295 Vsus.
2148 3240 2199 3294 7.
2235 3240 2493 3305 Quoniam
2520 3240 2779 3308 sapientia
2809 3240 2983 3293 carnis
3007 3240 3223 3292 inimica
3242 3247 3318 3291 est
3339 3237 3470 3291 Deo.

1964 3332 2162 3386 Pltotii.
2197 3330 2362 3385 Recte
2401 3348 2530 3402 ergo
2552 3333 2703 3395 dicit,
2728 3332 2976 3401 quoniam
3002 3331 3260 3399 sapientia
3296 3332 3470 3381 carnis

1892 3420 1991 3491 legi
2016 3420 2217 3475 Christi
2238 3438 2338 3474 non
2358 3422 2596 3489 subjecta
2626 3430 2723 3475 est.
2755 3419 3004 3486 Quandiu
3044 3418 3189 3472 enim
3222 3427 3326 3480 est,
3354 3419 3470 3472 evi-

1893 3515 2027 3568 dens
2061 3524 2143 3568 est
2172 3514 2417 3581 quoniam
2456 3530 2561 3566 non
2605 3514 2842 3579 subjecta
2911 3522 3035 3574 est;
3088 3510 3329 3580 quandiu
3374 3525 3471 3563 att-

1894 3614 1997 3657 tem
2024 3606 2203 3673 elapsa
2255 3613 2337 3658 est
2372 3612 2425 3658 et
2455 3604 2727 3661 abscessit
2773 3603 2841 3656 ab
2874 3602 3113 3665 nomine.
3140 3602 3365 3656 evldens
3391 3611 3474 3657 est

1894 3693 2148 3761 quoniam
2178 3706 2281 3744 non
2306 3691 2545 3758 subjecta
2575 3699 2679 3744 est.
2703 3688 2988 3755 Quomodo
3022 3690 3165 3741 enim
3199 3689 3345 3759 quod
3366 3705 3470 3741 non

1894 3792 1976 3836 est
2014 3792 2107 3835 aut
2142 3783 2356 3835 resistet
2382 3778 3164 3849 autsubjicieturalicui?qnis
3186 3792 3315 3847 ergo
3344 3780 3473 3831 sub-

1889 3872 2066 3939 jectus
2084 3869 2207 3925 est‘l
2232 3872 2487 3935 homone,
2510 3871 2561 3924 in
2594 3884 2703 3940 quo
2728 3868 2990 3939 sapientia
3016 3869 3198 3922 carnis
3216 3876 3424 3921 nonest
3452 3867 3477 3920 τ

1894 3964 2140 4032 Sedjnm,
2189 3964 2241 4016 in
2277 3978 2386 4032 quo
2422 3963 2697 4017 invenitur
2726 3961 2907 4016 carnis
2941 3960 3228 4028 sapientia,
3250 3974 3356 4012 non
3387 3959 3476 4012 ille

1893 4064 1991 4109 cst.
2030 4055 2348 4109 lnimutatus
2364 4066 2540 4108 autem
2570 4070 2662 4123 per
2688 4054 3059 4122 paenitentiam
3078 4062 3129 4105 et
3147 4065 3470 4115 conversus,

209 4140 270 4191 δὲ
318 4138 405 4190 διὰ
443 4136 747 4204 μετανοίαςξ
768 4135 865 4189 καὶ
898 4135 1352 4205 ὑποχωρήσαντος
1373 4175 1388 4200 ,
1420 4134 1543 4187 τότε
1588 4135 1792 4195 ἐκεῖνος

1895 4156 2025 4201 tunc
2054 4147 2145 4201 ille
2180 4147 2376 4201 bonum
2418 4155 2674 4214 Operatur
2702 4154 2756 4198 et
2782 4145 2882 4213 legi
2935 4143 3023 4197 Dei
3056 4142 3336 4209 subjectus
3367 4150 3471 4195 est.

209 4231 562 4300 ἀγαθοεργεϊ,
592 4229 687 4282 καὶ
710 4226 1075 4281 ὑποτάσσεται
1103 4226 1183 4295 τῷ
1210 4226 1359 4296 νόμῳ
1381 4225 1475 4279 τοῦ
1496 4226 1652 4279 Θεοῦ.

368 4322 579 4385 Ἐλπὶς
606 4320 672 4372 δὲ
698 4317 1052 4387 βλεπομένη
1099 4319 1210 4371 οὐκ
1241 4318 1413 4370 ἐστιν
1448 4318 1645 4381 ἐλπίς.

286 4414 534 4467 Φωτωυ.
570 4412 635 4465 Τί
670 4411 779 4482 7&9
806 4412 908 4464 οὐκ
939 4409 1203 4479 ἐλάϐομεν
1232 4408 1434 4478 ταύτην
1461 4408 1549 4461 διὰ
1573 4408 1665 4462 τοῦ
1699 4410 1793 4477 βα·

1964 4300 2128 4356 Vsns.
2160 4301 2249 4355 24.
2283 4300 2413 4371 Spes
2440 4310 2613 4354 autem
2644 4314 2760 4364 quia
2796 4298 3001 4351 videtur
3029 4313 3131 4348 non
3153 4305 3229 4349 est
3279 4312 3413 4364 spes.

1965 4392 2162 4446 Pltotii.
2199 4392 2339 4458 Quid
2376 4406 2505 4461 ergo
2536 4408 2642 4445 non
2672 4390 2982 4458 accepimus
3022 4388 3168 4439 illam
3200 4387 3475 4456 (adoptio-

212 4506 548 4573 πτίσματοςς
599 4477 722 4572 ούγὶ
749 4477 858 4557 ⁷καὶ.
907 4502 1071 4563 αὐτὸς
1108 4477 1224 4570 -πρδ
1276 4477 1475 4570 μικροῦ
1518 4500 1675 4569 ἔφης,
1709 4502 1790 4555 ὅτι

1897 4484 2042 4553 nem)
2061 4498 2152 4553 per
2176 4482 2437 4551 baptisma
2461 4482 2484 4534 ?
2515 4495 2691 4534 nonne
2712 4488 2765 4533 et
2795 4480 2905 4545 ipse
2936 4480 3098 4545 paulo
3122 4487 3247 4529 ante
3265 4477 3475 4540 dixisti,

212 4595 457 4663 Πνεῦμα
484 4592 789 4657 νιοθεσίας
817 4590 1090 4651 Hdde“;
1119 4590 1249 4654 Ναὶ,
1293 4589 1477 4659 φησίν.
1504 4589 1669 4641 Ποίαν
1704 4590 1797 4642 οὖν

209 4687 666 4758 ἀπεκδεχόμεθα;
696 4686 808 4756 Τὴν
844 4684 1270 4755 φανερουμένην,
1302 4683 1486 4751 φησὶν,
1527 4683 1666 4734 κατὰ
1697 4683 1794 4740 τὴν

208 4778 595 4848 ἀπολύτρωσιν
626 4774 721 4830 τοῦ
757 4773 1008 4845 σώματος
1049 4772 1228 4842 ἡμῶν.
1272 4772 1474 4840 ’Δλλην
1519 4772 1670 4843 παρὰ
1696 4773 1793 4843 τὴν

210 4870 544 4940 εἰρημένηνς
574 4867 664 4934 Μὴ
692 4866 920 4931 γένοιτο.
968 4864 1109 4917 Ἀλλ’
1136 4862 1309 4933 αὐτὴν
1347 4863 1563 4928 ἐκείνην
1590 4864 1792 4917 τελειό-

208 4979 373 5031 τερον
410 4958 843 5030 φανερουμένην,
870 4958 966 5011 καὶ
992 4957 1079 5010 διὰ
1109 4956 1305 5026 πείρας
1337 4956 1509 5023 αὐτῆς
1540 4956 1795 5022 ἐπιγινω-

212 5050 512 5121 σκομένην.
545 5048 701 5101 Μετά
730 5046 839 5116 7&9
869 5046 970 5115 τὴν
1004 5044 1383 5115 ἀπολύτρωσιν
1403 5042 1497 5096 τοῦ
1520 5043 1791 5113 σώματος,

208 5145 335 5195 τότε
374 5142 407 5209 ἡ
440 5140 549 5192 τῶν
600 5137 823 5205 ἀγαθῶν
853 5136 1175 5197 ἀπόλαυσις.
1209 5135 1343 5187 Τότε
1383 5134 1561 5187 πάντα
1593 5134 1663 5187 τά
1694 5135 1793 5204 τῆς

208 5231 486 5293 υἱοθεσίας
530 5228 891 5299 γνωρίσματα
935 5230 1032 5280 καὶ
1080 5226 1516 5295 ἀποτελέσματα.
1556 5226 1665 5277 Καὶ
1695 5223 1792 5277 νῦν

206 5324 321 5392 7&9
350 5320 436 5373 ἐπ’
467 5320 644 5373 ἐλπίδι
667 5319 871 5372 τούτων
892 5318 1157 5388 ἐλάϐομεν
1188 5316 1286 5385 τὴν
1316 5314 1607 5367 υἱοθεσίαν.
1627 5312 1793 5375 Αὐτὸς

204 5416 269 5467 δὲ
301 5412 778 5483 ἐμφαντικώτερον
806 5408 978 5474 εἶπεν,
1004 5410 1331 5477 ἐσώθημεν.
1364 5408 1485 5469 Πῶς
1512 5406 1605 5459 οὖν
1633 5408 1792 5477 ἠλπί-

209 5523 390 5573 σαμεν
440 5504 643 5565 ταῦτα,
711 5502 786 5571 μὴ
832 5502 1039 5554 τούτων
1129 5497 1583 5570 παραγεγονότων
1667 5498 1790 5567 ἤδη,

211 5595 339 5667 μηδ’
384 5596 475 5648 ὑπ’
512 5594 635 5662 ὄψιν
684 5592 843 5662 ἡμῶν
892 5590 1185 5651 πεσόντων,
1223 5589 1351 5658 μηδ’
1392 5586 1499 5639 ὑπὸ
1558 5586 1789 5655 πεῖραν;

207 5684 431 5747 Καλῶς,
460 5684 649 5753 φησιν,
679 5682 774 5735 καὶ
816 5681 1071 5749 εὐλόγως.
1106 5680 1166 5733 El
1194 5678 1302 5749 7&9
1332 5678 1421 5730 ὑπ’
1451 5675 1573 5744 ὄψιν
1616 5676 1790 5745 ἡμῶν,

208 5778 310 5832 καὶ
338 5776 443 5827 ὑπὸ
478 5776 673 5842 πεῖραν
692 5774 793 5844 ήδη
825 5773 892 5826 τὰ
926 5770 1255 5841 ἐλπίζόμενα
1301 5767 1480 5838 ἀγαθὰ
1526 5767 1788 5835 ἐγεγόνεε,

206 5872 311 5923 οὐκ
342 5869 406 5923 ἂν
436 5865 505 5938 ἦν
530 5869 876 5937 ἐλπιζόμενα.

1902 4576 2029 4644 quia
2061 4576 2329 4642 accepistis
2362 4575 2607 4638 spiritum
2646 4572 2941 4638 adoptionis
2971 4570 2995 4621 ?
3025 4570 3098 4622 Ita
3136 4578 3237 4632 est,
3279 4568 3473 4636 inquit.

1899 4668 2120 4733 Qualem
2151 4682 2279 4737 ergo
2304 4676 2686 4735 exspectamus
2719 4664 2742 4717 τ
2787 4664 2923 4716 hanc
2953 4678 3073 4730 qua:
3131 4660 3475 4713 manifestata

1897 4770 2000 4821 est,
2040 4762 2136 4821 ait,
2169 4776 2264 4827 per
2304 4760 2729 4825 redemptionem
2762 4756 3007 4825 corporis
3051 4755 3245 4808 nostri.
3296 4752 3473 4806 Aliam

1897 4866 1962 4907 ac
1985 4852 2127 4903 illan:
2160 4865 2277 4919 quin
2309 4851 2455 4905 dicta
2498 4848 2648 4902 fuit?
2682 4848 2857 4901 absit!
2918 4846 3009 4900 sed
3042 4843 3291 4897 eamdem
3330 4843 3475 4896 illam

1898 4945 2167 5013 posterius
2222 4941 2642 5003 manifestatam,
2690 4950 2743 4994 et
2782 4954 2876 5007 per
2924 4938 3042 5005 ejus
3084 4935 3476 5004 experientiam

1897 5034 2189 5104 cognitam.
2226 5033 2459 5095 Etenim,
2518 5040 2642 5101 post
2700 5028 3127 5096 redemptionem
3190 5024 3474 5093 corporis,

1899 5137 2027 5183 tunc
2060 5128 2322 5181 bonorum
2354 5126 2458 5179 erit
2489 5122 2763 5194 possessio
2806 5137 2820 5186 ;
2858 5129 2985 5174 tunc
3016 5118 3201 5171 omnia
3251 5132 3478 5171 cernen-

1898 5227 1989 5273 tur
2021 5219 2329 5286 adoptionis
2358 5218 2512 5285 signa
2543 5223 2597 5269 et
2625 5212 2871 5268 effectus.
2918 5208 3073 5263 Nunc
3104 5207 3249 5261 enim
3286 5207 3337 5257 in
3382 5221 3476 5273 spe

1896 5323 2085 5362 eorum
2138 5306 2446 5373 accepimus
2485 5304 2825 5373 adoptionem
2868 5317 2883 5364 ;
2936 5298 3229 5368 Apostolus
3292 5305 3472 5349 autem

1896 5403 2133 5469 apertius
2185 5398 2314 5451 dicit
2354 5414 2366 5448 :
2414 5395 2716 5462 Salvifacti
2752 5408 2951 5447 sumus.
3004 5388 3292 5457 Quomodo
3343 5402 3474 5455 ergo

1898 5506 2181 5562 Speramus
2212 5489 2321 5551 illa,
2372 5503 2495 5541 cum
2520 5486 2630 5554 jam
2667 5502 2772 5538 non
2805 5484 3104 5544 evenerint,
3150 5495 3326 5549 neque
3353 5481 3471 5533 visu

1900 5594 2108 5648 nostro,
2136 5596 2309 5649 neque
2326 5579 2659 5648 experientia
2684 5579 2896 5647 cognita
2924 5576 3074 5631 sint?
3099 5576 3235 5628 bene
3256 5581 3306 5626 et
3328 5582 3473 5625 recte

1900 5673 2181 5740 loquitur;
2217 5670 2260 5722 si
2294 5669 2440 5721 enim
2486 5669 2604 5721 visu
2648 5679 2856 5731 nostro,
2894 5676 2947 5721 et
2990 5662 3321 5733 experientia
3359 5662 3469 5726 jam

1899 5779 2019 5832 qua
2066 5768 2349 5829 sperantur
2396 5758 2532 5812 bona
2592 5760 2805 5829 Cognita
2841 5765 3043 5819 essent,
3092 5770 3197 5810 non
3259 5762 3473 5821 Spei-uta

1902 5866 2074 5909 orent.
