4156 6438
740 365 880 432 1243

791 478 953 533 Vens.
982 478 1070 531 5|.
1110 476 1252 543 Quid
1277 494 1398 548 ergo
1435 480 1664 533 dicemus
1691 479 1760 533 ad
1782 481 1892 533 haec
1917 481 1942 533 Ρ

785 568 979 624 ΡΙιοιίἱ.
1001 569 1161 624 Certe
1196 571 1267 623 ita
1290 579 1391 623 est.
1425 569 1566 635 Quid
1593 571 1825 624 dicemus
1851 575 1918 625 ad
1948 572 2057 626 haec
2079 573 2104 625 .’
2129 569 2288 636 Quod

718 664 900 732 elegit,
934 663 1077 731 quod
1119 662 1350 723 vocavit,
1397 662 1541 729 quod
1567 661 1912 730 justiﬁeavit,
1941 662 2087 732 quod
2115 663 2287 730 glori-

721 755 918 809 ﬁcavit.
967 754 1045 806 Ad
1091 763 1296 806 tantam
1363 753 1746 808 beneﬁciorum
1793 755 2286 822 magniﬁcentiam,

722 847 852 913 quid
874 843 1152 899 dicemus?
1175 859 1280 898 non
1297 845 1489 914 gratis,
1511 845 1705 914 inquit,
1731 846 1907 901 verbis
1923 847 2287 908 abundamus,

724 952 898 1006 neque
970 951 1194 1005 operum
1241 937 1619 991 retributione.
1678 936 1825 990 Talis
1881 946 1964 990 est
2004 936 2293 990 ineil’abilis

721 1029 840 1095 ejus
871 1028 1016 1081 circa
1049 1041 1150 1081 nos
1178 1030 1372 1097 gratia.
1403 1027 1604 1082 Deinde
1632 1029 1788 1096 quasi
1817 1028 2028 1096 copiam
2063 1041 2290 1094 accepe-

722 1122 792 1173 rit
823 1120 964 1185 inde,
997 1119 1130 1173 dicit
1157 1138 1170 1172 :
1204 1117 1261 1172 Si
1293 1119 1432 1172 Deus
1463 1136 1558 1187 pro
1588 1120 1753 1183 nobis,
1787 1121 1904 1188 quis
1929 1129 2112 1171 contra
2148 1134 2240 1171 nos
2267 1118 2293 1170 .’

724 1224 890 1264 nemo
921 1228 937 1275 ;
969 1213 1223 1280 quamvis
1251 1212 1396 1264 enim
1431 1213 1598 1280 aliqui
1629 1225 1823 1265 nocere
1849 1210 2149 1265 niterentur
2181 1225 2290 1264 non

725 1305 1020 1362 nocebunt,
1056 1299 1148 1352 sed
1180 1302 1501 1368 proderunt.

721 1388 874 1443 CAP.
914 1389 1046 1443 Vill.
1077 1390 1237 1445 V'Elts.
1274 1390 1367 1444 28.
1414 1389 1511 1444 ﬂis
1538 1392 1628 1460 qui
1653 1390 1938 1442 secundum
1967 1389 2291 1457 propositum

1319 1488 1439 1532 sunt
1477 1482 1663 1533 sancti.

798 1566 993 1621 Photii.
1020 1567 1075 1620 id
1093 1577 1196 1633 est,
1220 1568 1304 1622 liis
1330 1573 1424 1638 qui
1455 1573 1752 1623 secundum
1782 1571 2078 1632 deeretum,
2101 1583 2291 1623 secunv

726 1663 854 1716 dum
888 1663 1247 1731 propositum,
1273 1661 1423 1730 digni
1450 1660 1618 1715 habiti
1649 1672 1778 1714 sunt
1819 1660 2107 1714 sanctitate
2137 1674 2298 1714 voca-

727 1755 908 1809 tionis.

727 1865 996 1922 “3:15.52.
1039 1865 1143 1930 Qui
1180 1868 1338 1920 etiam
1366 1865 1578 1933 proprio
1615 1862 1759 1916 Filio
1791 1879 1886 1916 suo
1914 1879 2014 1915 non
2042 1863 2291 1930 pepercit,

797 1945 884 1990 sed
914 1954 1008 2006 pro
1027 1937 1176 1990 nobis
1202 1935 1439 1989 omnibus
1468 1936 1684 2006 tradidit
1702 1935 1887 2000 illum;
1908 1936 2170 2006 quomodo
2192 1949 2297 1985 non

795 2003 957 2059 etiam
994 2023 1113 2058 cum
1146 2006 1239 2059 iiio
1279 2009 1455 2058 omnia
1490 2005 1637 2057 nobis
1663 2003 1924 2056 donavit?

800 2097 995 2150 Photii.
1036 2097 1274 2165 Apponit
1315 2096 1478 2165 igitur
1512 2096 1684 2150 illud:
1717 2093 1822 2159 Qui
1878 2093 2037 2146 etiam
2086 2094 2299 2162 praprio

730 2187 874 2242 Filio
896 2205 998 2241 non
1024 2189 1271 2257 pepercit.
1308 2186 1760 2249 Sollicitudinem,
1780 2194 1840 2239 ut
1867 2185 2128 2250 diximus,
2163 2184 2302 2238 inei-

733 2283 951 2335 fabilem
975 2279 1066 2334 Dei
1090 2282 1234 2334 circa
1262 2295 1363 2334 nos
1400 2278 1716 2338 ostendens.
1761 2277 2055 2346 simulque,
2088 2277 2133 2330 si
2171 2277 2300 2345 quid

732 2388 986 2442 asperum
1033 2373 1101 2426 ab
1155 2373 1338 2440 aliquo
1383 2371 1638 2438 patimur,
1697 2368 2008 2422 ﬁrmitatem
2058 2383 2152 2436 per
2201 2370 2303 2420 hoc

731 2465 1037 2532 exemplum
1078 2465 1358 2526 suadens;
1401 2476 1509 2514 non
1561 2460 1737 2513 solum
1765 2469 1972 2523 autem,
2006 2459 2102 2513 sed
2131 2469 2187 2513 et
2217 2459 2302 2512 in-

733 2558 936 2610 ducens
960 2565 1014 2608 et
1039 2555 1345 2624 injungens.
1367 2552 1424 2606 Si
1449 2551 1592 2606 enim
1616 2550 1784 2604 Filius
1806 2559 1953 2604 tanta
1973 2565 2071 2619 pro
2101 2560 2153 2605 te
2180 2565 2303 2618 pas--

733 2662 829 2700 sus
859 2658 966 2709 est,
990 2645 1120 2712 quid
1159 2653 1211 2698 te
1239 2653 1454 2712 oportet
1482 2642 1590 2711 pati
1624 2656 1720 2710 pro
1745 2639 1880 2693 illo?
1928 2650 2001 2701 et.
2039 2641 2125 2693 ille
2156 2648 2304 2693 tanta

733 2739 965 2805 patiens,
992 2746 1229 2804 paterna:
1255 2735 1441 2804 gloria
1468 2745 1521 2786 et
1545 2732 1848 2785 divinitatis
1870 2731 2076 2784 nullum
2103 2731 2304 2784 donum

733 2826 1030 2892 recipiebat
1055 2841 1070 2879 :
1098 2821 1180 2875 Tu
1212 2838 1338 2877 vero
1369 2838 1475 2877 non
1507 2825 1728 2877 omittas
1759 2823 1848 2875 illa
1892 2821 2042 2890 pati;
2083 2818 2308 2872 omnino

731 2920 878 2973 enim
913 2919 1072 2971 bonis
1115 2917 1420 2985 promissis,
1437 2927 1558 2986 post
1589 2918 1897 2985 passionem
1917 2923 1973 2969 et
2000 2921 2126 2983 post
2158 2926 2308 2966 mor-

735 3015 844 3062 tem
868 3008 1069 3077 dignus
1101 3007 1411 3061 habeberis.

809 3204 974 3261 Vm.
1015 3206 1105 3260 33.
1141 3205 1274 3272 Quis
1300 3206 1571 3259 accusabit
1598 3204 1843 3258 adversus
1871 3202 2058 3257 electos
2087 3199 2182 3253 Dei
2208 3199 2234 3252 .’

810 3294 1011 3349 Photii.
1043 3293 1100 3347 in
1127 3295 1212 3349 bis
1233 3310 1355 3364 qua:
1380 3310 1569 3364 supra,
1610 3295 1826 3349 locutus
1853 3302 1933 3348 est
1959 3292 2027 3346 de
2054 3291 2310 3345 tentatio-

735 3388 900 3442 nibus
929 3403 1053 3456 qua:
1073 3401 1166 3453 per
1190 3386 1508 3441 aﬂlictiones
1539 3396 1595 3440 et
1627 3387 1903 3440 cruciatus
1934 3384 2093 3447 tium,
2124 3381 2311 3436 dicen-

734 3480 851 3533 do:
914 3479 1045 3541 Quis
1093 3487 1278 3529 contra
1331 3479 1467 3531 nos!
1496 3491 1641 3530 nunc
1683 3476 1908 3529 alteram
1949 3473 2310 3528 tentationum

737 3570 975 3639 speciem
1005 3569 1209 3623 indicat
1240 3587 1255 3622 :
1311 3569 1697 3631 contumelias,
1728 3567 2200 3636 exprobrationes,
2224 3564 2311 3616 in-

735 3662 912 3728 jurias
955 3661 1158 3729 quibus
1204 3661 1493 3714 credentes
1526 3675 1558 3713 a
1604 3674 1710 3713 non
1742 3657 2091 3712 credentibus
2137 3656 2310 3723 impe-

739 3753 887 3806 tendi
938 3762 1087 3805 sunt.
1142 3748 1280 3805 illud
1308 3765 1528 3821 quoque
1563 3750 1807 3806 ostendis
1847 3749 2122 3803 dicendo:
2179 3743 2312 3810 Quis

739 3844 1002 3897 incusabit
1027 3852 1213 3895 contra
1237 3843 1426 3896 eiectos
1456 3844 1552 3897 Dei
1580 3843 1608 3896 .’
1641 3851 1697 3897 et
1746 3840 2063 3895 manifestat
2114 3840 2210 3904 ibi,
2255 3849 2314 3893 ut

740 3935 794 3988 in
839 3934 1189 4003 supradictis,
1222 3935 1276 3988 in
1314 3949 1542 3999 vanum,
1573 3932 1683 3988 Deo
1719 3931 2076 4002 jnstiiicante,
2106 3932 2175 3988 iis
2206 3932 2314 3987 liii-

740 4042 900 4098 guam
933 4027 1145 4096 prurire
1173 4025 1267 4095 qui
1307 4035 1568 4080 accusant
1589 4033 1644 4078 et
1671 4025 2055 4078 condemnant.

900 4116 1052 4170 CAP.
1091 4115 1180 4170 IX.
1225 4115 1386 4171 Vens.
1422 4116 1543 4171 1-5.
1582 4114 1864 4170 Veritatem
1889 4115 2031 4181 dico,
2061 4125 2170 4170 etc.

813 4207 1008 4262 Piiotii.
1044 4207 1149 4262 Sed
1200 4208 1477 4278 quomodo
1510 4208 1665 4272 dicit,
1698 4222 1860 4277 quem
1914 4207 2049 4261 nihil
2098 4216 2316 4278 separat

741 4316 772 4354 a
805 4300 1073 4355 charitate
1116 4300 1347 4367 Christi,
1382 4301 1526 4355 hunc
1552 4301 1623 4354 ob
1645 4309 1909 4370 cognatos
1949 4300 2227 4368 inquirere
2257 4308 2314 4354 et

741 4403 932 4460 optare
972 4392 1043 4445 ab
1076 4392 1167 4445 illo
1196 4393 1439 4462 separari
1471 4391 1494 4444 ἲ
1545 4406 1656 4445 non
1687 4400 1815 4445 sunt
1863 4391 2142 4446 contraria
2185 4392 2310 4452 ista,

1910 366 2172 428 ΡΗΟἹΊΙ
2209 365 2712 427 ΡΛΤΒΙΑΒΟΗΕ
2740 367 2847 426 CP.

2324 3141 2371 3202 C

3826 363 3960 427 ιω

2717 483 2775 533 Τί
2802 475 2918 533 οὖν
2943 480 3195 548 ἐροῦμεν
3223 480 3374 547 πρὸς
3402 479 3619 542 ταῦτας

2457 570 2783 624 Φωτίου.“ιί
2809 570 2902 623 καὶ
2937 570 3130 633 οὕτως·
3185 571 3246 624 Ti
3280 570 3535 638 ἐροῦμεν
3565 569 3721 638 πρὸς
3759 569 3980 632 ταῦτας

2387 661 2469 714 ὅτι
2528 661 2854 731 προώρισεν,
2917 661 3000 713 ὅτι
3048 661 3328 722 ἐκάλεσεν,
3376 662 3459 712 ὅτι
3511 660 3867 723 ἐδικαίωσεν,
3902 662 3983 712 ὅτι

2389 752 2646 816 ὲδόξασε·
2704 750 2840 822 πρὸς
2890 751 3148 821 τοιαύτην
3212 751 3470 818 ἀφθονίαν
3524 749 3896 821 εὐεργεσιῶν,
3934 749 3983 800 τί

2389 844 2661 914 ἐροῦμενς
2720 844 2854 896 Οὐδὲ
2886 842 3243 914 εὐχαρίστων,
3269 846 3459 910 φησιν,
3496 841 3672 911 λόγων
3714 841 3983 910 εὐποροῦ-

2396 955 2496 1006 μεν
2520 956 2534 969 ο
2569 941 2641 1007 μή
2663 954 2714 988 τι
2745 952 2810 1004 γε
2838 936 3016 1005 ἔργων
3055 935 3314 1004 ἀμοιϐῆς.
3352 934 3591 1004 Τοιαύτη
3642 935 3800 986 ἐστὶν
3832 935 3982 1000 ἄρα·

2391 1045 2482 1090 τος
2507 1026 2670 1080 αὐτοῦ
2705 1029 2738 1096 ἠ
2767 1028 2896 1097 περὶ
2927 1028 3074 1096 ἡμᾶς
3127 1026 3309 1095 χάρις.
3345 1024 3478 1080 Εἶτα
3507 1024 3700 1093 ὥσπερ
3729 1026 3981 1094 πόρισμα

2392 1119 2570 1172 λαϐὼν
2595 1119 2866 1184 ἐντεῦθεν,
2899 1119 3086 1188 φησὶν,
3133 1122 3199 1174 ει
3233 1123 3264 1172 ό
3305 1119 3452 1185 Θεὸς
3486 1117 3638 1184 ὑπὲρ
3667 1116 3866 1186 ἡμῶν.
3900 1120 3984 1181 τίς

2393 1211 2522 1264 καθ’
2557 1209 2762 1278 ἠμῶνς
2797 1211 3006 1268 Οὐδείς.
3035 1209 3153 1264 Κᾶν
3183 1212 3292 1281 γάρ
3336 1227 3481 1271 τινες
3543 1210 3812 1278 βλάπτειν
3865 1209 3983 1260 ἑπι-

2393 1302 2743 1371 χειρήσωσιν,
2767 1301 2832 1354 ού
2862 1301 3178 1371 βλάψουσιν,
3211 1301 3348 1354 ἀλλὰ
3371 1301 3774 1370 ὠφελήσουσιν.

2650 1412 2781 1478 Τοῖς
2819 1414 2973 1467 κατὰ
2990 1415 3282 1481 πρόθεσιν
3302 1413 3548 1478 κλητοῖς
3585 1408 3757 1467 οὖσι.

2466 1572 2710 1626 Φωτίου.
2735 1571 2993 1623 τουτέστι
3027 1573 3140 1635 τοῖς
3165 1571 3308 1626 κατὰ
3335 1569 3590 1640 γνώμην,
3617 1568 3767 1622 κατά
3793 1565 3984 1638 upwa-

2397 1678 2483 1716 σιν
2521 1661 2798 1727 ἀξιωθεῖσι
2823 1660 2925 1731 τῆς
2949 1661 3219 1732 κλήσεως.

2400 1862 2502 1925 "Oc
2533 1879 2598 1928 τε
2624 1861 2731 1913 τοῦ
2759 1846 2929 1913 idiva
2965 1857 3251 1928 Υιοῦίοῠκ
3299 1857 3636 1928 ἐφείσατοη
3653 1856 3804 1910 ἀλλ’
3837 1855 3986 1928 ὑπὲρ

2469 1924 2637 1997 ήμῶν
2669 1930 2910 1982 πάντων
2947 1927 3291 1994 παρέδωκεν
3313 1928 3523 1987 αὐτὸν,
3553 1924 3680 1991 πῶς
3710 1928 3853 1994 οὐχὶ
3893 1925 3988 1978 και

2468 2001 2590 2054 σὺν
2610 1999 2768 2064 αὑτῷ
2798 1998 2869 2051 τὰ
2892 1997 3087 2050 πάντα
3125 1997 3269 2065 ἡμῖν
3292 1997 3599 2064 χαρίσεται
3625 2011 3643 2056 ,-

2470 2095 2714 2145 Φωτίου.
2743 2091 2965 2143 Τὲοεικε
2993 2091 3173 2142 τοίνυν
3201 2090 3280 2150 τὸ,
3305 2089 3415 2153 Ὃς
3439 2105 3504 2156 τε
3539 2088 3646 2141 τοῦ
3680 2086 3841 2140 ίδίσυ
3855 2085 3988 2138 Ποῦ

2399 2174 2833 2252 ουκιέρείσατο,
2849 2182 2948 2251 τὴν
2962 2180 3307 2250 κηδεμονίαν,
3325 2180 3399 2242 ὡς
3415 2179 3646 2249 ἔφαμεν,
3666 2179 3771 2248 τὴν
3785 2180 3988 2244 ἄφατον

2398 2273 2493 2326 τοῦ
2519 2272 2653 2326 Θεοῦ
2690 2273 2787 2343 τὴν
2815 2272 2942 2342 περὶ
2969 2271 3115 2340 ἡμᾶς
3143 2269 3577 2341 ἐνδεικνύμενος.
3614 2272 3728 2322 Καὶ
3771 2269 3893 2336 ἅμα
3936 2269 3988 2320 εἰ

2400 2381 2454 2417 τι
2481 2364 2742 2434 δυσχερὲς
2781 2363 2885 2416 ὑπό
2905 2380 3049 2426 τινος
3076 2364 3382 2433 πάσχομεν,
3423 2363 3716 2432 καρτερεῖν
3759 2361 3854 2412 διὰ
3897 2359 3986 2410 τοῦ

2403 2455 2849 2525 παραδείγματος
2890 2454 3191 2526 παραινῶν.
3241 2455 3318 2506 Ub
3378 2452 3538 2522 μόνον
3585 2451 3665 2511 δὲ,
3719 2451 3861 2503 ἀλλά
3899 2451 3989 2502 καὶ

2402 2544 2780 2614 ἀνακτώμενος
2813 2544 2907 2596 καὶ
2933 2543 3286 2613 παρηγορῶν.
3320 2542 3384 2595 El
3405 2541 3514 2611 γάρ
3539 2543 3568 2593 ὁ
3592 2541 3723 2602 Υἱὸς
3750 2539 3988 2592 τοσαῦτα

2404 2636 2544 2706 ὑπὲρ
2583 2634 2676 2687 σοῦ
2707 2633 2896 2696 ἔπαθε,
2923 2634 2977 2686 τί
3001 2651 3060 2685 σε
3094 2633 3201 2702 χρὴ
3252 2633 3445 2685 παθεῖν
3476 2631 3615 2699 ὑπὲρ
3646 2629 3865 2685 αὖτοῦ;
3896 2630 3987 2679 καὶ

2405 2727 2453 2777 εί
2500 2726 2704 2786 ἐκεῖνος
2744 2721 2968 2775 τοιαῦτα
3008 2721 3227 2784 παθὼν,
3272 2724 3372 2790 τῆς
3415 2720 3694 2788 πατρικῆς
3744 2719 3906 2786 δόξης
3930 2735 3988 2770 τε

2407 2816 2499 2868 κα)⁵
2517 2814 2769 2882 Θεότητος
2795 2813 2952 2866 οὐδέν
2985 2829 3038 2864 τι
3099 2811 3497 2881 καθυφειμένον
3537 2809 3763 2872 ἐδέξατο
3795 2827 3812 2842 ·
3857 2809 3987 2877 μηδὲ

2408 2905 2474 2958 σὺ
2533 2905 2876 2973 ὀλιγωρήσῃς
2943 2903 3170 2973 πάσχων
3215 2903 3414 2956 ταῦτα.
3465 2901 3695 2962 Πάντως
3744 2903 3860 2970 γὰρ
3888 2901 3991 2951 τῶν

2407 2994 2851 3064 ἐπηγγελμένων,
2933 2995 3029 3045 καὶ
3074 2993 3214 3062 μετά
3260 2993 3329 3046 τὰ
3372 2991 3698 3062 παθήματα,
3729 2991 3830 3044 καὶ
3858 2994 3991 3061 μετὰ

2408 3084 2500 3136 τὸν
2539 3083 2788 3146 θάνατον,
2815 3081 3117 3153 ἀξιωθήσῃ.

2631 3194 2725 3257 Τίς
2749 3191 3066 3258 ἐγκαλέσει
3100 3194 3247 3247 κατά
3277 3192 3582 3247 ἐκλεκτῶν
3621 3193 3776 3248 Θεοῦ
3802 3211 3822 3258 ,°

2485 3286 2729 3341 Φωτίου.
2773 3285 2864 3338 Ἐν
2914 3289 3026 3348 τοῖς
3064 3285 3373 3355 ἔμπροσθεν
3418 3285 3475 3337 δι
3512 3285 3686 3338 εἰπὼν
3717 3287 3852 3348 τοὺς
3881 3303 3992 3339 πει-

2417 3377 2658 3446 ρασμοὺς
2677 3377 2802 3439 τοὺς
2827 3376 2916 3428 διά
2944 3375 3174 3444 θλίψεων
3205 3377 3299 3429 καὶ
3330 3375 3602 3443 βασάνων,
3624 3378 3685 3428 ὲν
3715 3377 3798 3446 τῷ
3823 3379 3993 3429 εἰπεῖν

2422 3468 2516 3531 Τίς
2546 3469 2674 3520 καθ’
2695 3465 2864 3535 ἡμῶν
2879 3482 2900 3530 ;
2935 3467 3028 3520 νῦν
3061 3467 3248 3536 ἕτερον
3283 3463 3422 3528 εἶδος
3449 3468 3779 3535 πειρασμῶν
3805 3468 3955 3534 λέγει
3979 3481 3994 3498 ⁸

2415 3559 2540 3620 τοὺς
2590 3557 2948 3626 ὀνειδισμοὺς,
2992 3558 3089 3618 τάς
3128 3557 3384 3626 μέμψεις,
3437 3558 3536 3620 τάς
3583 3556 3883 3628 λοιδορίας,
3931 3559 3991 3620 ἀ,

2418 3650 2674 3716 κατέχεον
2703 3651 2751 3701 oi
2799 3650 3018 3702 ἄπιστοι
3063 3649 3170 3701 τῶν
3210 3649 3438 3702 πιστῶν.
3502 3649 3615 3701 Καὶ
3659 3649 3828 3702 τοῦτο
3851 3651 3997 3719 δηλιῖ

2415 3736 2502 3788 διὰ
2546 3736 2640 3788 τοῦ
2690 3736 2890 3802 λέγειν,
2965 3738 3062 3802 Τις
3120 3736 3437 3805 ἐγκαλέσει
3480 3737 3635 3790 κατὰ
3691 3736 3993 3791 ἐκλεκτῶν

2420 3824 2568 3877 Θεοῦ
2583 3840 2605 3886 ;
2652 3826 2746 3877 καὶ
2785 3825 3136 3879 ἀποδείκνυσι
3178 3827 3487 3892 κάνταῦθα,
3532 3827 3730 3896 ὥσπερ
3776 3831 3879 3880 καὶ
3910 3833 3995 3881 ἐπὶ

2415 3919 2524 3968 τῶν
2579 3916 2904 3987 εἰρημένων,
2964 3919 3046 3970 ὅτι
3095 3917 3231 3972 Θεοῦ
3287 3919 3644 3983 δικαιοῦντος,
3703 3921 3786 3982 εἰς
3822 3922 3994 3990 μάτην

2418 4005 2856 4074 γλωσσαλγοῦσιν
2893 4007 2944 4059 oi
2971 4007 3284 4078 αἰτιώμενοι
3312 4011 3408 4061 καὶ
3433 4010 3895 4081 κατακρίνοντας.

2828 4119 3130 4186 Ἀλήθειαν
3160 4121 3341 4189 λέγω,
3366 4139 3425 4177 κ.
3457 4139 3510 4175 τ.
3534 4123 3588 4174 λ.

2486 4211 2736 4265 ﬁction.
2781 4211 2941 4264 ⁹Λλλά
2972 4211 3109 4276 ruite,
3143 4214 3329 4283 φησιν,
3361 4214 3422 4267 δν
3453 4214 3604 4267 οὐδὲν
3631 4214 3870 4283 χωρίζει
3893 4215 3994 4268 ἀπὸ

2413 4301 2514 4369 τῆς
2536 4301 2754 4368 ἀγάπης
2817 4300 2913 4354 τοῦ
2961 4302 3232 4373 Χριστοῦ,
3296 4322 3451 4369 ουτος
3521 4307 3663 4374 ὑπὲρ
3712 4309 3994 4376 συγγενῶν

2416 4389 2665 4459 ἱπιζητεί
2691 4392 2787 4444 καὶ
2831 4391 3050 4462 εΰχεται
3087 4394 3279 4448 τούτου
3317 4398 3684 4466 χωρισθῆναις
3710 4400 3816 4451 οὐκ
3850 4399 3992 4451 εστιν

742 4484 837 4538 sed
863 4492 918 4536 et
947 4481 1127 4552 potius
1175 4483 1528 4538 enucordant.
1555 4481 1658 4548 Qui
1690 4482 1832 4536 ciiim
1882 4481 2109 4535 iratrem
2154 4496 2306 4536 suum

2419 4481 2637 4532 ἐναντία
2693 4480 2888 4543 ταῦτα,
2938 4482 3076 4535 ἀλλά
3129 4486 3223 4537 καὶ
3266 4486 3470 4554 μᾶλλον
3517 4488 3758 4557 συνᾴδει.
3803 4489 3868 4541 '0
3894 4490 3992 4557 γὰρ

741 4571 936 4640 diligit,
965 4570 1131 4625 Deum
1156 4571 1331 4640 diligit
1357 4587 1372 4635 ;
1415 4567 1481 4622 ιιι
1506 4571 1602 4623 hoc
1625 4571 1764 4623 enim
1797 4581 2105 4638 cognoscent
2135 4585 2312 4622 omnes

740 4666 867 4733 quia
915 4663 1163 4731 discipuli
1210 4664 1312 4715 mei
1349 4662 1501 4727 estis,
1536 4662 1584 4713 si
1622 4662 1932 4716 charitatem
1978 4661 2216 4714 habeatis
2259 4662 2314 4713 in

744 4759 1083 4812 alterutrum.
1136 4756 1208 4807 lla
1254 4765 1359 4816 est,
1399 4754 1618 4822 inquit;
1662 4751 1756 4808 sed
1807 4752 1881 4805 ibi
1919 4752 2010 4806 Dei
2060 4751 2315 4806 charitati

743 4849 976 4921 proximi
1021 4849 1343 4900 cbaritatem
1383 4846 1679 4914 anteponit.
1725 4843 1831 4898 Sed
1871 4844 1991 4898 illos
2019 4843 2314 4912 diligendo,

742 4941 964 4994 Christo
1011 4937 1428 4990 identitlcamur.
1467 4934 1714 4991 Ostendit
1740 4949 1870 5005 ergo
1907 4934 2318 5003 supereminen-

746 5042 852 5084 tem
908 5030 1248 5091 charitatem,
1279 5029 1333 5083 in
1360 5044 1426 5082 eo
1467 5029 1612 5098 quod
1637 5028 1775 5083 alios
1805 5028 1859 5080 in
1889 5041 1947 5081 se
1987 5026 2272 5096 conjunxit
2299 5041 2315 5091 ;

748 5123 821 5174 ita
854 5122 1000 5174 enim
1047 5119 1272 5190 intelligi
1301 5120 1463 5174 debet
1489 5119 1637 5189 quod
1677 5118 1878 5173 dicitur
1913 5137 1929 5172 :
1967 5118 2024 5173 Si
2059 5119 2318 5188 possibile

746 5225 891 5269 esset
924 5229 1018 5283 per
1059 5229 1234 5267 meam
1289 5214 1645 5283 perditionem
1687 5212 1964 5268 Christum
2002 5214 2314 5282 gloriﬁcari,

747 5315 800 5359 et
833 5304 1046 5359 indutos
1083 5305 1302 5367 salvari.
1329 5320 1438 5359 non
1467 5305 1598 5360 illud
1631 5306 1990 5374 deprecarer;
2023 5306 2132 5358 alio
2154 5319 2316 5359 sensu

746 5393 891 5447 enim
920 5407 1029 5447 non
1065 5393 1196 5447 dicit
1224 5395 1502 5448 anathema
1544 5396 1684 5463 ﬁeri,
1720 5395 1772 5450 id
1799 5405 1906 5459 est,
1941 5398 2139 5451 aliliinc
2159 5411 2318 5465 sepa-

748 5484 858 5538 rari
906 5485 974 5540 ab
1022 5485 1159 5550 illo;
1197 5484 1251 5539 id
1283 5487 1428 5540 enim
1477 5487 1713 5540 maxime
1751 5486 2128 5540 detestandum
2168 5498 2251 5540 est
2299 5505 2314 5550 ;

747 5577 843 5632 sed
875 5578 1158 5630 anathema
1191 5594 1299 5631 esse
1332 5619 1348 5644 ,
1379 5578 1431 5631 id
1458 5589 1562 5641 est,
1593 5587 1898 5648 separatum
1925 5579 2102 5634 adhuc
2129 5593 2318 5632 mane-

747 5683 828 5732 re,
873 5683 1048 5737 neque
1092 5669 1157 5722 ad
1196 5668 1473 5723 Christum
1524 5670 1744 5737 adiisse,
1787 5671 1880 5724 sed
1914 5670 2092 5724 adhuc
2127 5670 2196 5723 ab
2228 5669 2318 5724 illo

747 5761 986 5830 separari
1015 5761 1095 5828 ;si
1118 5761 1260 5816 istud
1290 5763 1354 5817 ad
1383 5774 1614 5819 vestram
1647 5763 2054 5817 conversionem
2078 5755 2136 5816 (δι’
2158 5762 2316 5815 ﬁdem

2411 4570 2639 4638 ἀγαπῶν
2694 4573 2786 4624 τὸν
2818 4573 3044 4641 ἀδελφὸν
3089 4575 3279 4642 αὑτοῦ,
3334 4578 3427 4630 τὸν
3458 4578 3589 4630 Θεὸν
3631 4581 3852 4650 ἀγαπᾷ.
3902 4582 3994 4633 ἐν

2412 4663 2598 4728 τούτῳ
2651 4662 2762 4731 τὰρ
2796 4663 3130 4732 γνώσονται
3157 4667 3378 4734 πάντες
3435 4669 3524 4722 ὅτι
3576 4671 3708 4739 ἐμοι
3735 4674 3994 4738 μαθηταί

2410 4753 2576 4818 ἐστε,
2612 4753 2720 4806 ἐὰν
2758 4755 3000 4824 ἀγάπην
3044 4757 3222 4826 ἔχητε
3257 4760 3408 4828 πρὸς
3462 4761 3804 4827 ἀλλήλους.
3871 4763 3992 4826 Ναὶ,

2415 4845 2616 4914 φησιν’
2652 4845 2767 4898 ἀλλ’
2804 4846 3035 4901 ἐνταῦθα
3089 4851 3372 4920 προκρίνει
3401 4853 3499 4920 τῆς
3553 4854 3692 4921 πρὶς
3735 4855 3835 4906 τὸν
3873 4855 3994 4906 Θεὸν

2413 4933 2655 5004 ἀγάπης,
2689 4936 2787 5005 τὴν
2808 4937 2905 4990 τοῦ
2932 4938 3183 5009 πλησίον.
3223 4941 3384 4995 um
3430 4943 3490 4996 τὸ
3522 4945 3700 5011 φύείν
3731 4946 3991 5007 ἐκείνους,

2413 5027 2475 5080 τὸ
2524 5027 2801 5082 οἰκειῶσαι
2847 5029 2926 5101 τῷ
2963 5031 3184 5102 Χριστῷ
3233 5035 3372 5088 εστι.
3435 5035 3691 5087 Δείκνυσι
3723 5038 3864 5104 γοῦν
3899 5040 3988 5106 τὴν

2416 5117 2856 5188 ύπερδάλλουσαν
2883 5123 3127 5190 ἀγάπην,
3153 5125 3236 5178 ὅτι
3277 5126 3371 5179 καὶ
3413 5127 3631 5196 ἑτέρους
3663 5130 3996 5198 συνήλαυνεν

2417 5211 2496 5271 είς
2550 5211 2733 5264 αὐτόν.
2775 5211 2930 5266 Οὕτω
2981 5215 3087 5284 γάρ
3139 5217 3204 5267 ἂν
3254 5219 3424 5269 νοοῖτο
3492 5218 3555 5269 τὸ
3594 5221 3762 5289 ῥητόν
3799 5237 3821 5252 ο
3849 5221 3912 5272 Et
3938 5217 3997 5290 ἦν

2415 5301 2638 5355 δυνατὸν
2675 5302 2762 5355 διά
2785 5305 2884 5368 τῆς
2909 5307 3049 5374 ἐμῆς
3076 5307 3373 5373 ἀπωλείας,
3394 5309 3723 5375 ὼξασῡῆναι
3749 5312 3850 5363 τὸν
3875 5314 3998 5383 Χριο

2419 5397 2562 5460 στὸν,
2600 5399 2692 5450 καὶ
2738 5399 2978 5468 σωθῆναι
3007 5403 3132 5464 τοὺς
3198 5404 3509 5469 Ἰουδαίους,
3567 5407 3694 5458 οὐδὲ
3740 5409 3910 5462 τοῦτο
3939 5412 3996 5460 iv

2419 5491 2845 5559 παρῃτησάμην.
2887 5493 3095 5556 ⁹Ἁλλως
3117 5511 3174 5546 τε
3204 5495 3325 5547 οὐδὲ
3353 5496 3501 5562 λέγει
3530 5496 3807 5566 ἀνάθεμα
3848 5500 3994 5564 γενέ-

2420 5579 2564 5642 σθαι,
2618 5582 2916 5646 τουτέστιν,
2965 5585 3072 5636 ἀπὸ
3132 5585 3226 5637 τοῦ
3263 5583 3358 5639 νῦν
3405 5585 3572 5639 αὑτοῦ
3634 5589 3992 5656 χωρισθῆναιο

2417 5668 2576 5723 τοῦτο
2626 5671 2733 5742 γὰρ
2788 5674 3192 5728 ἀπιυκτότατον
3219 5691 3232 5704 ·
3303 5677 3441 5730 ἀλλὰ
3504 5679 3776 5746 ἀνάθεμα
3826 5679 3990 5741 εἶναι,

2418 5761 2683 5824 τουτέστι,
2739 5767 3140 5834 κεχωρισμένον
3197 5767 3277 5821 ἔτι
3316 5762 3494 5832 εἶναι,
3560 5771 3652 5823 καὶ
3707 5772 3880 5841 piam
3926 5789 3990 5837 τῳ
