4156 6438
214 461 337 523 ιειδ

1042 445 1504 510 FRAGMENTA
1565 443 1648 504 ΓΝ
1678 441 2101 502 EPISTULAM
2134 438 2233 499 AD
2267 432 2645 498 ROMANOS.

3311 434 3444 501 1246

208 574 417 649 Χριστῷ
459 568 795 641 προσελθεῖν,
851 566 964 619 ἀλλ’
1023 565 1106 618 ἐτι
1155 560 1560 633 κεχωρισμένον
1606 559 1812 621 αὑτοῦ,

1897 573 1932 611 u
1980 556 2131 610 illum
2180 555 2482 625 proliceret.
2537 552 2659 605 Non
2705 548 2850 604 enim
2881 548 3027 619 quod
3052 550 3121 603 ad
3166 548 3441 603 Christum

206 640 335 719 εἶναι
355 683 369 696 ·
387 640 459 716 *εί
481 640 639 716 τοῦτο
672 663 749 723 είς
778 658 877 728 τὴν
918 656 1194 727 ὑμετέραν
1238 652 1443 707 εῐσοδον
1471 653 1566 704 καὶ
1592 650 1774 705 πίστιν

1891 648 2160 713 tdiverim,
2181 648 2303 701 idco
2327 660 2424 702 vos
2453 659 2481 699 a
2513 658 2600 698 me
2617 642 2910 697 advocatos
2932 655 3054 695 esse
3079 640 3439 704 arbitremini,

206 758 298 827 τὴν
322 757 404 819 εἰς
428 754 592 808 αὐτὸν
630 750 927 805 συνετέλει.
959 748 1051 818 Μὴ
1087 746 1198 817 γὰρ
1224 746 1307 799 δτι
1344 744 1655 814 προσῆλθον
1697 742 1774 813 τῷ

210 845 439 917 Χριστῷ,
474 845 563 898 διὰ
603 840 763 895 τοῦτο
788 840 883 893 καὶ
932 840 1076 908 ὑμᾶς
1104 854 1172 909 με
1202 834 1593 907 προκαλεῖσθαι
1622 834 1776 904 νομί-

212 953 353 1004 σητε,
370 934 553 1002 φησιν.
584 932 692 986 Καὶ
719 930 825 1003 πρὸ
848 928 982 1001 ιμοῦ
1011 928 1156 999 ὑμᾶς
1176 925 1488 996 ἠϐουλόμην
1512 922 1775 993 προσδραο

279 1292 521 1344 ﬁction.
559 1290 631 1343 Ἣ
659 1289 914 1360 πρόθεσιν
951 1288 1143 1352 εἰπὼν.
1166 1287 1263 1341 τοῦ
1293 1287 1429 1342 Θεοῦ
1450 1288 1549 1358 τὴν
1583 1287 1778 1357 βουλὴν
1848 1290 1855 1297 ’

214 1384 492 1455 ἐδήλωσενο
553 1383 723 1435 είπὼν
754 1383 811 1435 δὲ
871 1387 997 1435 κατ’
1028 1380 1316 1450 ἐκλογὴν,
1340 1380 1543 1446 ἔδειξεν
1570 1381 1653 1433 ὅτι
1681 1381 1775 1432 καὶ

212 1475 453 1545 διέφερον
481 1473 744 1543 ἀλλήλων.
795 1473 983 1534 Οὐδεὶς
1022 1472 1131 1541 γὰρ
1162 1470 1445 1536 ἐκλέγεται
1475 1469 1662 1537 ἕτερον
1685 1467 1778 1536 ἀφ’

215 1565 417 1633 ἐτέρου,
464 1564 514 1616 εί
541 1564 615 1632 μή
645 1580 696 1615 τι
722 1561 885 1615 αὐτοῦ
915 1560 1247 1614 διαλλάσσει.
1274 1558 1459 1614 Εἰπὼν
1484 1557 1542 1611 δὲ
1575 1560 1686 1611 οὐκ
1710 1557 1779 1621 ἐξ

213 1656 415 1725 ἔργων,
448 1652 729 1722 παρέδειξε
767 1653 829 1706 τὸ
873 1653 1101 1723 μέγεθος
1143 1652 1243 1720 τῆς
1276 1651 1520 1720 κλήσεως
1560 1649 1777 1717 καὶτῆς

214 1750 427 1817 χάριτος
456 1743 653 1800 αὑτοῦ·
683 1746 765 1798 ὅτι
786 1744 882 1797 καὶ
914 1743 1081 1814 μηδὲν
1108 1732 1450 1812 πραξάντων,
1497 1740 1779 1808 ὶκλὲγεται

216 1840 305 1889 καὶ
343 1834 749 1905 προσκαλεῖται.
796 1831 935 1885 Ἀλλ’
970 1832 1019 1884 εί
1067 1831 1230 1901 μηδὲν
1264 1828 1585 1901 πραξάντων
1625 1828 1779 1882 ἐκλέ-

1874 738 2050 807 inquit
2083 753 2099 801 ;
2128 738 2291 791 etiam
2324 745 2449 790 ante
2480 749 2567 788 me
2596 748 2692 788 vos
2727 732 3025 787 voluissem
3059 730 3127 785 ad
3165 730 3318 783 illum
3344 745 3442 784 cu-

1874 842 2131 885 οιιιτιεεθ.

1875 1120 2027 1176 CAP.
2058 1117 2145 1173 IX.
2200 1117 2365 1172 VERS.
2410 1118 2497 1171 Η.
2558 1115 2626 1199 Ψ
2669 1117 2952 1199 secundum
3005 1118 3307 1170 electionem
3353 1116 3447 1170 Dei

2371 1196 2693 1256 propositum
2723 1196 2973 1239 maneret.

1953 1279 2155 1333 Photii.
2222 1276 2382 1332 Certe
2424 1277 2653 1331 dicendo
2694 1276 3040 1345 propositum,
3073 1275 3165 1329 Dei
3197 1275 3447 1329 volunta-

1878 1379 1984 1425 tem
2016 1370 2363 1441 signiﬁcavit.
2386 1368 2521 1423 Cum
2553 1378 2732 1423 autem
2757 1370 2913 1434 dicit,
2936 1368 3219 1422 secundum
3243 1369 3451 1422 electio-

1880 1478 2017 1523 nent,
2046 1462 2292 1517 ostendit
2322 1462 2436 1515 haec
2463 1461 2602 1514 inter
2634 1475 2693 1516 se
2724 1459 2956 1515 diﬂ‘erre.
2981 1459 3154 1516 Nemo
3176 1462 3319 1515 enim
3349 1462 3452 1515 eli.

1879 1554 2029 1623 gitur
2058 1554 2200 1609 alius
2231 1553 2300 1607 ab
2343 1553 2473 1618 alio,
2514 1553 2614 1606 nisi
2650 1552 2718 1606 ab
2772 1552 2862 1606 illo
2908 1552 3143 1607 diil‘erat.
3191 1553 3448 1613 Dicenda,

1877 1661 1983 1699 non
2029 1662 2095 1699 ea:
2138 1645 2401 1714 operibus,
2431 1644 2675 1699 exhibuit
2717 1644 3003 1698 electionis
3032 1654 3085 1698 et
3129 1644 3218 1698 Dei
3266 1646 3452 1714 gratia:

1880 1735 2353 1805 magnitudinem;
2387 1736 2531 1805 quod
2566 1751 2670 1788 non
2697 1751 2761 1789 ex
2788 1736 3143 1803 operantibus
3173 1736 3365 1790 electio
3400 1746 3454 1791 et

1880 1828 2092 1882 vocatio
2112 1830 2188 1883 iit.
2215 1826 2342 1891 Sed,
2367 1828 2412 1882 si
2436 1842 2543 1881 non
2558 1844 2619 1881 ex
2638 1830 2991 1897 operantibus
3006 1828 3197 1884 electio
3216 1829 3268 1884 ﬁt
3283 1870 3297 1892 ,
3318 1844 3454 1900 quo-

215 1942 386 1993 γιται,
422 1925 539 1987 πῶς
567 1924 886 1991 ὲκλέγεταις
930 1920 995 1974 Ἦ
1044 1920 1143 1991 μὲν
1173 1920 1283 1989 γὰρ
1308 1918 1507 1989 ἐκλογὴ
1544 1920 1639 1971 ἐπὶ
1665 1916 1773 1970 τῶν
1803 1911 1812 1969 ]

1891 1922 2037 1975 nodo
2058 1918 2321 1991 eligitur?
2355 1918 2559 1973 Electio
2596 1921 2737 1973 enim
2770 1919 2830 1973 fit
2852 1920 2905 1973 itt
2938 1920 3024 1974 his
3051 1920 3143 1989 qui
3183 1922 3235 1975 itt
3271 1922 3453 1988 aliquo

216 2016 354 2067 κατά
377 2030 431 2066 τι
447 2015 656 2082 γίνεται
684 2011 1071 2081 διαφερόντων,
1094 2010 1143 2063 οί
1171 2009 1230 2063 δὲ
1254 2008 1423 2079 μηδὲν
1451 2007 1776 2080 πράξαντες,

216 2108 268 2160 τε
311 2108 625 2177 διαφέρουσι
659 2122 674 2169 ;
706 2105 816 2157 Kal.
849 2105 1013 2158 πάνυ.
1076 2101 1464 2173 Ἀνθρωπίνοις
1525 2101 1623 2171 μὲν
1672 2099 1781 2168 γὰρ

215 2196 507 2265 ὀφθαλμοῖς
573 2193 694 2246 ἐπεὶ
742 2193 892 2247 οὐδὲν
942 2190 1203 2262 ἔπραξαν,
1260 2191 1383 2245 οὐδὲ
1443 2190 1779 2260 διαφέρουσι.

216 2288 422 2357 θείαδὲ
452 2286 755 2357 προγνώσει
793 2284 887 2338 τοῦ
937 2285 1239 2355 μέλλοντος,
1277 2284 1413 2337 πολὺ
1444 2282 1777 2351 διαφέρουσι.

216 2378 324 2431 Καὶ
353 2376 460 2448 γὰρ
488 2379 515 2430 ό
547 2376 645 2446 μὲν
678 2375 1011 2445 εὑηρέστησε
1037 2373 1113 2443 τῷ
1139 2372 1278 2444 Θεῷ,
1308 2375 1337 2425 ό
1366 2372 1445 2438 δὲ,
1466 2373 1669 2425 οὐκέτι.

424 2531 585 2601 Λέγω
616 2526 750 2593 οὖν,
776 2528 870 2597 Μὴ
900 2528 1195 2584 ἔπταισαν
1222 2529 1324 2582 ἵνα
1345 2528 1608 2593 atticum;

286 2688 529 2741 Φωτίου.
574 2684 792 2756 Ἐπειδὴ
820 2684 875 2738 δὲ
920 2683 1031 2737 τῶν
1077 2684 1545 2755 προσπταιόντων,
1589 2686 1641 2739 οί
1686 2686 1786 2756 μὲν

217 2779 503 2840 πταίοντες
545 2774 989 2839 ὑποσκελίζονται
1036 2775 1217 2843 μόνον,
1271 2776 1322 2828 οί
1375 2774 1433 2828 δὲ
1477 2775 1572 2828 καὶ
1613 2792 1784 2829 κατα-

216 2870 494 2931 πίπτουσι,
526 2867 695 2921 θέλων
732 2867 860 2928 τοὺς
922 2864 1209 2927 Ἰουδαίους
1269 2865 1387 2933 ἃμα
1421 2865 1520 2935 μὲν
1568 2866 1650 2929 είς
1686 2867 1787 2935 τὴν

219 2961 398 3014 πίστιν
477 2957 800 3029 προτρέψαι,
844 2956 959 3026 αμα
1005 2955 1063 3009 δὲ
1108 2957 1204 3009 καὶ
1259 2955 1785 3027 παραμυθήσασθαι,

218 3050 373 3119 φησὶ,
419 3048 501 3101 ὄτι
557 3046 619 3099 τὸ
659 3048 904 3113 πταῖσμα
951 3043 1130 3098 αὐτῶν
1182 3043 1281 3097 οὐκ
1310 3046 1388 3107 είς
1437 3044 1787 3098 κατάπτωσιν

218 3141 428 3194 τελείαν
478 3137 719 3207 γέγονεν,
771 3136 909 3189 ἀλλά
964 3136 1124 3206 μόνον
1149 3131 1262 3189 οἷον
1290 3134 1783 3206 ὑπεσκελίσθησαν.

1878 2008 2170 2074 diilerunt;
2206 2009 2300 2078 qui
2330 2015 2510 2062 autem
2543 2023 2650 2062 non
2701 2020 3019 2077 operantur,
3057 2011 3107 2063 itt
3159 2027 3267 2079 quo
3295 2010 3451 2063 σισυ-

1882 2100 2051 2154 runt?
2084 2098 2309 2153 Multum
2343 2101 2585 2169 quidem,
2618 2100 2871 2155 humanis
2899 2104 3044 2155 enim
3082 2103 3278 2163 oculis,
3327 2118 3449 2155 cum

1881 2191 2014 2244 nihil
2045 2191 2251 2260 operati
2280 2200 2431 2257 sunt,
2462 2205 2568 2245 non
2600 2190 2893 2258 differunt;
2923 2192 3108 2247 divina
3138 2204 3320 2247 autem
3358 2209 3448 2247 co-

1880 2282 2123 2352 gnitione
2165 2280 2406 2336 futurum
2454 2292 2729 2347 cernente,
2768 2284 2999 2337 multum
3034 2283 3312 2338 did‘erunt.
3361 2285 3453 2337 Et-

1879 2373 2021 2428 enim
2057 2372 2148 2427 bic
2183 2374 2403 2443 quidem
2436 2375 2545 2430 Deo
2574 2374 2798 2445 placuit,
2829 2376 2919 2430 ille
2944 2388 3127 2431 autem
3154 2392 3285 2430 non.

1882 2528 2032 2583 CAP.
2064 2526 2152 2582 XI.
2190 2526 2355 2583 Vens.
2390 2530 2477 2601 il.
2537 2528 2664 2583 Dico
2692 2547 2814 2601 ergo
2845 2547 2863 2585 :
2895 2530 3147 2601 Nunquid
3188 2532 3264 2584 sic
3289 2532 3455 2599 oﬂ't'n-

2374 2600 2560 2653 derunt
2594 2612 2647 2653 ut
2676 2600 2919 2653 caderent
2942 2603 2967 2655 ?

1954 2689 2156 2746 Photit'.
2194 2691 2464 2759 Quoniam
2498 2700 2552 2746 et
2585 2692 2669 2747 his
2701 2692 2795 2759 qui
2825 2692 3131 2757 oﬂendunt,
3161 2693 3247 2747 alii
3285 2692 3460 2747 oiTen-

1883 2784 2063 2839 dendo
2094 2784 2351 2839 vacillant
2382 2793 2614 2848 tantum,
2644 2782 2737 2837 alii
2794 2797 2976 2838 autem
3020 2784 3242 2850 cadunt,
3270 2784 3460 2839 volens

1883 2874 2121 2941 Iudaeos,
2153 2876 2317 2931 simul
2347 2877 2413 2931 ad
2447 2874 2605 2930 ildem
2640 2884 2981 2941 convertere,
3024 2876 3297 2946 simulque
3326 2892 3459 2930 cou-

1887 2968 2078 3033 solari,
2103 2966 2261 3033 dicit,
2289 2968 2435 3036 quod
2483 2968 2701 3022 illorum
2751 2967 2981 3023 oil'ensio
3029 2982 3136 3021 non
3188 2967 3457 3034 in,casum

1886 3052 2108 3107 omnino
2126 3052 2266 3108 facta
2291 3065 2392 3120 est,
2427 3055 2521 3109 sed
2543 3056 2688 3125 quod
2714 3055 3091 3111 tantummodo
3118 3056 3461 3111 vacillarunt.

1889 3142 1953 3195 Et
1982 3142 2036 3196 id
2082 3159 2301 3213 quoque
2334 3159 2429 3213 per
2476 3146 2766 3215 quamdam
2809 3148 3171 3200 oeconomiam
3224 3146 3463 3215 disposi-

219 3235 331 3287 Καὶ
362 3229 520 3284 τοῦτο
546 3229 615 3283 δι’
637 3227 950 3297 οἰκονομίαν
987 3230 1109 3281 τινα
1162 3226 1535 3297 συνεχωρήθη,
1594 3229 1681 3280 ἶνα
1710 3226 1787 3297 τῷ

1894 3241 2005 3288 tum
2033 3243 2153 3300 est;
2188 3245 2245 3289 ut
2276 3235 2491 3291 illorum
2524 3236 2723 3292 diieclo
2746 3236 3101 3307 ﬁatgentium
3149 3237 3318 3302 salus,
3345 3238 3463 3292 illo-

218 3323 439 3377 ἐκείνων
469 3317 872 3389 παραπτώματι
918 3317 1142 3387 γένηται
1186 3316 1287 3385 μὲν
1332 3318 1365 3386 ἡ
1401 3315 1643 3386 σωτηρία
1681 3318 1791 3379 τοῖς

217 3416 422 3480 ἔθνεσι,
478 3415 699 3484 γένηται
750 3410 806 3463 δὲ
850 3409 943 3462 καὶ
984 3407 1162 3461 αὐτῶν
1214 3406 1437 3461 ἐκείνων
1488 3405 1791 3476 διόρθωσις,

218 3506 679 3579 παραζηλούντων
744 3503 840 3556 καὶ
900 3500 1254 3571 μιμουμένων
1309 3499 1437 3561 τοὺς
1487 3497 1548 3563 ἐξ
1601 3498 1793 3552 ἐθνῶν.

221 3599 387 3651 ’Ὥστε
424 3598 487 3651 τδ
517 3597 888 3663 προσπταῖσαι
922 3593 1117 3655 αὐτοὺς
1151 3592 1350 3662 τρόπον
1378 3591 1499 3643 τινὰ
1534 3592 1613 3655 είς
1639 3592 1797 3663 ἀνόρ-

220 3691 387 3742 θωσιν
421 3687 660 3740 συντελεῖ
683 3686 781 3755 τὴν
808 3683 1008 3738 αὐτῶν.
1046 3684 1217 3752 Εἴπερ
1248 3682 1318 3735 ἐν
1347 3682 1446 3750 μὲν
1484 3681 1564 3747 τῷ
1609 3696 1797 3751 παραυ

220 3781 484 3848 πτώματι
515 3776 713 3832 αὐτῶν
747 3778 784 3845 ἠ
814 3776 1075 3847 σωτηρία
1113 3772 1238 3838 τοῖς
1266 3774 1528 3835 ἔθνεσιν,
1572 3775 1629 3826 ὲν
1649 3774 1706 3826 δὲ
1727 3776 1793 3844 τῇ

220 3869 469 3939 σωτηρίᾳ
492 3868 764 3937 ἐκείνωνή
795 3865 1001 3918 τούτων
1031 3862 1452 3933 παραζήλωσις·
1487 3863 1575 3915 διὰ
1616 3863 1673 3916 δὲ
1694 3862 1796 3934 τῆς

219 3960 669 4030 παραζηλὼσεως
712 3960 744 4028 ή
800 3957 908 4010 τῶν
974 3956 1344 4009 πεπτωκότων
1398 3955 1793 4024 ἐπανόρθωσις.

219 4053 461 4119 Τοιαύτη
483 4051 589 4119 γὰρ
613 4052 645 4118 ἡ
676 4049 769 4102 τοῦ
793 4048 927 4101 Θεοῦ
958 4047 1205 4117 πρόνοια.
1239 4045 1329 4109 Ἐξ
1354 4046 1573 4115 ἀπόρων
1597 4046 1795 4115 πόρους

1892 3339 2121 3395 rumque
2148 3326 2392 3396 ipsorum
2439 3328 2768 3391 emendatio,
2807 3328 3185 3382 aemulantium
3237 3339 3291 3383 et
3337 3331 3465 3383 inti-

1893 3417 2118 3472 tatttium
2146 3433 2241 3474 eos
2270 3418 2365 3488 qui
2415 3429 2539 3472 sunt
2582 3434 2648 3472 ex
2681 3418 2969 3488 gentibus;
3018 3418 3093 3473 ita
3132 3428 3191 3473 ut
3249 3420 3464 3473 illorum

1890 3508 2163 3563 vacillatio
2205 3510 2443 3563 medium
2474 3511 2745 3578 quoddam
2791 3511 2871 3564 eis
2906 3518 3122 3577 praestet
3168 3510 3235 3564 ad
3261 3511 3470 3565 revela-

1893 3599 2096 3652 tionem
2135 3616 2148 3652 :
2180 3599 2449 3667 siquidem
2480 3601 2533 3652 in
2564 3600 2777 3652 illorum
2808 3600 3003 3653 delicto
3033 3600 3181 3653 salus
3208 3601 3277 3652 sit
3301 3601 3470 3669 genti-

1895 3691 2026 3754 bus;
2061 3692 2111 3743 itt
2146 3691 2318 3745 salute
2339 3700 2517 3745 autem
2542 3693 2804 3760 gentium,
2828 3690 3140 3746 Judaeorunt
3172 3694 3468 3757 aemulatio,

1893 3792 1945 3836 et
1973 3797 2070 3853 per
2134 3783 2273 3839 hanc
2316 3786 2714 3839 aemulationem
2767 3801 2960 3840 eorum
3016 3788 3108 3857 qui
3160 3788 3472 3841 ceciderunt

1893 3874 2075 3933 elatio.
2104 3874 2251 3932 Talis
2297 3878 2441 3932 enim
2490 3887 2575 3933 est
2617 3876 2709 3932 Dei
2760 3879 3118 3948 providentia.
3172 3877 3245 3932 Ex
3311 3880 3473 3934 inviis

1892 3965 2008 4020 vias
2043 3968 2265 4035 praebet,
2295 3979 2348 4023 et
2384 3984 2450 4022 ex
2480 3969 2774 4024 contrariis
2824 3969 3062 4023 utiliora.
3110 3968 3280 4023 Judaei
3323 3969 3469 4023 enim

1892 4054 2253 4123 oil'enderunt,
2285 4059 2356 4111 ita
2394 4067 2452 4111 ut
2494 4059 2799 4113 occiderent
2838 4070 2889 4114 et
2941 4059 3204 4127 iacerent,
3259 4070 3313 4114 et
3366 4074 3467 4114 nec

218 4144 477 4214 παρέχει,
530 4142 622 4195 καὶ
676 4144 741 4194 ὲκ
792 4141 899 4193 τῶν
952 4138 1208 4192 ἐναντίων
1237 4140 1305 4190 τὰ
1339 4138 1700 4207 χρηστότερα.
1732 4139 1797 4191 Οί

1900 4145 2002 4199 sibi
2049 4162 2227 4217 neque
2256 4148 2381 4202 aliis
2417 4149 2546 4203 utile
2592 4150 2849 4219 quiddam
2899 4160 3157 4218 praestare
3210 4160 3469 4218 possent;

221 4238 326 4307 μὲν
374 4238 483 4305 γὰρ
560 4233 839 4295 Ἰουδαῖοι,
889 4230 1177 4292 ἔπταισαν,
1238 4228 1380 4282 ὥστε
1455 4233 1640 4283 πεσεῖν
1702 4232 1796 4283 καὶ

1902 4237 1996 4290 sed
2021 4234 2296 4293 Christum
2334 4240 2550 4293 illorum
2582 4240 2801 4305 delicto,
2851 4253 2905 4296 et
2957 4242 3011 4294 in
3056 4240 3296 4311 gentium
3327 4244 3474 4295 salu-

218 4329 459 4391 κεῖσθαι,
504 4329 597 4381 καὶ
646 4327 783 4396 μήτε
814 4324 1053 4385 ιὲαυτοῖς
1095 4324 1234 4393 μήτε
1290 4322 1497 4392 ἑτέροις
1555 4323 1791 4393 χρηστοῦ

1899 4336 2005 4380 tem
2028 4366 2044 4390 ,
2077 4336 2133 4381 et
2170 4328 2223 4383 in
2257 4330 2475 4385 illorum
2505 4331 2745 4399 ipsorum
2776 4333 3159 4387 relcvationetn
3194 4348 3328 4387 usus
3364 4344 3469 4386 est.

215 4440 366 4486 τινος
394 4421 646 4490 γενέσθαι
704 4418 885 4472 αἴτιοι.
924 4418 980 4470 Ὀ
1021 4416 1079 4469 δὲ
1139 4417 1374 4483 Χριστὸς
1425 4416 1501 4483 τῷ
1556 4419 1734 4469 αὐτῶν
1783 4422 2206 4491 παραπτώματι,
2258 4426 2353 4479 καὶ
2396 4427 2475 4491 είς
2514 4430 2614 4496 τὴν
2664 4429 2772 4480 τῶν
2820 4427 2989 4482 ἐθνῶν
3033 4428 3331 4498 σωτηρίαν,
3379 4440 3472 4490 καὶ

216 4516 301 4589 εἰς
328 4512 426 4585 τὴν
454 4509 631 4566 αὐτῶν
660 4509 883 4563 ἐκείνων
903 4509 1173 4579 ἐχρήσατο
1201 4508 1602 4579 ἐπανόρθωσιν.

220 4651 292 4701 Εἰ
318 4648 427 4717 γὰρ
481 4648 520 4715 ἠ
576 4641 847 4710 ἀποϐολὴ
891 4638 1121 4764 ἕὺξῶἶ.
1150 4640 1500 4709 καταλλαγὴ
1537 4643 1797 4711 κόσμου,

292 4832 542 4885 Φωτίου.
574 4830 770 4882 ’ἰστέον
786 4846 849 4897 γε
886 4828 1012 4898 μὴν,
1042 4827 1124 4880 δτι
1148 4826 1229 4890 τὸ,
1251 4828 1318 4881 ει
1337 4825 1442 4895 γὰρ
1469 4827 1508 4895 ἡ
1536 4827 1804 4895 ἀποϐολὴ

214 4920 445 4985 αὐτῶν,
467 4920 501 4990 ἢ
520 4918 855 4989 ἐπανάληψίς
890 4921 1003 4971 ἐστι
1024 4915 1142 4985 τοῦ,
1160 4919 1210 4971 εί
1241 4916 1310 4969 δὲ
1335 4917 1401 4969 τὸ
1442 4917 1807 4986 παράπτωμα

213 5011 445 5078 αὐτῶν,
489 5012 563 5076 ὡς
616 5012 708 5065 καὶ
758 5009 1099 5081 προείρηται,
1153 5009 1187 5079 ἢ
1239 5009 1384 5061 αίτία
1426 5012 1525 5080 τῆς
1577 5008 1806 5078 σπουδῆς

215 5106 439 5161 Παύλου
501 5107 599 5176 τῆς
640 5104 766 5175 περὶ
786 5104 847 5156 τὸ
878 5102 1118 5171 σωθῆναι
1176 5102 1501 5166 αὑτούς.⁹Ως
1542 5102 1609 5154 ἂν
1639 5104 1691 5155 εῑ
1724 5118 1808 5164 τις

212 5199 405 5264 ἔλεγε,
459 5196 525 5249 Τί
587 5195 859 5258 σπεύδεις,
912 5192 1114 5258 Παῦλε,
1171 5192 1308 5262 ὑπὲρ
1371 5191 1479 5245 τῶν
1514 5193 1783 5245 Ἰουδαίων

211 5245 426 5359 λέγέυᾷ,
460 5287 657 5353 Ετπως
686 5245 1114 5354 παραξηλώσω,
1125 5301 1244 5354 μου
1277 5245 1392 5352 τὴν
1438 5284 1657 5353 σάρκα,
1710 5245 1817 5338 ιιι(ιὶ⁴

212 5379 409 5431 σώσω
454 5377 620 5441 τινὰς
644 5377 712 5439 ἐξ
751 5376 985 5437 αὺτῶν;
1016 5376 1111 5438 Τίς
1142 5377 1288 5428 ἐστιν
1336 5378 1365 5428 ὁ
1412 5375 1667 5440 τοσοῦτός
1711 5393 1805 5430 σου

215 5468 415 5537 ἀγῶνι
445 5468 574 5535 Ναὶ,
617 5470 769 5538 φησὶ,
804 5469 1072 5537 προσήκει
1105 5485 1194 5536 μοι
1235 5467 1485 5522 σπεύδειν
1535 5468 1632 5521 καὶ
1656 5469 1806 5537 ἀγω-

215 5561 493 5626 νίζεσθαι.
554 5562 616 5613 Εί
675 5560 783 5630 γὰρ
831 5560 925 5612 καὶ
980 5560 1182 5613 τούτων
1236 5560 1595 5625 ἐκλιπόντων,
1656 5562 1803 5632 ὅμως

217 5652 549 5723 κατηλλάγη
604 5655 631 5705 ὁ
682 5652 813 5715 Θεὸς
833 5651 911 5721 τῷ
956 5653 1164 5721 κόσμῳ,
1228 5653 1324 5706 καὶ
1375 5653 1435 5706 τὸ
1492 5652 1803 5723 μεσότοιχον

215 5742 376 5813 ἥρθη
403 5743 501 5811 τῆς
549 5744 780 5806 παλαιᾶς
811 5744 1031 5813 ἔχθρας,
1062 5743 1113 5795 τί
1142 5742 1209 5795 ἂν
1236 5744 1298 5796 οὐ
1336 5746 1545 5813 γένοιτο
1570 5743 1803 5814 χρηστὸν

218 5836 325 5887 καὶ
384 5836 855 5905 ὑπερθαύμαστον,
914 5836 1009 5888 καὶ
1077 5837 1283 5889 τούτων
1359 5835 1637 5889 σωθέντων
1708 5835 1800 5889 καὶ

1911 4646 2074 4702 Vsus.
2116 4646 2199 4702 15.
2236 4646 2298 4703 Si
2332 4650 2469 4702 enim
2519 4650 2735 4703 amissio
2783 4665 2959 4701 eorum
3000 4649 3356 4703 reconciliatio
3394 4662 3469 4705 est

2513 4721 2716 4785 mundi,
2768 4728 2875 4775 etc.

1979 4829 2175 4888 Pltott't'.
2207 4831 2499 4889 Sciendum
2553 4840 2637 4887 est
2660 4834 2822 4903 'quod
2852 4830 2986 4886 illud
3020 4848 3035 4885 :
3062 4829 3119 4885 Si
3148 4832 3284 4884 enim
3305 4835 3471 4888 amis-

1908 4925 1984 4976 sio
2005 4940 2204 4990 eorum,
2225 4926 2471 4995 repetitio
2492 4934 2574 4979 est
2595 4926 2760 4988 illius,
2778 4924 2917 4994 quod
2942 4924 2987 4976 si
3008 4922 3467 4979 delictumeorum.

1908 5011 2157 5067 Ut.enim
2210 5029 2374 5083 supra
2424 5014 2625 5069 dictum
2678 5023 2781 5078 est,
2834 5027 2999 5066 causa
3050 5020 3133 5068 est
3179 5022 3468 5067 conatuum

1909 5104 2057 5158 Pauli
2093 5106 2161 5159 ob
2190 5105 2403 5158 illorum
2455 5111 2702 5158 sa'utem.
2752 5104 2807 5158 Si
2860 5103 3005 5158 enim
3062 5103 3184 5173 quis
3224 5103 3469 5158 diceret:

1908 5195 2045 5263 Quid
2094 5198 2333 5259 conaris,
2387 5196 2570 5260 Paule,
2599 5198 2664 5251 de
2710 5194 2933 5260 Judteis,
2958 5195 3227 5249 dicendo:
3262 5192 3320 5247 Si
3348 5211 3475 5263 quo-

1908 5289 2060 5341 modo
2092 5289 2159 5341 ad
2206 5287 2593 5341 aemulationem
2630 5302 2899 5356 provocem
2933 5300 3144 5337 carnem
3190 5300 3378 5347 nteant,
3425 5296 3471 5337 ct

1906 5381 2076 5434 salvos
2106 5382 2305 5449 facium
2335 5381 2536 5450 aliquos
2566 5397 2629 5433 ex
2682 5380 2810 5433 illis.
2843 5380 3107 5445 Quisnam
3153 5387 3237 5431 est
3292 5387 3473 5430 tantus

1904 5472 2008 5527 iste
2042 5474 2208 5527 ardor
2234 5473 2255 5526 ἲ
2288 5473 2379 5536 ita,
2410 5473 2562 5537 dicit,
2590 5473 2848 5526 decetme
2876 5468 3063 5524 conari
3091 5476 3144 5522 et
3172 5467 3384 5521 ardere.
3413 5469 3469 5521 Si

1904 5562 2047 5615 enim
2096 5562 2179 5616 his
2212 5560 2506 5623 derelictis,
2562 5560 2917 5614 nihilominus
2968 5556 3282 5611 reconciliet
3333 5554 3473 5610 Deus

1907 5653 2190 5714 mundum,
2222 5664 2275 5707 ct
2312 5653 2522 5707 medius
2558 5654 2735 5721 paries
2780 5650 2998 5705 tollatur
3027 5649 3225 5703 veteris
3278 5648 3472 5702 inimi-

1905 5744 2063 5809 citiue,
2094 5744 2222 5812 quid
2262 5760 2369 5798 nou
2406 5743 2545 5797 foret
2596 5742 2725 5796 utile
2755 5755 2809 5796 et
2848 5734 3187 5804 admirabile,
3240 5741 3323 5795 his
3364 5742 3475 5794 sal-

1907 5838 2045 5892 vatis
2081 5847 2135 5891 et
2183 5836 2477 5906 assumptis
2505 5836 2527 5887 τ
2558 5836 2687 5900 Quae
2727 5844 2810 5890 cst
2857 5835 3018 5901 igitur
3047 5850 3235 5891 eorum
3264 5849 3470 5889 assuen-
