4156 6438
729 415 862 479 1947

1885 403 2167 465 ΡΠΟἸἹΡ
2181 393 2680 461 ΡΛΤΒΙᾹΠΟΠᾸΞ
2704 392 2804 451 CP.

3815 377 3947 447 1248

726 529 842 599 ptio
867 537 924 581 et
963 523 1188 584 additio,
1236 521 1342 577 nisi
1372 518 1610 590 perfecta
1655 526 1712 571 ct
1753 517 1957 586 integra
1998 513 2204 572 latitia.
2237 514 2289 566 in

2418 508 2842 580 προστεθέντωνς
2895 502 2978 564 τίς
3024 496 3118 553 οὖν
3149 499 3301 552 ἔσται
3347 496 3528 550 αὐτῶν
3576 496 3611 566 ἡ
3662 493 3962 564 πρόσληψις

727 622 831 676 lzac
885 619 1094 675 scilicet
1138 615 1377 687 perfecta
1431 622 1485 666 et
1535 626 1674 665 nova
1737 611 1845 662 vita
1900 617 1956 661 et
2010 616 2290 660 resurrec-

728 714 876 770 tione
921 726 952 766 e
1007 708 1257 772 mortuis,
1317 705 1582 768 omnium,
1627 718 1735 755 non
1772 702 1944 755 solum
1993 699 2087 768 qui
2121 696 2293 751 oﬁen—

730 805 962 866 derunt,
1004 800 1097 854 sed
1148 805 1203 852 et
1248 797 1342 867 qui
1388 810 1560 864 usque
1597 795 1662 848 ad
1722 804 1949 847 mortem
2012 800 2066 842 et
2103 785 2288 842 interi-

731 902 844 946 tum
891 889 1244 946 ceciderunt?
1299 885 1365 940 Et
1410 887 1574 939 vide:
1608 884 1879 953 Incipiens
1927 879 2290 934 offensionem

731 983 1017 1052 appellavit
1058 978 1368 1032 Iudaeorum
1423 974 1878 1034 incredulitatem,
1905 969 2099 1024 deinde
2156 964 2293 1019 deli-

733 1086 902 1125 ctum.
930 1068 1064 1122 Cum
1116 1078 1294 1121 autem
1345 1066 1453 1119 illis
1480 1065 1797 1129 ostenderit,
1829 1063 1875 1117 si
1921 1061 2141 1115 credere
2163 1067 2291 1112 tan-

735 1171 846 1212 tum
879 1159 1089 1219 volunt,
1114 1158 1380 1209 bonorum
1409 1140 1837 1224 magnitudinem
1863 1167 1880 1216 ;
1913 1162 1966 1204 et
1996 1151 2121 1203 illos
2144 1147 2294 1202 exci-

736 1248 951 1306 taverit,
1004 1246 1126 1298 illos
1192 1244 1522 1297 nominando
1552 1241 1793 1310 gentium
1831 1239 2068 1298 divitias,
2104 1234 2294 1289 mundi

736 1335 1254 1397 reconciliationem,
1287 1342 1342 1387 et
1394 1346 1612 1386 carnem
1649 1344 1801 1384 suam
1835 1329 2133 1398 propriam,
2167 1335 2298 1379 tunc

738 1424 1134 1481 incredulitatis
1161 1421 1314 1476 nefas
1335 1431 1598 1490 quantum
1637 1421 1708 1473 sit
1749 1419 2022 1482 ostendit;
2053 1427 2298 1469 mortuos

741 1534 834 1584 per
865 1517 1002 1570 hanc
1033 1515 1276 1566 eamdem
1322 1513 1437 1565 ﬁeri
1481 1510 1811 1580 signiﬁcans.
1846 1507 1952 1562 Sed
1987 1509 2091 1561 hoc
2121 1506 2296 1559 admi-

741 1608 981 1661 rabiliter
1004 1606 1240 1658 maxime
1269 1613 1323 1657 ct
1351 1601 1629 1670 sapienter
1659 1601 1805 1655 facit.
1837 1601 1971 1652 Cum
1998 1599 2143 1652 enim
2178 1598 2298 1650 illos

740 1697 1010 1767 appellare
1039 1703 1300 1755 mortuos,
1331 1707 1578 1745 amarum
1603 1700 1658 1744 et
1709 1689 2172 1744 contumeliosum
2203 1689 2297 1752 sit,

741 1801 796 1842 et
829 1790 882 1841 in
915 1786 1168 1856 injuriam
1201 1783 1372 1853 magis
1409 1797 1573 1850 quam
1624 1783 1678 1835 in
1702 1782 2138 1835 exhortationem
2180 1789 2299 1833 ten-

740 1881 854 1940 dat,
887 1891 994 1929 non
1030 1876 1101 1929 ita
1125 1875 1269 1928 sicco
1293 1872 1451 1925 modo
1477 1872 1529 1925 id
1574 1871 1845 1939 proponit,
1881 1870 1973 1923 sed
2005 1869 2215 1930 miscet,
2243 1876 2301 1922 et

743 1970 797 2022 in
829 1967 1007 2021 laudis
1041 1966 1286 2020 ordinem
1322 1962 1542 2032 prafert
1569 1962 1756 2017 dicens
1789 1979 1803 2016 :
1833 1961 1966 2026 Quae
2005 1959 2301 2027 assumptio

740 2078 940 2124 eorum,
974 2059 1076 2112 nisi
1105 2059 1211 2110 vita
1251 2072 1317 2109 ea:
1339 2055 1560 2116 mortuis
1587 2053 1611 2105 τ
1643 2068 1738 2121 per
1766 2051 1908 2105 hanc
1935 2065 2143 2113 vocem,
2173 2052 2302 2113 vita,

739 2150 1043 2222 jucundum
1100 2147 1371 2217 quoddam
1425 2159 1663 2214 ponens;
1700 2157 1796 2212 per
1852 2142 1981 2196 illud
2027 2149 2228 2203 autem,
2276 2155 2306 2194 e

745 2243 966 2294 mortuis
1006 2237 1319 2307 signiﬁcans
1359 2234 1798 2289 incredulitatem
1838 2247 2028 2287 eorum
2074 2239 2306 2286 mortem

744 2346 886 2387 esse.

747 2445 912 2502 Vitas.
955 2443 1045 2499 28.
1082 2441 1378 2497 Secundum
1431 2438 1778 2509 Eeangelittnt
1822 2437 2052 2507 quidem,
2097 2434 2306 2490 inimici

1342 2521 1557 2579 propter
1587 2525 1700 2563 sos.

827 2605 1020 2660 Pharii.
1045 2603 1261 2670 Quaeret
1283 2601 1502 2671 aliquis,
1529 2599 1576 2655 si
1606 2597 1813 2653 inimici
1837 2597 1968 2652 facti
1989 2596 2098 2652 sint
2117 2594 2309 2661 Judaei,

749 2709 971 2769 propter
1002 2697 1123 2751 illos
1156 2696 1249 2763 qui
1278 2711 1308 2748 e
1337 2694 1588 2763 gentibus
1640 2689 2009 2751 crediderunt,
2040 2687 2315 2756 quomodo

753 2789 1004 2858 superius
1028 2786 1242 2849 dixerit,
1278 2785 1530 2850 Quandiu
1575 2798 1668 2852 ego
1696 2798 1812 2835 sunt
1836 2781 2071 2851 gentium
2098 2787 2314 2847 aposto-

753 2883 859 2940 lus,
885 2877 1227 2930 ministerium
1253 2889 1422 2927 metuit
1451 2871 1831 2940 honoriﬁcobo.
1861 2868 2082 2934 Quare?
2110 2866 2167 2922 Si
2183 2882 2318 2936 quo—

754 2970 910 3021 modo
957 2967 1025 3019 ad
1083 2965 1473 3019 inmutationem
1533 2977 1802 3032 provocem
1862 2975 2070 3013 carnem
2124 2974 2315 3013 meum.

758 3059 817 3112 Si
835 3059 979 3112 enim
1009 3058 1080 3111 ob
1106 3055 1263 3110 ﬁdem
1288 3053 1534 3125 gentium
1581 3051 1911 3106 aemulantur
1952 3056 2007 3102 et
2038 3048 2322 3102 imitantur

2389 603 2482 654 καὶ
2512 602 2545 670 ἡ
2570 596 2876 668 προσθήκη,
2919 595 2968 646 εί
3008 592 3084 662 μὴ
3112 591 3290 644 τελεία
3318 590 3414 642 καὶ
3451 587 3748 654 ὁλόκληρος
3798 582 3960 652 χαρά,

2387 692 2462 752 ὼς
2491 690 2582 741 ἐπὶ
2625 687 2809 756 τελεία
2853 684 2949 736 καὶ
2977 685 3138 750 καινῇ
3170 683 3280 750 ζωῇ
3307 681 3402 732 καὶ
3448 676 3744 731 ἀναϐιώσει
3775 675 3845 724 ὲκ
3883 688 3962 723 νε-

2389 781 2556 850 κρῶν,
2597 780 2832 840 πάντων,
2852 774 2912 826 οὐ
2948 775 3106 842 μόνον
3136 772 3244 822 τῶν
3288 769 3804 839 προσπταισάντων,
3835 762 3966 814 ἀλλά

2390 873 2486 924 καὶ
2510 870 2622 920 τῶν
2655 868 2814 936 μέχρι
2849 865 3080 918 θανάτου
3111 863 3207 916 καὶ
3249 860 3570 930 νεκρώσεως
3619 853 3963 909 καταπεσόν-

2390 978 2532 1026 των;
2567 961 2673 1012 Καὶ
2708 961 2836 1028 ὅρα·
2887 956 3186 1025 ἀρχόμενος
3236 953 3354 1022 μὲν,
3393 953 3644 1016 πταῖσμα
3686 946 3788 1014 τὴν
3817 942 3968 995 ἀπεί-

2392 1054 2542 1106 θειαν
2591 1050 2818 1102 ἐκάλεσε
2863 1048 2972 1100 τῶν
3033 1045 3300 1098 Ἰουδαίων
3326 1059 3343 1075 ο
3400 1038 3521 1094 εἶτα
3587 1038 3966 1108 παράπτωμα.

2404 1142 2625 1211 Ἐπειδὴ
2671 1142 2730 1194 δὲ
2783 1137 2982 1203 ἔδειξεν
3033 1135 3237 1198 αὐτοῖς,
3299 1133 3394 1185 ὲάν
3444 1130 3746 1200 βούλωνται
3813 1127 3969 1194 μόνον

2394 1234 2701 1302 πεισθῆναι,
2775 1230 2837 1283 τὸ
2893 1228 3121 1298 μέγεθος
3189 1225 3300 1278 τῶν
3351 1222 3604 1290 ἀγαθῶν,
3635 1219 3735 1272 καὶ
3768 1216 3970 1283 ὶπῆρεν

2394 1325 2611 1388 αὐτοὺς,
2671 1318 2902 1373 πλοῦτον
2961 1316 3133 1369 ἐθνῶν
3191 1312 3401 1376 καλῶν,
3467 1313 3564 1365 καὶ
3621 1307 3972 1374 καταλλαγὴν

2396 1412 2621 1483 κόσμοῦ,
2654 1411 2747 1464 καὶ
2775 1410 2953 1478 σάρκα
2982 1407 3208 1460 οίκείαν·
3264 1405 3386 1455 τότε
3425 1402 3516 1454 καὶ
3547 1401 3647 1468 τῆς
3686 1396 3972 1457 ἀπειθείας

2395 1507 2456 1559 τὺ
2489 1507 2686 1558 ἄτοπον
2715 1502 2903 1571 ἡλίκον
2944 1498 3062 1551 ἐστὶ
3102 1495 3357 1557 δεικνύει,
3407 1492 3632 1560 νεκροὺς
3671 1489 3851 1554 αὐτῆς
3894 1487 3974 1538 διὰ

2397 1595 2600 1663 ταύτης
2642 1593 2894 1661 γενέσθαι
2937 1587 3389 1656 ἀποφαινόμενος.
3451 1581 3612 1635 ’Λλλά
3661 1581 3758 1632 καὶ
3817 1576 3976 1631 τοῦτο

2396 1690 2516 1740 λίαν
2544 1685 2861 1756 θαυμασίως
2920 1685 3065 1734 ποιεῖ
3113 1680 3208 1732 καὶ
3256 1677 3456 1744 σοφῶς.
3501 1675 3725 1740 Ἐπειδὴ
3778 1671 3892 1740 γάρ
3920 1668 3977 1721 τὸ

2401 1779 2625 1849 νεκροὺς
2673 1775 2869 1837 αὐτοὺς
2936 1771 3327 1840 ὀνομασθῆναι,
3379 1766 3502 1819 λίαν
3557 1764 3759 1834 πικρὸν
3788 1757 3860 1831 ἦν
3887 1762 3978 1813 καὶ

2403 1869 2789 1938 κααιταφορικόν⁸
2855 1866 2951 1918 καὶ
3003 1866 3083 1925 είς
3128 1863 3283 1932 ὔῦριν
3333 1861 3532 1930 μᾶλλον
3581 1855 3977 1927 ἢπαραίνεσιν

2399 1960 2702 2015 συντελοῧν·
2723 1960 2820 2026 οὐχ
2840 1955 3016 2016 οὕτως
3027 1953 3159 2007 αὐτὸ
3184 1953 3368 2022 τίθησι
3391 1950 3592 2020 ξηρῶς,
3615 1948 3755 2000 ἀλλά
3787 1944 3980 2013 μίγνυ-

2401 2071 2486 2106 σιν
2501 2052 2760 2111 αύτδ,καὶ
2790 2050 2849 2100 ὲν
2871 2048 3025 2112 τάξει
3045 2045 3267 2096 ἐπαίνου
3297 2041 3553 2112 προάγει,
3578 2039 3779 2104 λέγων,
3812 2037 3910 2100 Τίς
3941 2034 3978 2100 ἠ

2401 2141 2745 2206 πρόσληψις
2771 2133 2989 2192 αὐτῶν.
3009 2134 3061 2186 εί
3098 2131 3184 2200 μὴ
3215 2130 3326 2196 ζωὴ
3348 2130 3416 2181 ἐκ
3437 2125 3706 2194 rauim,-
3753 2124 3848 2176 διά
3885 2123 3981 2206 μὲν

2401 2205 2520 2292 τοῦ,
2549 2226 2685 2293 ζωὴ,
2705 2225 2765 2277 τὸ
2787 2215 3377 2292 εὐφραίνοντιθείςιδιά
3404 2214 3459 2267 δὲ
3482 2212 3600 2276 τοῦ,
3628 2213 3700 2264 ἐκ
3727 2205 3980 2276 νεκρῶν,

2404 2316 2813 2386 ὑποσημαίνων,
2850 2313 2933 2364 ὅτι
2960 2313 2994 2380 ἡ
3024 2307 3276 2362 ἀπείθεια
3321 2303 3504 2357 αὐτῶν
3556 2303 3832 2368 νέκρωσις
3891 2293 3978 2366 ἦν.

2509 2428 2668 2481 Κατὰ
2692 2425 2810 2492 μὲν
2831 2421 2899 2474 τὸ
2929 2417 3314 2488 Εὑαγτέλιον,
3339 2413 3539 2482 ἐχθροί
3589 2411 3664 2464 δι’
3695 2408 3879 2479 ὑμᾶς.

2477 2519 2721 2572 Φωτίου.
2746 2513 3013 2583 Ζητήσειε
3037 2510 3081 2562 δ’
3112 2509 3178 2563 άν
3225 2522 3332 2569 τις,
3363 2506 3413 2556 εί
3459 2502 3644 2572 ἐχθροὶ
3692 2503 3982 2570 γεγόνασιν

2421 2613 2685 2674 Ἰουδαῖοι,
2735 2607 2824 2660 διὰ
2861 2605 2987 2666 τοὺς
3043 2603 3102 2667 ἑξ
3152 2599 3321 2653 ἐθνῶν
3370 2593 3838 2653 πεπιστευκότας,
3869 2589 3983 2652 πῶς

2409 2701 2662 2770 ἀνωτέρω
2678 2699 2882 2764 ἔλεγεν,
2899 2694 3024 2761 Ἐφ’
3048 2692 3200 2744 ὅσον
3217 2688 3333 2757 ειμι
3358 2687 3471 2756 ἐγὼ
3502 2683 3698 2738 ἐθνῶν
3727 2681 3984 2735 ἀπόστο-

2411 2797 2542 2857 λος,
2556 2791 2670 2856 τὴν
2681 2785 2990 2841 διακονίαν
3003 2799 3119 2851 μου
3132 2776 3374 2842 δοξάζω
3390 2775 3542 2828 Διατί
3561 2775 3777 2838 ςειπως
3799 2786 3983 2836 παρα-

2414 2878 2654 2948 ζηλώσω
2669 2892 2788 2944 μου
2819 2871 2934 2939 τὴν
2972 2870 3190 2937 σάρκα.
3234 2867 3296 2919 El
3340 2866 3448 2933 γὰρ
3494 2861 3582 2914 διά
3603 2863 3705 2930 τῆς
3750 2862 3988 2919 πίστεως

2415 2970 2524 3024 τῶν
2552 2966 2721 3020 ἐθνῶν
2746 2959 3148 3034 παραζηλοῠσι,
3177 2959 3271 3010 καὶ
3303 2954 3600 3025 μιμοῦνται
3631 2953 3685 3003 oi
3722 2951 3987 3010 Ἰουδαῖοι,

2419 3063 2514 3116 καὶ
2543 3059 2723 3113 πιστοὶ
2750 3055 3014 3124 γίνονται,
3056 3050 3173 3108 πῶς
3201 3049 3268 3101 δι’
3301 3047 3498 3106 αὐτοὺς
3519 3042 3711 3114 ἐχθροὶ
3751 3041 3989 3108 γίνονται

756 3146 953 3212 Judaei,
1006 3155 1062 3200 et
1099 3144 1283 3198 ﬁdeles
1319 3143 1476 3206 ﬁunt,
1506 3138 1777 3212 quomodo
1803 3147 2019 3207 pr0pter
2048 3136 2170 3190 illos
2209 3135 2316 3189 ini-

2418 3151 2578 3205 πάλιν
2605 3150 2702 3219 τῆς
2723 3147 2956 3206 πίστεως
2985 3142 3080 3196 καὶ
3104 3141 3200 3193 τοῦ
3238 3135 3572 3204 Εύαγγελίου
3598 3152 3613 3198 ;
3648 3132 3822 3185 Ἀλλά
3858 3130 3990 3201 πρῶ-

761 3238 884 3292 mici
914 3250 1101 3290 rursus
1129 3233 1254 3288 facti
1310 3241 1440 3287 sunt
1486 3231 1605 3284 ﬁdei
1639 3237 1694 3284 et
1723 3228 2038 3298 Evangelii?
2067 3225 2171 3280 Sed
2205 3226 2320 3295 pri-

762 3344 854 3383 mo
879 3327 1110 3381 dicimus
1173 3325 1323 3379 illum
1365 3338 1472 3376 non
1509 3322 1714 3376 dixisse
1760 3321 1829 3374 ob
1879 3319 2036 3373 ﬁdem
2076 3318 2320 3386 gentium

763 3417 1009 3473 amulari
1042 3426 1096 3470 ct
1138 3414 1341 3468 imitari
1370 3413 1607 3474 Iudaeos,
1642 3409 1736 3465 sed
1770 3408 1916 3478 quod
1953 3406 2324 3478 gloriﬁcentur

767 3519 824 3564 et
852 3509 1178 3570 laudentur;
1209 3503 1396 3560 Gloria
1424 3505 1571 3556 enim
1594 3510 1648 3556 et
1687 3500 1808 3554 laus
1835 3500 1888 3552 in
1920 3499 2043 3553 illos
2068 3498 2163 3567 qui
2196 3507 2327 3552 sunt

767 3614 833 3653 ex
864 3598 1118 3665 gentibus
1145 3596 1463 3656 incurrens,
1501 3592 1625 3646 illos
1697 3589 1956 3644 excitabit
1987 3589 2051 3641 ad
2099 3587 2326 3641 aemula-

771 3689 974 3740 tionem
1025 3696 1080 3738 et
1126 3684 1520 3747 imitationem;
1569 3681 1641 3735 ita
1669 3687 1728 3734 ut
1791 3677 2144 3748 repugnantia
2186 3673 2327 3728 invi-

769 3794 886 3833 cem
921 3791 1031 3830 non
1055 3776 1164 3829 sint
1187 3788 1318 3841 quae
1336 3771 1482 3824 dicta
1514 3779 1641 3824 sunt
1674 3787 1690 3824 :
1723 3769 1962 3824 secundo
1984 3779 2184 3829 autem,
2217 3779 2326 3817 non

770 3865 1066 3923 asserendo
1093 3865 1318 3928 dixisse,
1346 3869 1407 3914 ut
1439 3859 1765 3914 aemulentur
1808 3856 2001 3920 Judzei,
2032 3855 2126 3908 sed
2171 3851 2330 3922 quasi

771 3956 1096 4027 ambigendo
1125 3963 1180 4006 et
1206 3951 1525 4005 dubitando.
1571 3949 1633 4004 Si
1676 3949 1954 4018 quomodo,
1988 3945 2120 4000 dicit
2162 3945 2332 4010 enim,

774 4050 846 4102 ad
895 4044 1285 4101 emutatiouem
1340 4055 1613 4109 provocem
1658 4053 1872 4092 caruerit
1920 4052 2110 4090 meant.
2154 4035 2330 4098 Sicut,

775 4140 1026 4201 fortasse,
1062 4135 1274 4189 tametsi
1305 4133 1469 4188 etiam
1489 4133 1563 4186 ob
1584 4146 1772 4186 eorum
1802 4130 1984 4193 ﬁdem,
2011 4143 2120 4181 non
2151 4135 2331 4180 autem

775 4241 871 4299 per
914 4226 1139 4295 gloriam
1194 4231 1247 4277 et
1299 4221 1537 4285 laudem,
1568 4219 1776 4273 diceret
1814 4217 1881 4270 ad
1931 4215 2334 4270 aemulationem

777 4329 1065 4388 provocare
1118 4329 1178 4368 se
1218 4310 1452 4376 Judaos,
1491 4325 1601 4364 non
1633 4311 1707 4363 ita
1735 4309 1839 4364 sibi
1871 4317 2153 4376 pugnaret.
2199 4304 2334 4358 Nam

778 4424 900 4463 cum
931 4407 1084 4467 dicit,
1105 4405 1306 4457 inimici
1326 4412 1538 4472 propter
1556 4418 1671 4463 eos.
1705 4399 2017 4454 Juilrorum
2043 4395 2339 4451 increduli-

2418 3242 2508 3296 τόν
2533 3255 2731 3308 φαμεν,
2751 3238 2834 3290 ὅτι
2854 3236 2955 3288 οὐκ
2985 3233 3090 3302 ἔφη
3113 3231 3201 3284 διὰ
3227 3230 3328 3298 τῆς
3377 3227 3614 3286 πίστεως
3663 3222 3778 3274 τῶν
3829 3219 3990 3272 ὲθνῶν

2420 3328 2765 3401 1:1qu).on
2794 3327 2888 3380 καὶ
2912 3323 3194 3395 μιμεῖσθαι
3225 3319 3352 3380 τοὺς
3381 3315 3670 3376 Ἰουδαίους
3702 3352 3718 3377 ,
3743 3311 3888 3363 ἀλλὰ.
3915 3310 3992 3359 διὰ

2420 3400 2514 3474 τού
2545 3416 2863 3484 δοξάζεσθαι
2883 3415 3106 3474 αὐτοὺς,
3129 3410 3216 3464 διὰ
3255 3409 3348 3460 τοῦ
3383 3405 3751 3459 ἐπαινεῖσθαι.
3797 3401 3868 3453 'll
3895 3400 3993 3468 γὰρ

2420 3511 2546 3575 δόξα
2566 3510 2658 3562 καὶ⁵
2683 3509 2712 3560 ὁ
2769 3507 2986 3566 ἔπαινος
3011 3503 3134 3564 ὀείς
3155 3501 3280 3560 τοὺς
3310 3498 3370 3562 ἐξ
3412 3495 3581 3549 ὲθνῶν
3631 3491 3973 3560 ἀνατρέχων,

2423 3598 2657 3670 ὲρεθίσει
2683 3594 2880 3655 αὐτοὺς
2908 3595 3001 3644 καὶ
3022 3594 3101 3652 εἰς
3123 3589 3281 3657 ζῆλον
3309 3585 3406 3638 καὶ
3435 3584 3693 3654 μίμησιν.
3710 3581 3884 3631 Ὥστε
3904 3578 3995 3630 οὐκ

2425 3691 2639 3743 ἐναντία
2667 3686 2815 3738 ἐστὶν
2845 3683 3088 3752 ἀλλήλων
3115 3680 3184 3733 τὰ
3210 3677 3498 3748 εἰρημένα.
3517 3674 3784 3742 Δεύτερον
3818 3672 3897 3730 δὲ,
3921 3671 3994 3721 ἔτι

2425 3780 2488 3832 ού
2547 3777 2687 3831 κατά
2726 3775 3018 3842 ἀπόφασιν,
3069 3769 3197 3838 ἔφη,
3251 3763 3738 3836 παραζηλώσουσιν
3771 3763 3826 3813 oi.
3874 3761 3998 3812 'lou-

2425 3868 2586 3930 δαϊοι,
2613 3863 2728 3917 ἀλλ’
2777 3859 3093 3931 ἀμφιῦόλως
3125 3858 3218 3910 καὶ
3260 3855 3523 3917 διστάζων
3556 3869 3571 3883 ·
3607 3849 3680 3903 ει
3707 3867 3840 3914 πως
3869 3849 3997 3916 γὰρ,

2430 3957 2586 4025 φησὶ,
2647 3950 3052 4020 παραζηλώσω
3094 3965 3213 4016 μου
3265 3947 3381 4009 τὴν
3435 3944 3651 4010 σάρκα.
3682 3938 3814 3994 Οῐσν
3851 3942 3999 4002 ῐτως,

2430 4047 2591 4116 τάχα,
2626 4044 2765 4097 ὥστε
2789 4044 2837 4094 εί
2868 4041 2963 4093 καὶ
3002 4038 3096 4091 διά
3122 4037 3223 4107 τῆς
3275 4035 3454 4088 αὐτῶν
3500 4034 3750 4096 πίστεως,
3779 4032 3910 4101 οὐχὶ
3950 4032 4002 4083 δὲ

2431 4137 2520 4190 διὰ
2544 4136 2643 4203 τῆς
2674 4133 2832 4200 δόξης
2881 4130 2975 4183 καὶ
3019 4127 3130 4180 τῶν
3191 4126 3452 4178 ἐπαίνων.
3499 4123 3694 4187 Ἔλεγε
3745 4122 4003 4190 Rapuit-,-

2432 4226 2561 4279 λοῦν
2601 4226 2727 4285 τοὺς
2783 4219 3090 4280 Ἰουδαίους,
3127 4217 3233 4269 οὐδ’
3286 4215 3460 4277 οὓτως
3507 4213 3742 4282 ἐμάχετο
3800 4211 4001 4279 ἑαυτῷ.

2436 4317 2535 4368 Διά
2565 4315 2665 4382 μὲν
2693 4312 2800 4381 γάρ
2826 4311 2920 4364 τοῦ
2960 4310 3155 4370 εἰπεῖν,
3193 4306 3395 4374 ἐχθροί
3421 4304 3494 4357 δι’
3517 4303 3691 4370 ὑμᾶς,
3709 4303 3827 4353 τῶν
3875 4303 4002 4354 Ίοωο

2437 4409 2600 4460 δαίων
2629 4405 2728 4476 τὴν
2771 4402 3026 4456 ἀπιστίαν
3047 4401 3218 4468 λέγει,
3250 4400 3340 4450 καὶ
3369 4397 3469 4466 τὴν
3485 4395 3664 4448 αἰτίαν
3693 4395 3758 4447 δι’
3781 4395 3856 4463 ἢν
3879 4411 4005 4461 σφο-

778 4509 942 4552 tatem
966 4497 1252 4566 signiﬁcat,
1279 4503 1333 4548 et
1367 4508 1589 4548 causam
1651 4508 1752 4547 cur
1787 4491 2154 4546 vehementius
2209 4488 2317 4542 ﬁde

2434 4497 2686 4566 δρότερον
2712 4492 3107 4562 ἀπεχθάνονται
3134 4492 3199 4559 τῇ
3232 4490 3431 4540 πίστει.
3453 4486 3549 4538 Διά
3564 4485 3619 4537 δὲ
3651 4484 3767 4546 τοῦ,
3801 4486 3864 4537 ει
3889 4501 4006 4547 κως

779 4589 1158 4652 adversentur;
1178 4602 1301 4639 cum
1332 4595 1513 4639 autem
1534 4585 1699 4640 dicit:
1720 4583 1780 4639 Si
1803 4583 2061 4654 quomodo
2087 4582 2158 4634 ad
2182 4596 2340 4635 cmu-

781 4677 1032 4730 lationent
1070 4690 1338 4743 provocem
1389 4689 1598 4727 carnem
1654 4689 1862 4737 meum,
1910 4672 2156 4740 proprios
2201 4669 2342 4723 indi-

781 4774 870 4823 cat
895 4776 1125 4820 conatus
1147 4766 1347 4834 quibus
1398 4765 1608 4819 salvare
1633 4761 1850 4820 Judeos
1887 4764 2076 4818 nititur
2097 4773 2152 4816 et
2183 4770 2339 4815 extra

788 4858 918 4911 illud
956 4857 1117 4911 etiam
1153 4856 1301 4923 quod
1344 4853 1602 4918 diximus,
1639 4870 1746 4908 non
1819 4853 1895 4909 ita
1961 4860 2334 4923 repugnarent

787 4948 1016 5017 apostoli
1066 4947 1243 5008 dictas,
1273 4945 1527 5014 quamvis
1552 4953 1843 5014 utrumque
1888 4944 2213 5015 explicando
2259 4943 2345 4998 di-

786 5048 1020 5091 ceretur.
1052 5032 1263 5088 Etenim
1291 5034 1425 5088 nihil
1456 5044 1660 5089 vetaret
1688 5035 1986 5104 quominus
2018 5035 2184 5104 aliqui
2221 5047 2344 5088 cro-

788 5125 1066 5188 dentium,
1136 5123 1240 5178 ﬁde
1300 5124 1540 5193 gentium
1602 5126 1861 5188 excitati,
1919 5127 2242 5180 aemulentur
2292 5132 2349 5179 et

789 5213 1104 5276 imitentur;
1135 5222 1188 5266 et
1209 5213 1365 5266 multi
1391 5214 1629 5270 vicissim
1657 5229 1763 5268 non
1807 5214 2167 5279 credentium,
2219 5214 2347 5269 odio

791 5301 1006 5355 illorum
1043 5303 1134 5371 qui
1201 5319 1263 5357 ex
1293 5305 1541 5373 gentibus
1585 5313 1716 5361 sunt
1754 5305 2140 5374 pertinaciores
2173 5314 2227 5359 ct
2260 5305 2349 5359 in-

789 5392 1123 5447 creduliores
1159 5402 1214 5446 et
1254 5393 1584 5450 inlideliores
1612 5395 1923 5464 evangelico
1960 5395 2232 5465 praeconio
2254 5394 2350 5449 ad-

793 5493 1074 5538 versentur
1099 5502 1112 5535 :
1136 5486 1277 5553 quod
1316 5487 1446 5555 ipsis
1476 5488 1638 5542 rebus
1660 5487 1830 5541 videri
1867 5498 2072 5557 potest;
2098 5488 2347 5556 quienim

793 5584 980 5641 gentes
1001 5573 1297 5639 imitantur,
1332 5575 1398 5629 ad
1451 5575 1609 5631 ﬁdem
1641 5577 1926 5642 accedunt,
1949 5585 2006 5631 et
2033 5578 2347 5643 salvantur;

795 5662 886 5731 qui
907 5672 1095 5766 autem
1145 5665 1395 5734 gentibus
1411 5667 1792 5735 adversantur,
1829 5668 2066 5725 acriores
2092 5669 2216 5724 ﬁdei
2247 5668 2352 5723 ini-

795 5757 920 5809 mici
954 5757 1378 5813 constituuntur.

2439 4580 2842 4650 παραζηλώσω
2888 4580 3005 4645 τὴν
3047 4577 3267 4645 σάρκα,
3311 4579 3412 4643 τὴν
3479 4574 3612 4626 ἰδίαν
3663 4573 4004 4625 ἐνδείκνυται

2442 4675 2694 4740 σπουδὴν,
2728 4674 2794 4743 ἢν
2842 4666 2988 4740 εἶχεν
3015 4672 3093 4733 είς
3138 4671 3200 4722 τὸ
3237 4669 3406 4720 σῶσαι
3444 4667 3566 4728 τοὺς
3591 4665 3649 4728 ἐξ
3709 4666 4002 4718 Ἰουδαίων.

2442 4768 2552 4820 Καὶ
2575 4765 2743 4835 χωρὶς
2775 4764 2834 4816 δι
2863 4763 2972 4816 τῶν
2995 4761 3320 4830 εἰρημένων,
3340 4758 3449 4812 οὐδ’
3477 4757 3647 4819 οὕτως
3675 4757 3700 4808 ὲ
3709 4755 3925 4825 μάχετο
3946 4755 4007 4806 τὰ

2441 4856 2719 4925 λεχθέντα,
2754 4854 2855 4907 κᾶν
2901 4853 3069 4920 ἄμφω
3093 4848 3477 4918 άποφαντικῶς
3527 4847 3732 4916 εἴρητο.
3755 4847 3880 4898 Καὶ
3908 4847 4008 4913 γάρ

2444 4947 2596 5000 οὐδὲν
2615 4945 2820 5000 ἐκώλυε
2843 4944 2995 5006 τινὰς
3025 4942 3124 5012 μὲν
3171 4940 3281 4994 τῶν
3327 4937 3795 5000 πεπιστευκότων,
3823 4937 4009 5006 amp:-

2446 5036 2726 5098 θισθέντας
2753 5035 2822 5104 τῇ
2870 5033 3052 5086 πίστει
3093 5030 3202 5086 τῶν
3233 5029 3426 5094 ἐθνῶν,
3481 5027 3885 5098 παραζηλῶσαι
3926 5024 4010 5079 καὶ

2447 5126 2758 5181 πιστεῦσαι.
2788 5124 2901 5178 Kal
2941 5123 3050 5176 τῶν
3087 5122 3163 5193 μὴ
3194 5119 3632 5174 πεπιστευκότων
3683 5118 3858 5170 πάλιν
3893 5117 4013 5169 πολ-

2445 5216 2592 5280 λοὺς,
2630 5214 2776 5284 μίσει
2804 5211 2882 5282 τῷ
2929 5212 3064 5281 πρὸς
3085 5211 3210 5272 τοὺς
3269 5209 3330 5274 ἐξ
3369 5208 3557 5272 ἐθνῶν,
3612 5207 4012 5284 σκληροτέρους

2447 5305 2542 5356 καὶ
2575 5280 3083 5372 ἀπιστοτέρουςκαὶ
3106 5299 3526 5368 ἀπειθεστέρους
3553 5296 3630 5366 τῷ
3673 5280 4014 5362 εὐαγγελικῷ

2450 5393 2710 5447 κινεῖσθαι
2751 5391 3084 5462 κηρύγματι.
3131 5392 3196 5444 '0
3243 5391 3338 5443 καὶ
3367 5391 3452 5441 ἐπ’
3482 5387 3659 5441 αὐτῶν
3715 5387 3852 5438 tam
3912 5389 4014 5436 ἔστι

2450 5485 2556 5536 τῶν
2596 5482 2958 5550 πραγμάτων.
3008 5482 3071 5534 Ol
3120 5481 3220 5550 μὲν
3261 5482 3371 5549 γάρ
3420 5477 3746 5549 μιμούμενοι
3799 5477 3930 5536 τοὺς
3967 5471 4018 5534 ἐξ

2450 5573 2638 5636 ἐθνῶν,
2668 5570 3059 5642 προσέρχονται
3122 5573 3187 5641 τῇ
3238 5571 3438 5632 πίστει,
3499 5569 3592 5620 καὶ
3639 5565 3932 5628 σώζονται.
3962 5561 4016 5612 0’1

2453 5665 2510 5718 δὲ
2565 5663 3260 5734 τούτοιςάπεχθανόμενοι,
3323 5661 3670 5733 σφοδρότεροι
3713 5654 4012 5728 ἐχθροὶτῆς

2456 5758 2686 5819 πίστεως
2707 5755 3075 5809 καθίστανται.
