4156 6438
183 418 319 480 tate
1040 418 1500 479 FRAGMENTA
1539 419 1620 478 ΙΝ

282 507 387 563 Καί
421 508 507 577 μὴ
558 502 1079 574 συσχηματίζεσθε
1113 503 1189 569 τῷ
1232 504 1402 559 «idm.
1433 507 1639 573 τούτῳ.

248 669 489 722 Φωτιου.
523 668 592 720 ‘ll
624 666 748 721 άντί
772 664 895 729 τοῦ,
926 664 1013 735 Μὴ
1039 662 1508 734 συμμετατίθεσθε
1533 666 1652 727 ταῖς
1669 663 1751 714 δι-

172 759 492 821 δασκαλίαις
553 758 662 810 τῶν
690 760 754 810 ἐκ
791 756 886 810 τοῦ
922 754 1117 818 αἰῶνος
1160 754 1348 808 τούτου
1380 752 1487 816 ,τοῦ
1539 753 1751 824 ῥέοντος

174 851 272 903 καὶ
301 850 399 917 οὑχ
460 850 755 916 ἱσταμένου
808 846 910 915 τὴν
964 844 1312 899 διδασκαλίαν
1343 842 1749 917 προσαγόντων.

170 938 343 992 Τοῦτο
367 939 423 992 δὲ
452 936 623 990 είπὼν
660 936 751 989 ἴνα
782 938 858 1007 μή
881 950 1027 999 τινες
1045 935 1155 989 τῶν
1198 936 1469 990 Ἰουδαίων
1498 936 1747 999 εἴπωσιν,

172 1029 388 1084 Οὐκοῦν
433 1027 662 1090 οὑδόλως
711 1026 791 1079 δεῖ
834 1028 982 1098 ἡμᾶς
1029 1026 1618 1098 μετασχηματίζεσθαι,
1642 1027 1753 1081 άπὸ

172 1120 277 1189 τῆς
304 1118 746 1188 ⁴παραδεδομένης
773 1120 907 1188 ἡμῖν
942 1119 1035 1171 τοῦ
1070 1118 1236 1188 νόμου
1264 1118 1635 1187 διδασκαλίας,
1664 1118 1753 1175 διὰ

174 1211 335 1265 τοῦτο
362 1210 579 1278 ιπάγει,
605 1209 768 1264 ἀλλὰ
803 1211 1324 1279 μεταμορφοῦσθε,
1359 1211 1627 1278 τουτέστι,
1661 1214 1753 1265 Δεῖ

174 1300 339 1370 ἡμᾶς
366 1302 505 1355 κατά
526 1304 587 1355 τὸ
620 1301 832 1372 θέλημα
856 1300 952 1354 τοῦ
1001 1301 1138 1355 Θεοῦ
1183 1302 1586 1373 μετατίθεσθαι.
1608 1304 1750 1359 Πολὺ

174 1393 236 1445 δὲ
262 1391 324 1444 τὸ
357 1392 523 1460 μέσον
544 1393 642 1460 τῆς
670 1392 780 1444 άπὸ
811 1392 904 1444 τοῦ
938 1392 1105 1462 νόμον
1129 1392 1502 1459 διδασκαλίας,
1534 1396 1750 1465 καὶτῆς

174 1482 320 1534 κατά
349 1481 410 1534 τὸ
437 1481 649 1551 θέλημα
674 1480 769 1534 τοῦ
810 1480 944 1534 θεοῦ
985 1482 1200 1550 σοφίας.
1240 1483 1305 1537 Ἦ
1362 1483 1463 1553 μιν
1492 1484 1622 1555 γὰρ,
1655 1486 1750 1538 καὶ

176 1571 311 1622 αὑτὸ
336 1572 397 1623 τὸ
426 1569 610 1640 σχῆμα
633 1571 696 1623 τὸ
720 1571 939 1640 νομικδν
961 1572 1277 1636 ἀπόλλυσιν,
1304 1575 1383 1636 είς
1412 1573 1539 1627 ἄλλο
1562 1574 1751 1645 σχῆμα

178 1659 378 1722 κακίας
402 1661 495 1713 καὶ
541 1659 840 1730 διαφθορᾶς
892 1661 1100 1729 ἄγουσα
1128 1678 1143 1693 ·
1174 1664 1209 1733 η
1258 1662 1338 1729 δὲ,
1368 1664 1429 1716 οὑ
1468 1663 1628 1734 μόνον
1648 1665 1749 1717 οὑκ

175 1751 442 1805 ἀπόλλυσι
472 1751 534 1804 τὸ
563 1750 660 1805 τοῦ
696 1753 864 1821 νόμου
909 1754 1093 1823 σχῆμα
1122 1754 1201 1822 (ὲν
1233 1759 1471 1824 σχήματι
1523 1756 1631 1827 γάρ
1655 1757 1749 1810 καὶ

178 1844 310 1912 σκιᾷ
326 1846 417 1896 καὶ
437 1847 629 1906 τύποις
660 1841 752 1895 τοῦ
781 1845 946 1913 νόμου
970 1845 1260 1916 ὑπῆρχεν),
1276 1846 1412 1900 ἀλλὰ
1439 1848 1533 1901 καὶ
1553 1847 1749 1901 τελειοῖ

176 1934 309 1986 αὑτό
341 1948 357 1964 ⁸
385 1932 481 2004 τὴν
524 1934 850 2004 λειπομένην
886 1935 1033 2003 αὑτῷ
1089 1937 1303 2006 μορφὴν
1341 1939 1434 1989 καὶ
1467 1937 1527 1990 τὸ
1550 1937 1747 2000 κάλλος

177 2024 555 2093 ἁπαρτίζουσα
577 2026 673 2077 καὶ
698 2024 1108 2095 ἀναπληροῦσα.
1138 2026 1230 2079 Διδ
1260 2026 1325 2097 δὴ
1348 2027 1527 2091 καλῶς
1561 2042 1746 2097 φησιν·

186 2114 286 2182 Μὴ
327 2115 865 2185 συσχηματιζεσθε,
914 2118 1075 2172 aue
1110 2121 1626 2188 μεταμορφοῦσθε.
1678 2122 1752 2174 Τὸ

187 2207 291 2277 μιν
330 2208 440 2278 γάρ
478 2209 626 2260 ἐστιν
686 2209 952 2274 ἀπώλεια,
1002 2210 1065 2262 τὸ
1102 2210 1181 2274 δὲ,
1225 2213 1470 2282 σωτηρία
1511 2214 1606 2266 καὶ
1656 2230 1749 2266 τε·

182 2296 420 2367 λειότης.

176 2388 343 2468 Λέγε»
360 2388 481 2471 ,γὰρ
502 2388 599 2471 διὰ
621 2389 992 2471 τῇςζχόριτος
1009 2391 1126 2471 τῆς
1141 2392 1747 2471 δοθεισῃςμοιηπαττί

249 2476 330 2523 τφ

249 2460 330 2594 εξ
349 2460 477 2580 ὄζει
516 2460 589 2511 ἐν
638 2460 800 2529 ὑμῖν,
855 2461 941 2530 μὴ
993 2460 1409 2532 ὑπερφρονεῖιῖ
1430 2460 1570 2534 παρ’
1599 2466 1632 2521 ὃ
1658 2466 1754 2521 δεῖ

248 2546 293 2596 φ
331 2545 403 2582 ον
436 2546 513 2581 ιν.

247 2620 573 2673 thuriofo
596 2624 691 2673 καὶ
720 2620 891 2685 οὕτως
913 2623 1082 2691 λέγει*
1102 2624 1195 2695 Μὴ
1223 2626 1585 2698 ὑπερφρονεῖν
1602 2630 1747 2702 ὑμᾶς

173 2708 237 2761 ιν
264 2707 429 2761 παντὶ
451 2709 748 2780 χαρίσματι
775 2710 853 2780 τῷ
896 2712 1009 2766 ὄντι
1046 2714 1105 2769 ἐν
1156 2714 1304 2785 ὑμῖν.
1365 2718 1580 2789 Ταύτην
1635 2720 1745 2789 γὰρ

170 2799 275 2869 τὴν
310 2800 497 2853 ἄνοιαν
527 2802 623 2854 καὶ
662 2802 731 2854 τὰ
782 2802 1100 2875 ιπαγόμενα
1133 2804 1328 2875 δηλῶν,
1350 2810 1406 2862 ὲν
1443 2805 1524 2873 οἷς
1557 2827 1743 2881 φησιν,

186 2887 589 2955 Ἔκάστῳώςό
616 2894 760 2959 Θεὸς
778 2894 1036 2964 ἐμέρισε.
1062 2896 1248 2964 Σοφῶς
1272 2898 1329 2951 δὲ
1348 2898 1467 2952 λίαν
1495 2902 1590 2953 καὶ
1619 2917 1744 2955 συν-

171 2976 329 3053 ετῶς,
344 2978 629 3047 προέταξε,
674 2982 737 3035 τὸ
772 2983 871 3037 διὰ
896 2985 1005 3052 τῆς
1032 2985 1271 3054 χάριτος
1301 2987 1394 3041 τοῦ
1430 2990 1585 3058 Θεοῦ,
1620 2992 1745 3062 μὲλ-

171 3067 282 3119 λων
311 3068 506 3132 αὐτοὺς
528 3069 798 3124 νουθετεῖν
815 3074 895 3136 είς
922 3075 981 3127 τὸ
1007 3077 1083 3145 μὴ
1102 3078 1486 3148 ὑπερφρονεῖν.
1522 3083 1741 3154 Ἐπειδὴ

170 3158 282 3227 γάρ
311 3158 405 3209 καὶ
433 3159 493 3211 τὸ
518 3160 787 3213 νουθετεῖν
810 3165 903 3217 καὶ
930 3165 1238 3219 ἐπιτάττειν
1265 3169 1444 3233 ἄλλοις
1487 3172 1655 3226 ἐνίοτε
1685 3175 1742 3239 ἐξ

171 3248 589 3319 ὑπερφροσύνης
623 3251 854 3318 γίνεται,
882 3256 1168 3325 προλαϐὼν
1195 3258 1385 3313 ίάσατο
1416 3263 1542 3325 τοὺς
1563 3238 1740 3317 τοιοὺζ
1765 3238 1808 3300 C

170 3354 297 3401 τους
331 3338 641 3409 λογισμούς.
672 3344 786 3397 Οὑκ
809 3345 923 3398 ἔστι
950 3348 1078 3415 γὰρ,
1114 3351 1266 3420 φησι,
1290 3351 1348 3417 ἐξ
1375 3353 1516 3423 ἐμῆς
1564 3356 1739 3424 ὁρμῆς

168 3427 232 3479 τὸ
256 3429 526 3482 νουθετεῖν
552 3433 695 3501 ὑμᾶς
719 3449 732 3463 ⁸
756 3435 892 3488 ἀλλὰ
912 3437 1030 3491 ἀπὸ
1054 3436 1162 3506 τῆς
1185 3441 1426 3509 χάριτος
1458 3444 1552 3497 τοῦ
1581 3447 1737 3511 Θεοῦ,

168 3519 336 3571 αὑτοῦ
366 3520 642 3592 διάταγμα
672 3524 884 3595 πληρῶ.
921 3527 1172 3598 Ἐμέρισε
1229 3530 1286 3582 δὲ
1311 3530 1381 3584 τά
1424 3533 1741 3605 χαρίσματα

166 3612 229 3663 οὐ
261 3612 403 3665 κατὰ
456 3614 785 3684 φιλοτιμίαν,
817 3618 953 3671 ἀλλὰ
996 3622 1145 3674 κατὰ
1168 3622 1235 3674 τὸ
1267 3622 1487 3692 μέτρον
1516 3625 1614 3695 τῆς
1647 3630 1736 3680 πί-

170 3717 365 3765 στεως.
389 3704 629 3769 Πίστεως
652 3706 730 3770 δὲ,
752 3709 813 3760 οὑ
844 3709 940 3779 τῆς
981 3713 1120 3764 κατὰ
1141 3713 1238 3782 τὴν
1269 3713 1526 3786 λατρείαν
1552 3719 1736 3785 φησίν.

168 3793 377 3857 Πάντες
398 3795 507 3865 γὰρ
533 3798 713 3850 πιστοὶ
756 3804 849 3852 καὶ
873 3802 1066 3855 τέλειοι
1114 3804 1172 3855 εν
1221 3806 1359 3876 αὑτῇ
1390 3808 1498 3858 εἱσι
1547 3808 1737 3877 δηλον-

163 3881 271 3945 ότι,
302 3884 351 3935 οί
408 3888 759 3955 χαρισμάτων
802 3890 1144 3957 ἀξιωθέντες,
1181 3895 1318 3948 ἀλλὰ
1351 3896 1453 3966 τῆς
1487 3899 1629 3952 κατὰ
1670 3901 1739 3952 τὰ

162 3974 477 4044 χαρίσματα
503 3980 759 4043 πίστεως.
781 3983 979 4047 Καθὼς
1006 3986 1099 4039 καὶ
1128 3987 1185 4038 ἐν
1209 3988 1559 4056 Εὑαγγελίοις
1586 3992 1735 4062 εἴρη-

159 4080 277 4129 ται,
298 4068 493 4135 Κύριε,
520 4075 783 4137 πρόσθες
816 4075 960 4144 ἡμῖν
990 4078 1198 4130 πίστιν
1225 4096 1239 4110 ⁸
1268 4082 1363 4133 καὶ
1392 4082 1572 4145 πάλιν,
1592 4085 1732 4137 Ἐὰν

158 4155 343 4223 ἔχητε
366 4161 574 4214 πίστιν
592 4162 670 4228 ὡς
696 4168 919 4219 κόκκον
936 4170 1255 4237 σινάπεως.
1280 4173 1389 4226 Καὶ
1417 4173 1600 4239 πάλιν,
1626 4176 1729 4229 Διὰ

157 4246 278 4312 τὴν
318 4250 734 4318 ὀλιγοπιστίαν
766 4258 954 4327 ὑμῶν.
1010 4260 1179 4331 Δῆλον
1228 4264 1357 4334 γὰρ,
1412 4264 1487 4328 ὡς
1537 4266 1721 4335 ἕτερον

1040 417 1500 479 FRAGMENTA
1539 419 1620 478 ΙΝ
1653 416 2083 479 EPISTOLAM
2119 418 2219 477 AD
2258 414 2641 476 ROMANOS.

1771 504 1998 572 ACAP.
2047 503 2161 558 XII.
2224 503 2387 558 Vens.
2444 499 2501 553 2.
2561 501 2628 556 Et
2694 503 2856 557 nolite
2931 504 3257 572 conformari
3305 507 3426 560 huic

3288 414 3424 488 1250

2531 573 2744 627 εαειιίυ.

1922 666 2311 722 ΡΙιοιίἱ.(Σει·ιε
2360 670 2514 735 quasi
2570 668 2798 730 diceret,
2856 665 3025 719 nolite
3086 664 3425 721 etmlormari

1850 758 2115 815 doctrinis
2141 773 2330 814 eorum
2353 762 2445 828 qui
2474 774 2538 814 ex
2582 759 2688 813 hoc
2738 759 2939 813 saeculo
2967 756 3115 828 quod
3141 757 3343 812 labitur
3373 767 3430 813 et

1851 866 1961 905 non
1993 850 2152 906 desiit
2205 851 2509 905 doctrinam
2543 849 2848 920 proferunt.
2893 850 2972 903 Ita
3004 864 3135 903 vero
3176 849 3421 911 locutus,

1852 949 1913 997 ut
1939 942 2071 997 nulli
2114 926 2423 997 Judazorum
2475 943 2680 1006 dicant,
2714 956 2849 1012 ergo
2902 957 3036 997 sane
3071 955 3181 996 non
3216 951 3427 1012 oportet

1851 1048 1953 1090 nos
1972 1032 2345 1089 transformari
2379 1034 2447 1087 ab
2480 1034 2570 1087 illa
2600 1048 2721 1104 qua
2772 1032 2931 1089 nobis
2978 1031 3176 1087 tradita
3207 1032 3311 1087 fuit
3346 1034 3425 1088 le-

1852 1125 1933 1196 gis
1963 1125 2228 1189 doctrina,
2267 1123 2398 1179 illud
2424 1124 2597 1188 addit,
2646 1125 2736 1178 sed
2784 1124 3181 1193 reformamini,
3226 1122 3281 1177 id
3320 1132 3424 1189 est,

1850 1224 2063 1287 oportet
2094 1231 2186 1269 nos
2235 1214 2538 1271 secundum
2588 1214 2681 1270 Dei
2720 1212 3058 1270 voluntatem
3118 1214 3423 1268 immutari.

1850 1306 2105 1379 Magnum
2142 1307 2289 1362 enim
2333 1307 2677 1363 intervallum
2733 1317 2819 1361 est
2860 1307 3003 1361 inter
3035 1306 3207 1371 illam,
3247 1321 3369 1375 qua:
3395 1322 3427 1360 a

1849 1399 1964 1469 lege
1988 1399 2168 1463 datur,
2194 1386 2616 1460 doctrinamfet
2650 1396 2818 1461 illam,
2847 1412 2970 1466 qua:
2994 1397 3296 1451 secundum
3330 1398 3426 1452 Dei

1846 1489 2179 1543 voluntatem
2203 1496 2305 1551 est,
2336 1487 2679 1555 sapientiam.
2702 1484 2824 1541 Una
2873 1486 3047 1550 enim,
3081 1486 3257 1555 ipsam
3283 1487 3426 1541 lianc

1848 1579 2073 1651 legalem
2096 1578 2327 1633 formam
2350 1578 2605 1641 destruit,
2634 1577 2687 1632 in
2726 1577 2890 1632 aliam
2943 1576 3177 1632 formam
3206 1579 3429 1633 malitia:

1847 1674 2232 1746 «perditionis
2256 1671 2748 1742 intiucensﬁaltera
2766 1682 2945 1726 autem
2980 1687 3087 1726 non
3126 1672 3291 1727 modo
3314 1690 3423 1727 non

1846 1767 2078 1823 formam
2132 1765 2266 1837 legis
2313 1765 2569 1828 destruit,
2630 1765 2684 1818 in
2725 1762 2900 1817 forma
2948 1762 3093 1817 enim
3126 1772 3180 1817 et
3231 1763 3425 1817 umbra

1776 1891 1823 1951 Β
1847 1870 1902 1915 et
1932 1859 2118 1930 ﬁguris
2141 1858 2277 1929 legis
2302 1867 2536 1918 constat.
2568 1856 2659 1912 sed
2723 1856 2872 1909 illam
2907 1852 3142 1924 perﬁcit.
3176 1854 3424 1910 relictam

1853 1951 1932 2005 illi
1958 1950 2194 2021 speciem
2228 1958 2284 2003 et
2326 1947 2789 2019 pulchritudinem
2840 1961 3177 2016 componens
3200 1956 3255 2001 et
3307 1962 3426 2001 am-

1852 2040 2122 2111 pliﬁcatis.
2154 2039 2280 2095 Ideo
2313 2048 2462 2097 recte
2490 2039 2626 2095 dicit
2661 2058 2675 2095 :
2708 2058 2728 2092 ι
2772 2038 2952 2093 Nolite
2974 2039 3420 2108 conformari,....

1850 2129 1941 2181 sed
1977 2127 2362 2196 reformanu’ni.
2411 2146 2431 2179 ι
2480 2126 2619 2181 illud
2677 2128 2824 2182 enim
2890 2127 3125 2196 perditio
3174 2134 3280 2191 est,
3319 2125 3425 2179 hoc

1850 2226 2029 2274 autem
2053 2218 2203 2273 salus
2224 2228 2280 2272 et
2310 2217 2592 2287 perfectio.

1850 2394 2015 2450 Vens.
2052 2396 2108 2449 3.
2136 2394 2264 2449 Dico
2287 2396 2425 2449 enim
2456 2411 2549 2463 per
2587 2398 2814 2464 gratiam
2839 2410 2955 2463 quae
2984 2396 3115 2447 data
3153 2404 3227 2446 est
3267 2394 3420 2456 mihi,

1918 2467 2159 2521 omnibus
2208 2466 2298 2534 qui
2343 2476 2465 2518 sunt
2515 2466 2653 2518 inter
2702 2481 2788 2518 uos
2830 2484 2848 2517 :
2913 2480 3015 2517 non
3068 2466 3186 2532 plus
3236 2480 3426 2532 sapere

1916 2551 2076 2604 quam
2100 2545 2299 2604 oportet
2331 2550 2537 2602 sapere,
2576 2546 2682 2590 etc.

1917 2626 2119 2682 Photii.
2140 2625 2298 2684 Certe
2316 2638 2371 2682 et
2387 2627 2460 2682 ita
2484 2625 2637 2692 dicit,
2652 2642 2763 2681 non
2779 2628 2901 2697 plus
2917 2641 3108 2696 sapere
3122 2634 3211 2681 aut
3234 2642 3422 2697 super-

1848 2719 1967 2773 bire
1995 2734 2094 2772 vos
2122 2719 2173 2772 in
2207 2718 2355 2773 omni
2386 2718 2531 2772 dono
2556 2719 2698 2787 quod
2722 2728 2804 2773 est
2828 2720 2879 2771 in
2906 2717 3084 2785 vobis,
3102 2717 3245 2774 hanc
3272 2719 3421 2773 enim

1845 2808 2130 2863 stultitiam
2155 2808 2238 2863 bis
2267 2821 2389 2878 qua:
2411 2806 2743 2876 adjiciuntur
2763 2808 3078 2873 ostendens,
3120 2809 3214 2864 ubi
3250 2808 3418 2864 dicit:

1850 2919 1869 2952 ε
1910 2899 2197 2960 Unicuique
2252 2902 2389 2953 sicut
2426 2900 2568 2955 Deus
2598 2900 2797 2963 diuisit,
2832 2900 3105 2969 sapienter
3170 2901 3316 2956 enim
3369 2914 3422 2955 et

1844 2993 2139 3061 prudenter
2186 2994 2465 3061 praevenit,
2494 3010 2583 3061 per
2606 2995 2833 3062 gratiam
2859 2991 2953 3045 Dei
2983 2992 3174 3047 seillos
3197 2992 3418 3055 debere.

1844 3100 1909 3138 ne
1968 3084 2284 3153 superbiant
2352 3098 2592 3138 monere.
2666 3082 2804 3136 Cum
2864 3084 3012 3137 enim
3077 3098 3299 3137 monere
3368 3095 3421 3137 et

1842 3176 2135 3246 praecipere
2185 3176 2308 3230 aliis
2336 3176 2625 3245 aliquando
2652 3191 2681 3231 e
2712 3175 2964 3246 superbia
3025 3178 3391 3246 proﬁciscitur
3399 3213 3415 3245 ι

1842 3277 2172 3337 praeverteris
2229 3268 2377 3321 hisce
2422 3268 2726 3323 rationibus
2757 3268 3025 3323 medetur.
3075 3267 3194 3322 Non
3242 3270 3413 3332 enim,

1842 3358 2039 3427 inquit,
2072 3373 2138 3413 ex
2164 3374 2286 3415 meo
2328 3371 2475 3413 motu
2520 3375 2614 3415 vos
2647 3375 2864 3425 moueo,
2908 3361 3005 3416 sed
3054 3378 3145 3431 per
3185 3367 3414 3433 gratiam

1846 3448 1960 3511 Dei,
2005 3449 2123 3516 eius
2173 3460 2502 3518 praeceptum
2550 3451 2767 3519 impleo.
2814 3451 3007 3506 Dlt‘iSll
3060 3461 3241 3507 autem
3274 3455 3414 3507 dona

1845 3554 1952 3592 non
1986 3541 2283 3593 secundum
2330 3540 2740 3605 liberalitatem,
2773 3541 2865 3596 sed
2907 3544 3210 3598 secundum
3270 3561 3415 3599 men-

1843 3647 2022 3683 suram
2050 3630 2209 3698 ﬁdei;
2240 3630 2359 3685 ﬁdei
2391 3646 2520 3685 vero
2550 3647 2655 3684 non
2693 3634 2838 3688 illius
2861 3648 2983 3702 quae
3011 3644 3094 3689 est
3115 3638 3415 3691 secundum

1841 3721 2184 3786 servitutem,
2219 3722 2395 3790 inquit
2419 3739 2431 3782 :
2455 3737 2646 3779 omnes
2672 3726 2817 3779 enim
2851 3725 3035 3781 ﬁdeles
3054 3737 3107 3781 et
3133 3730 3414 3785 credentes

1837 3816 1889 3869 in
1913 3816 1999 3871 illa
2030 3826 2158 3871 sunt
2182 3817 2480 3881 evidenter,
2515 3821 2607 3888 qui
2635 3824 2904 3875 donorum
2929 3821 3077 3892 digni
3109 3824 3211 3877 visi
3256 3837 3412 3891 sunt;

1837 3906 1930 3960 sed
1955 3906 2124 3969 illius.
2176 3923 2297 3977 qua:
2323 3910 2625 3965 secundum
2667 3912 2806 3966 dona
2845 3923 2931 3968 est
2968 3915 3102 3969 ﬁdes
3139 3933 3151 3969 :
3202 3917 3417 3969 sicntct

1836 3994 1889 4048 in
1916 3994 2223 4066 Evangeliis
2255 3998 2452 4053 dicitur
2487 4018 2496 4051 :
2531 4000 2775 4069 Domine,
2809 4004 3014 4073 adauqe
3040 4006 3187 4059 nobis
3216 4007 3411 4074 ﬁdem;

1837 4100 1893 4143 et
1930 4089 2125 4144 iterum
2161 4108 2173 4145 :
2206 4088 2264 4145 Si
2295 4092 2581 4147 habueritis
2616 4096 2772 4164 ﬁdem
2820 4110 2879 4150 ut
2908 4114 3134 4169 granum
3163 4100 3365 4169 sinapis
3393 4121 3410 4165 ,-

1836 4191 1889 4234 et
1910 4181 2101 4235 iterum
2136 4180 2392 4249 :Propter
2408 4187 2792 4253 parvamﬁdem
2817 4202 3062 4243 vestram.
3096 4188 3411 4246 Patetenim

1836 4272 1994 4325 aliam
2020 4272 2159 4327 lianc
2180 4273 2304 4328 ﬁdei
2337 4276 2786 4345 signiﬁcationem
2816 4293 2916 4347 pro
2934 4280 3138 4349 pietate
3166 4284 3333 4337 sumi.

168 4338 454 4438 amissaa;
483 4344 716 4409 πίστεως
741 4349 802 4400 τὸ
831 4339 1231 4423 σημαινόμενον
1254 4360 1405 4427 παρά
1437 4362 1497 4412 τὸ
1530 4364 1623 4414 επὶ
1651 4366 1753 4435 τῆς
1796 4366 2086 4429 εὑσεδείας
2134 4338 2564 4438 λαμϐανόμενον.

300 4435 439 4487 Ειτε
487 4439 520 4488 ό
549 4439 933 4508 παρακαλῶν,
968 4444 1037 4497 ἐν
1075 4444 1149 4514 τῇ
1186 4450 1583 4516 παρακλήσει.

227 4526 471 4579 Φωτίου.
510 4527 701 4590 Ἀλλος
737 4529 793 4581 δὲ
844 4533 964 4585 δυσὶ
1000 4537 1223 4605 τρόποις
1269 4539 1387 4592 ὅλον
1429 4543 1728 4613 ἐσχηματί-

155 4614 285 4666 σθαι
312 4616 371 4666 τὸ
393 4618 586 4687 χωρίον
618 4620 742 4690 ἔφη,
769 4625 872 4685 ἕως
896 4625 1012 4687 τοῦ,
1050 4627 1186 4681 Εἴτε
1212 4634 1243 4682 ό
1268 4634 1630 4700 παρακαλῶν
1654 4638 1725 4689 ἐν

151 4703 229 4773 τῇ
263 4710 661 4775 παρακλήσει.
697 4713 874 4778 Ποίοις
907 4718 1156 4786 τούτοις;
1190 4722 1267 4792 τῷ
1296 4727 1572 4797 λεγομένῳ
1620 4730 1729 4782 ἀπὸ

150 4797 338 4849 κοινοῦ
362 4798 457 4849 καί
500 4798 577 4869 τῷ
606 4802 925 4876 ἑλλειπτικῷ
961 4822 975 4835 '
1004 4810 1099 4862 καὶ
1130 4813 1237 4883 γὰρ
1258 4814 1319 4867 τὸ
1349 4817 1593 4885 ἔχοντες
1620 4821 1727 4872 άπὸ

151 4887 337 4941 κοινοῦ
376 4890 497 4942 καθ’
546 4891 771 4949 ἕκαστον
824 4898 998 4953 κῶλον
1046 4906 1552 4977 παραλαμϐάνεται.
1576 4907 1723 4976 υἵον,

147 4982 270 5033 εἴτε
312 4984 649 5055 προφητείαν
681 4988 793 5057 ἔχει
841 5006 928 5055 τις
959 5008 973 5022 '
1016 4993 1125 5048 εἴτε
1166 4996 1442 5053 διακονίαν
1465 5001 1577 5071 ἔχει
1615 5020 1720 5065 τις.

147 5071 325 5125 Τοῦτο
351 5072 407 5124 δὲ
450 5075 510 5127 τὸ
560 5077 669 5128 ἀπὸ
716 5081 919 5145 κοινοῦ,
956 5086 1049 5136 καὶ
1101 5086 1315 5157 ζεῦγμα
1349 5091 1609 5154 καλεῖται.
1640 5095 1722 5147 ὅτι

146 5162 423 5253 ζευγνύει-
442 5165 826 5235 πληθυντικὸν,
863 5173 1047 5245 ἑνικῷ,
1086 5180 1179 5231 καὶ
1214 5183 1465 5250 μετοχὴν.
1494 5185 1715 5253 ῥήματι.

2029 4460 2190 4515 Vens.
2227 4460 2280 4514 8.
2314 4460 2418 4527 Qui
2452 4466 2758 4517 exhortatur
2786 4469 2840 4519 in
2861 4470 3211 4523 exhortando.

1902 4548 2102 4603 Photii.
2144 4551 2300 4605 Alius
2337 4562 2516 4605 autem
2560 4555 2772 4608 duobus
2809 4558 2984 4613 modis
3016 4569 3187 4613 totum
3224 4562 3404 4617 locum

1830 4642 1972 4696 sumi
2009 4641 2164 4705 dixit,
2201 4658 2373 4711 usque
2407 4645 2474 4697 ad
2500 4646 2633 4699 illud
2669 4666 2680 4698 :
2722 4647 2841 4700 Sive
2884 4651 2974 4716 qui
3007 4654 3323 4707 exhortatur
3352 4662 3405 4711 in

1827 4732 2173 4786 exhortando.
2214 4731 2423 4798 Quibus
2468 4737 2677 4791 modis?
2722 4739 2773 4790 in
2834 4744 3139 4807 communi,
3183 4755 3237 4797 et
3281 4748 3403 4801 clli-

1828 4825 1985 4891 ptice.
2009 4823 2218 4879 Etenim
2248 4826 2308 4877 τὸ
2327 4827 2571 4881 habentes
2596 4828 2648 4881 in
2674 4833 2953 4886 communi
2986 4849 3081 4903 per
3098 4839 3403 4893 membrum

1826 4917 2081 4972 dictionis
2142 4919 2400 4988 quodque
2447 4922 2766 4992 intelligitur
2816 4944 2827 4977 :
2878 4936 2970 4988 tit,
3012 4928 3128 4983 sive
3170 4933 3406 5000 prophe-

1828 5009 1955 5062 tiam
1986 5009 2184 5078 aliquis
2216 5009 2400 5073 habet,
2434 5012 2549 5066 sive
2578 5015 2943 5071 ministerium
2972 5021 3172 5089 aliquis
3205 5023 3397 5089 habet;

1827 5101 1927 5153 hoc
1960 5108 2139 5154 autem
2163 5100 2304 5169 quod
2343 5101 2395 5154 in
2425 5108 2702 5158 communi
2730 5116 2832 5173 est,
2868 5109 3184 5179 coniunctio
3214 5117 3399 5183 appel-

1824 5189 1990 5253 latur;
2026 5189 2154 5257 quid
2192 5190 2397 5256 plurale
2435 5193 2699 5263 singulari
2740 5199 3044 5267 coujungit,
3085 5212 3137 5255 et
3172 5206 3396 5271 partici-

145 5252 339 5354 ρῦτως
368 5251 459 5307 οὖν
490 5258 599 5309 άπὸ
625 5261 805 5314 κοινοῦ
838 5264 898 5315 τὸ
936 5265 1184 5335 ἔχοντες
1231 5272 1373 5324 κατὰ
1413 5275 1473 5326 τὸ
1496 5251 1719 5347 νςεὺγμα

1981 5251 1985 5253 γ
2045 5251 2056 5257 ,
2193 5251 2203 5256 -
2527 5251 2551 5263 υ
2843 5251 2861 5267 .
2949 5251 2977 5267 ο
3012 5251 3043 5265 γ,
3092 5251 3133 5255 ν-
3172 5251 3361 5271 ,ν---η-

1839 5284 1967 5335 tium
2010 5283 2193 5337 verbo.
2226 5283 2317 5337 Sic
2341 5285 2507 5354 igitur
2532 5288 2583 5340 in
2618 5292 2896 5343 communi
2931 5292 2992 5343 τό
3026 5295 3272 5349 habentes
3306 5314 3393 5353 se-

142 5341 577 5416 λαμϐανόμενον,
614 5350 1028 5427 ἀπηρτισμένην
1064 5361 1208 5413 κατὰ
1236 5364 1392 5415 τοῦτο
1440 5366 1577 5429 τέως
1620 5372 1719 5437 τὴν

143 5434 168 5453 ._.
250 5451 261 5453 ᾼ
302 5452 320 5453 ,,
452 5440 464 5453 .
570 5442 579 5453 .
753 5444 764 5453 .
956 5450 976 5453 _
1050 5450 1145 5453 μμ

1837 5375 2058 5428 :undum
2117 5374 2567 5443 conjunctionem
2620 5390 2930 5447 sumptum,
2985 5384 3293 5453 adoptatum
3327 5404 3392 5437 oo

141 5434 357 5488 ἔννοιαν
383 5440 475 5491 καὶ
525 5442 593 5493 τὰ

140 5526 559 5623 ἐσχημάτισται,
592 5533 673 5585 ὅτι
700 5534 874 5591 λείπει
910 5540 1047 5611 πρὸς
1079 5545 1419 5602 εὑτοτὲλειαν
1446 5550 1540 5603 τοῦ
1589 5556 1714 5623 νοή-

142 5633 339 5685 ματος.
369 5614 496 5714 ρξον
524 5622 603 5687 τὸ,
635 5627 857 5682 Μενέτω
888 5634 946 5687 ὲν
970 5627 1016 5701 ᾧ
1066 5635 1246 5692 ιλαεεν
1295 5640 1526 5706 ἕκαστος
1558 5614 1710 5714 χαρί-

140 5724 333 5775 σματι.
367 5711 435 5762 “ll
457 5714 800 5790 ἀρκείσθω,ἢ
826 5727 1037 5795 στοιχείι
1063 5746 1128 5792 ω,
1151 5731 1183 5798 ἦ
1204 5748 1255 5783 τι
1274 5732 1531 5788 τοιοῦτον.
1559 5711 1707 5801 δῖον,

142 5804 250 5851 εἴτε
271 5805 604 5873 προφητείαν
632 5807 741 5877 ἔχει
761 5828 863 5875 τις,
892 5818 1000 5869 εἴτε
1023 5817 1313 5890 διακονίαν,
1338 5827 1544 5895 μενέτω
1566 5829 1695 5882 37.7.-

504 5901 771 5965 l'nntiL.
812 5910 928 5973 Gn.
1014 5916 1105 5979 CL

629 5444 802 5513 χωρία
830 5450 995 5502 ποιεῖ.
1048 5450 1431 5519 Ἐλλειπιτκῶς
1458 5458 1517 5510 δὲ
1556 5460 1717 5513 πάλιν

1837 5478 1977 5519 sensu
2010 5480 2182 5535 usque
2215 5467 2286 5519 ibi
2320 5470 2644 5525 sententiam
2671 5481 2724 5523 et
2750 5444 2932 5525 locum
2967 5444 3114 5528 facit.
3144 5476 3392 5546 Elliptice

1815 5566 1995 5611 autent
2037 5558 2229 5611 iterum
2253 5560 2503 5626 sumitur
2540 5564 2666 5630 quia
2704 5563 3083 5634 deestaliquid
3119 5570 3187 5621 ad
3227 5572 3392 5624 abso-

1815 5648 1983 5701 lntam
2018 5646 2403 5716 perfectionem
2433 5654 2715 5708 sententia.-
2750 5675 2760 5707 :
2797 5666 2856 5709 ut
2895 5657 3047 5723 illud,
3080 5672 3297 5713 maneat
3330 5662 3387 5714 in

1812 5754 1920 5808 quo
1962 5740 2171 5809 accepit
2215 5741 2449 5810 quisque
2475 5744 2640 5807 dono,
2694 5758 2787 5799 aut
2840 5759 3129 5804 contentus
3157 5753 3245 5814 sit,
3294 5765 3387 5807 aut

1811 5832 2219 5899 confornictsc,
2264 5844 2357 5890 aut
2401 5835 2547 5890 aliud
2576 5838 2705 5907 quid
2734 5841 2947 5903 simile;
2984 5853 3060 5905 ut,
3105 5846 3217 5897 sive
3264 5860 3384 5912 pto-

3003 5946 3027 6000 ~'t
3042 5949 3076 6001 U
