4156 6438
745 386 870 457 1951

1915 390 2176 452 ΡΗΟΤΠ
2226 384 2725 452 ΡΑΤΒΙΛΗΕΗᾹΞ
2750 389 2860 450 CP.

3838 385 3979 451 125!

743 503 977 572 phctiam
1031 501 1225 571 aliquis
1277 501 1459 564 habet,
1502 502 1614 555 sive
1661 499 2039 565 ministerium,
2085 511 2302 555 maneat

2415 518 2522 563 no;
2578 500 2636 553 ἐν
2738 496 2915 551 ἔλασε.
2943 497 3051 549 Kal
3085 497 3250 567 πολλὴ
3312 496 3460 550 ἔστιν
3489 497 3524 567 η
3553 496 3662 550 τῶν
3714 496 3978 551 τοιούτων

744 594 972 660 quisque
999 592 1052 645 in
1081 607 1147 645 eo
1177 592 1322 661 quod
1367 592 1596 658 accepit.
1628 591 1824 644 Multus
1853 608 2075 662 quoque
2107 604 2190 648 cst
2219 604 2301 645 ta-

741 680 872 732 lium
905 693 1036 733 usus
1077 679 1218 747 apud
1259 679 1564 733 mirabilem
1602 679 1848 744 Paulum,
1876 692 1932 736 et
1965 697 2033 736 ne
2061 683 2297 748 mireris,

737 770 843 824 etsi
893 770 1108 822 illorum
1171 769 1245 823 sit
1290 770 1598 839 imperitus,
1642 771 1787 826 hunc
1828 783 2006 827 tamen
2047 772 2158 828 illis
2194 775 2299 827 uti.

739 859 922 916 Gratia
955 861 1101 914 enim
1128 861 1338 930 majora
1383 873 1674 931 prmstans,
1715 863 2069 917 mediocrium
2100 865 2303 934 saepius

739 953 1097 1021 c0gnitionem
1121 954 1344 1021 prebet,
1377 968 1485 1008 non
1514 965 1772 1024 tanquam
1794 970 1986 1024 magna
2013 955 2130 1009 haac
2152 957 2300 1024 sint;

738 1044 870 1113 quid
891 1043 1038 1097 enim
1075 1052 1222 1098 esset
1258 1044 1407 1099 circa
1454 1060 1614 1099 voces
1642 1055 1697 1099 et
1739 1046 1972 1116 syllabas
1999 1057 2054 1103 et
2086 1047 2300 1102 illorum

739 1134 1190 1203 compositionem
1228 1135 1557 1203 nugantinm
1579 1135 1860 1189 hominum
1892 1136 2044 1191 labor
2068 1147 2124 1192 et
2147 1138 2298 1194 laus!

738 1221 856 1278 Non
884 1240 1016 1294 ergo
1047 1235 1105 1279 ut
1134 1226 1347 1294 magnis
1373 1225 1459 1280 his
1490 1239 1626 1280 usus
1655 1235 1760 1290 est,
1792 1227 1886 1281 sed
1919 1235 1980 1281 nt
2007 1228 2307 1285 confundat

740 1329 835 1370 eos
856 1317 949 1384 qui
973 1317 1042 1370 de
1065 1316 1265 1371 talibus
1295 1317 1636 1386 superbiant,
1665 1327 1721 1371 et
1750 1327 1809 1373 ut
1833 1318 2112 1374 lucrentur
2139 1319 2178 1373 ii
2206 1323 2306 1375 hn-

741 1405 1022 1460 militatetn
1063 1416 1120 1460 et
1148 1405 1514 1462 obedientiam
1561 1408 1708 1464 illius
1743 1409 1958 1464 moniti.
1997 1412 2133 1480 Apta
2158 1411 2304 1466 enim

741 1503 871 1548 sunt
890 1496 1074 1550 omnia
1095 1494 1290 1562 Paulo,
1312 1506 1518 1566 quanta
1543 1512 1669 1553 were
1689 1496 1746 1552 in
1768 1498 1999 1552 salutem
2023 1499 2304 1554 hominum

741 1586 1064 1647 conferunt;
1130 1588 1484 1657 quamobrem
1559 1589 1675 1644 loca
1721 1590 2051 1659 poeticorum
2109 1592 2308 1645 carmi-

743 1693 896 1741 num,
940 1688 995 1734 et
1030 1677 1232 1735 Gut-cae
1282 1680 1545 1744 historiae,
1597 1694 1704 1733 non
1744 1679 1956 1735 dubitat
2004 1679 2219 1744 all'erre,
2258 1680 2307 1737 si

741 1783 839 1838 per
872 1770 987 1825 haec
1015 1772 1319 1838 speraverit
1346 1770 1540 1826 salutis
1574 1770 1781 1824 homini
1811 1771 1954 1825 viam
1982 1770 2235 1841 dirigere.

742 1944 895 2002 CAP.
939 1945 1074 2001 XIII.
1105 1945 1272 2001 Vsus.
1313 1948 1396 1999 Il.
1440 1946 1507 2000 Et
1537 1950 1631 2001 Itoc
1674 1949 1893 2002 scientes
1926 1957 2144 2017 tempus,
2183 1950 2310 2016 quia

812 2018 942 2069 hora
985 2026 1064 2070 est
1092 2020 1204 2083 jant
1239 2032 1330 2069 nos
1371 2017 1436 2070 de
1472 2034 1655 2070 somno
1690 2034 1921 2086 surgere.
1958 2017 2114 2072 Nunc
2169 2021 2308 2074 enim

811 2087 1026 2154 propior
1059 2097 1137 2139 est
1164 2097 1348 2140 ucstra
1367 2088 1534 2152 salus,
1570 2103 1728 2156 quam
1752 2103 1869 2141 cunt
1894 2089 2178 2142 credimus.

814 2173 1016 2229 Photii.
1053 2174 1494 2232 Pmcedentibus
1522 2188 1707 2232 autem
1739 2178 1853 2234 haec
1879 2178 2134 2248 adaptata
2159 2189 2308 2243 sunt,

744 2275 801 2320 et
838 2266 907 2320 ad
957 2266 1048 2319 illa
1082 2267 1294 2336 adjecta
1339 2277 1504 2334 sunt,
1543 2271 1920 2338 ampliﬁcando
1958 2272 2220 2331 adhibita,
2257 2281 2314 2325 ct

747 2357 1179 2413 exhortationem
1203 2360 1269 2413 ad
1288 2359 1379 2412 illa
1395 2375 1518 2429 qua
1534 2360 1676 2414 dicta
1693 2371 1818 2414 sunt
1832 2361 2162 2416 exhibentia.
2176 2359 2314 2426 Qui-

747 2448 975 2502 busnam
999 2464 1130 2503 vero
1151 2464 1318 2518 supra
1347 2451 1545 2506 dictis?
1567 2449 1752 2505 Omnis
1769 2453 1946 2504 anima
1973 2452 2312 2518 potestatibus

751 2539 1147 2594 sublimioribus
1163 2540 1373 2595 subdita
1388 2540 1457 2595 sit
1477 2558 1496 2606 ε
1515 2551 1595 2596 et:
1619 2541 1834 2596 Reddite
1855 2545 2094 2598 omnibus
2111 2543 2310 2608 debita,

747 2641 798 2685 et
830 2647 948 2701 qua:
971 2643 1277 2702 sequuntur.
1298 2631 1423 2688 Hac
1445 2633 1630 2705 igitur,
1663 2634 1816 2699 dicit,
1834 2633 1995 2690 facite
2014 2636 2084 2690 ob
2103 2651 2165 2690 ea
2191 2651 2315 2705 quae

750 2721 896 2776 dicta
949 2732 1099 2788 sunt,
1126 2732 1180 2776 et
1223 2723 1294 2777 ob
1337 2723 1467 2778 illud
1504 2722 1794 2792 imprimis.
1835 2722 2010 2789 Quam
2052 2725 2124 2778 ob
2161 2726 2316 2780 rem?

750 2813 999 2871 Scientes
1026 2815 1170 2885 quod
1210 2815 1497 2884 pracisum
1519 2824 1600 2868 est
1624 2813 1746 2868 vita:
1768 2823 1969 2869 nostra
1991 2825 2225 2883 tempus.
2250 2815 2316 2871 Et

751 2912 968 2973 oportet
991 2919 1110 2968 nos,
1145 2904 1271 2958 etsi
1305 2901 1711 2956 dot-miehamus
1751 2901 1887 2954 nihil
1919 2909 2157 2971 agentes,
2191 2910 2313 2954 tan-

750 3009 914 3065 quam
941 3010 970 3048 e
996 3009 1199 3056 somno,
1236 2993 1428 3047 saltem
1470 2992 1633 3061 igitur
1657 3006 1803 3045 nunc
1833 3007 2062 3060 surgere.
2093 2990 2313 3046 Clarum

749 3097 836 3142 est
861 3087 1004 3139 enim
1044 3100 1143 3138 nos
1175 3098 1322 3138 nunc
1351 3083 1525 3152 magis
1559 3083 1614 3136 in
1645 3081 1751 3136 line
1784 3095 1907 3136 esse
1935 3091 2133 3136 nostra:
2169 3082 2312 3146 vitae,

749 3189 909 3243 quam
940 3189 1056 3224 cum
1085 3171 1429 3224 credidimus.

750 3264 902 3320 CAP.
932 3262 1072 3318 XIV.
1112 3261 1277 3316 Vtzns.
1317 3261 1369 3314 5.
1406 3259 1550 3313 Nam
1589 3260 1730 3313 alius
1758 3259 1970 3326 judicat
2006 3260 2144 3313 diem
2184 3261 2321 3314 inter

822 3336 1000 3394 diem;
1053 3331 1192 3385 alius
1242 3342 1418 3383 autem
1452 3331 1663 3398 jndicat
1691 3345 1893 3383 onmem
1924 3332 2060 3382 diem
2100 3344 2119 3382 :
2149 3346 2314 3383 unus-

817 3405 1036 3472 quisque
1069 3403 1125 3453 in
1161 3416 1257 3454 suo
1295 3415 1450 3453 sensu
1477 3398 1725 3453 abundet.

822 3488 1028 3543 l’ltotii.
1057 3486 1124 3540 Et
1161 3488 1205 3541 si
1242 3487 1406 3557 igitur
1432 3486 1631 3554 aliquis
1666 3485 1860 3539 diebus
1899 3484 2124 3541 alternis
2165 3501 2320 3540 man-

751 3581 937 3642 ducat,
973 3580 1064 3633 hic
1091 3590 1277 3633 autem
1310 3579 1545 3645 singulis
1590 3577 1784 3631 diebus
1814 3591 1920 3631 non
1955 3577 2116 3633 debet
2140 3578 2206 3632 de
2234 3578 2321 3633 his

747 3672 1003 3741 judicare
1021 3672 1453 3726 etcondenmare
1472 3669 1702 3722 invicem
1740 3668 1886 3722 hunc
1905 3669 1996 3738 qui
2035 3685 2143 3722 non
2168 3684 2322 3724 man-

751 3765 938 3818 ducat.
972 3761 1190 3833 chnnat
1228 3763 1373 3817 enim
1416 3763 1696 3831 proximus
1755 3771 1810 3816 et
1849 3763 2049 3816 bonum
2087 3760 2238 3827 facit,
2275 3762 2321 3816 si

753 3863 972 3924 propter
995 3853 1163 3908 Deum
1190 3854 1295 3908 hoc
1319 3852 1472 3908 facit.
1502 3852 1688 3922 Neque
1711 3853 1950 3909 vicissim
1981 3853 2318 3922 jejunantem

751 3955 967 4015 oportet
1004 3947 1367 4001 condemnare
1396 3961 1506 4001 non
1566 3947 1906 4015 jejunantem
1943 3945 2171 4013 singulis
2201 3945 2321 3998 die-

757 4037 882 4092 bus.
910 4035 1030 4090 Non
1057 4037 1203 4091 enim
1225 4039 1477 4106 praecepti
1498 4048 1602 4100 est,
1625 4037 1698 4090 ita
1720 4045 1780 4090 ut
1807 4036 2029 4089 violatio
2054 4035 2319 4104 judicium

753 4136 1030 4190 causetur,
1055 4127 1148 4182 sed
1180 4128 1362 4181 libera:
1397 4127 1693 4181 voluntatis
1722 4136 1826 4180 est.
1871 4123 1975 4178 Sed
2034 4128 2320 4194 ulcusquis-

752 4231 854 4285 que
885 4216 1170 4270 secundum
1205 4217 1482 4286 proprium
1506 4231 1718 4270 sensum
1750 4214 2012 4281 abundet;
2037 4216 2151 4270 sive
2175 4216 2319 4285 quod

753 4304 894 4361 bene
937 4304 1064 4360 facit
1115 4323 1331 4376 semper
1367 4307 1645 4376 jejunans,
1695 4308 1809 4362 sive
1851 4309 1992 4377 quod
2031 4323 2140 4363 non
2189 4313 2324 4365 bene

751 4394 884 4451 facit
912 4412 1016 4450 non
1051 4412 1266 4468 semper
1284 4398 1562 4466 jejunans.

935 4485 1099 4544 Vens.
1128 4491 1180 4544 6.
1216 4487 1321 4552 Qui
1355 4492 1494 4558 sapit
1524 4491 1685 4556 diem,
1722 4489 1944 4546 Domino
1975 4494 2137 4561 sapit.

822 4575 1024 4633 Photii.
1062 4580 1119 4634 Si
1153 4597 1282 4635 vero
1310 4581 1378 4636 de
1417 4581 1626 4650 jejunio
1666 4591 1839 4636 totum
1883 4583 1984 4638 hoc
2025 4583 2322 4654 intelligere

754 4668 856 4733 vis,
889 4669 963 4722 ita
1005 4685 1250 4725 censeas.
1296 4669 1400 4736 Qui
1436 4671 1645 4740 judicat
1683 4681 1738 4725 et
1780 4672 2076 4727 arbitratur
2118 4675 2319 4728 bonum

753 4776 873 4816 esse
918 4761 1145 4830 singulis
1191 4762 1384 4818 diebus
1419 4765 1770 4832 manducare,
1808 4765 2032 4818 Domino
2075 4768 2238 4835 sapit,
2270 4768 2321 4821 id

753 4863 857 4917 «εει,
899 4854 954 4907 in
985 4853 1216 4908 Domino
1250 4857 1354 4908 hoc
1387 4857 1706 4922 arbitratur,
1759 4857 1862 4910 hoc
1906 4860 2051 4911 enim
2103 4868 2325 4928 propter

754 4942 1043 4999 Dominum
1074 4946 1224 5001 facit.
1255 4946 1358 5012 Qui
1393 4957 1576 5002 autem
1605 4962 1713 5001 non
1759 4947 1864 5003 hoc
1886 4949 2116 5018 judicat,
2149 4965 2326 5021 neque

753 5036 1072 5100 arbitratur,
1106 5037 1309 5091 bonum
1335 5053 1456 5093 esse
1480 5039 1709 5109 singulis
1747 5040 1938 5094 diebus
1969 5042 2321 5104 manducarc,

752 5137 972 5198 prapter
1007 5130 1298 5184 Dominum
1330 5131 1542 5200 judicat
1565 5133 1692 5187 illud
1718 5133 1916 5187 bonum
1948 5151 2067 5190 esse
2097 5145 2150 5189 et
2185 5137 2326 5190 arbio

754 5228 943 5273 tratnr.
959 5219 1136 5274 Causa
1161 5221 1305 5274 enim
1326 5233 1453 5276 sunt
1473 5221 1549 5275 illi
1567 5238 1686 5290 qua:
1708 5240 1830 5277 mox
1848 5226 1986 5278 dixit
2003 5228 2118 5293 ejus
2141 5227 2285 5282 verbi
2308 5246 2319 5280 :

755 5329 772 5360 ι
801 5308 1166 5380 Unusquisque
1183 5314 1238 5364 in
1256 5329 1350 5366 suo
1373 5331 1528 5367 sensu
1554 5314 2124 5382 abundet.iQu0tnodo
2144 5329 2322 5374 autem

749 5403 891 5457 istud
913 5404 1081 5458 dicis?
1113 5404 1275 5457 Paule
1297 5406 1319 5457 ’ἒ
1338 5415 1478 5460 recte
1496 5406 1631 5470 dixi,
1651 5407 1842 5477 inquit,
1868 5411 2124 5477 quoniam
2157 5422 2211 5466 et
2231 5414 2322 5481 qui

744 5496 953 5565 jejunat
973 5496 1204 5566 singulis
1223 5497 1440 5564 diebus,
1461 5507 1514 5554 et
1533 5500 1626 5568 qtti
1650 5503 1941 5556 manducat
1966 5504 2196 5574 singulis
2221 5505 2328 5560 dic-

747 5586 850 5640 bns
876 5587 928 5640 in
956 5588 1186 5657 gratiam
1228 5588 1442 5642 Domini
1496 5591 1601 5644 hoc
1623 5590 1856 5646 Iaciunt.
1898 5590 2082 5662 Neque
2116 5605 2328 5664 oportet

744 5677 1037 5730 admodum
1058 5679 1304 5746 judicare
1348 5680 1576 5734 invicem
1602 5681 1655 5735 in
1698 5683 1824 5736 isto.
1866 5681 2066 5738 Deinde
2103 5700 2324 5741 causam

747 5769 947 5833 innuit,
970 5779 1022 5824 ct
1042 5770 1189 5835 dicit,
1213 5772 1412 5825 ctenim
1437 5773 1530 5841 qui
1554 5775 1844 5828 manducat
1863 5777 2068 5845 gratias
2092 5778 2199 5848 agit
2220 5777 2328 5833 Deo

2403 592 2597 662 χρῆσις
2624 589 2775 660 παρά
2793 587 2870 658 τῷ
2892 589 3177 659 θαυμασίῳ
3225 589 3442 658 Παύλῳ.
3477 590 3584 642 Καὶ
3643 590 3725 658 μὴ
3762 589 3977 657 θαυμά-

2402 697 2502 752 σῃς
2536 682 2585 732 εἰ
2613 678 2830 749 ἀμαθὴς
2859 678 2934 730 ὢν
2966 677 3192 739 τούτων,
3221 677 3486 747 ἐκέχρητο
3509 677 3743 740 τούτοις.
3782 677 3846 729 Ἦ
3868 679 3980 748 γὰρ

2401 773 2559 840 χάρις
2581 772 2616 841 ἡ
2638 770 2708 822 ca
2734 771 2906 841 μείζω
2935 769 3270 839 χορηγοῦσα,
3299 769 3525 822 καὶτῶν
3553 769 3794 823 εὐτελῶν
3841 771 3976 822 πολ-

2400 863 2555 924 λάκις
2592 860 2821 931 παρέχει
2842 861 2943 930 τὴν
2977 861 3197 928 γνῶσιν,
3238 859 3337 931 οὐχ
3362 859 3438 922 ὡς
3463 860 3720 929 μεγάλων
3764 861 3978 915 τούτων

2401 952 2774 1024 ὑπαρχόντων.
2799 953 2867 1006 Τί
2891 953 3000 1022 γὰρ
3029 951 3096 1006 ἂν
3122 953 3215 1005 καὶ
3239 952 3324 1022 ειη
3356 952 3486 1022 mpl
3517 951 3694 1019 λέξεις
3715 954 3818 1006 καὶ
3847 954 3975 1004 συλ-

2402 1046 2573 1108 λαϐὰς
2605 1044 2703 1099 καὶ
2750 1045 2848 1114 τὴν
2887 1043 3092 1097 τούτων
3140 1043 3414 1112 συνθήκην
3463 1028 3980 1116 μικρολὸχουμᾷων

2401 1135 2703 1207 ἀνθρώπων
2736 1135 2897 1197 πόνος
2923 1134 3017 1186 καὶ
3044 1134 3283 1203 ὀνόματα
3310 1149 3328 1198 ;
3379 1131 3589 1186 Οὔκουν
3632 1133 3714 1195 ὡς
3767 1134 3979 1203 μεγάλα

2400 1227 2544 1279 τισὶν
2590 1227 2860 1296 ἐκέχρητο
2903 1222 3134 1286 τούτοις,
3183 1221 3298 1275 ἀλλ’
3337 1223 3416 1282 είς
3477 1222 3539 1274 τὸ
3585 1221 3978 1290 καταισχύνειν

2402 1317 2526 1380 τοὺς
2559 1315 2653 1370 tul
2698 1318 2809 1378 τοῖς
2851 1313 3110 1375 τοιούτοις
3158 1312 3301 1382 μέγα
3333 1309 3687 1382 φρονοῦντας,
3720 1311 3819 1362 καὶ
3848 1326 3982 1377 κερ-

2402 1410 2559 1479 δῆσαι
2583 1408 2779 1470 αὐτοὺς
2799 1408 2881 1469 είς
2911 1402 3409 1474 ταπεινοφροσύνην
3442 1403 3538 1456 καὶ
3590 1402 3850 1469 ὑπακοὴν
3882 1401 3981 1470 τῆς

2404 1497 2569 1552 αὑτοῦ
2595 1497 2891 1559 νουθεσίας.
2916 1499 3119 1550 ’Λοκνα
3140 1495 3251 1565 γὰρ
3276 1494 3521 1565 ύπῆρχεν
3547 1495 3766 1548 ἃπαντα
3785 1491 3983 1564 Παύλῳ

2404 1589 2504 1642 63a
2553 1591 2825 1660 σωτηρίαν
2871 1587 3182 1660 ἀνθρώποις
3227 1586 3423 1656 ιφερεν
3468 1585 3710 1654 ἀληθῶς.
3742 1585 3840 1638 Διδ
3891 1589 3983 1637 καὶ

2407 1683 2630 1753 χρήτεις
2672 1680 2969 1753 ποιητικῶν
3021 1680 3242 1750 στίχων,
3300 1678 3395 1731 καὶ
3440 1679 3688 1749 ἱστορίας
3740 1676 3983 1747 Ἐλληνι-

2409 1774 2532 1843 κζις,
2561 1773 2661 1827 οὐκ
2710 1773 2860 1826 ὀκνεῖ
2917 1770 3328 1843 προσκομίζειν,
3385 1769 3452 1824 ἀν
3503 1770 3598 1823 καὶ
3622 1768 3720 1822 διά
3775 1769 3983 1822 τούτων

2339 1847 2383 1902 Β
2412 1838 2604 1934 {inim
2639 1863 2913 1934 σωτηρίαν
2936 1838 3278 1932 κατορόῶσαι
3307 1858 3597 1930 ἀνθρὼπιει.

2413 1955 2522 2008 Kal
2580 1953 2775 2014 τοῦτο,
2813 1951 3032 2016 εἰδότες
3079 1950 3190 2005 τὸν
3234 1951 3463 2017 καιρὸν,
3496 1950 3588 2004 ὅτι
3635 1949 3762 2018 ὥρα
3825 1949 3983 2018 ἡμᾶς

2480 2023 2600 2101 ἤδη
2633 2023 2714 2101 ἐξ.
2745 2023 2941 2075 ὕπνου
2961 2019 3302 2101 ,ἐγςριζῆνιξι
3335 2034 3349 2047 '
3375 2019 3502 2101 νῦν,
3530 2019 3642 2088 τὰρ
3659 2020 3983 2088 ἐττὺτερω·

2481 2089 2648 2162 ἡμῶν
2683 2094 2722 2160 ἡ
2751 2089 3039 2158 σωτηρία,
3064 2091 3102 2157 ἢ
3136 2089 3235 2143 ὅτε
3262 2089 3731 2157 ἐπιστεύσαμεν.

2482 2182 2726 2235 Melon.
2752 2180 2876 2243 Τοῖς
2900 2181 3013 2234 ἀνω
3038 2179 3096 2232 δὲ
3125 2177 3295 2232 ταῦτα
3329 2180 3687 2248 συνήρτηται,
3717 2180 3819 2231 καὶ
3850 2180 3982 2247 πρὸς

2413 2275 2595 2326 ἐκεῖνα
2622 2271 2948 2326 ἀποδίδοται.
2988 2270 3268 2334 Ἐπίτασις
3310 2271 3510 2340 μᾶλλον
3535 2270 3690 2334 ὄντα,
3728 2271 3828 2322 καὶ
3854 2287 3983 2340 προ-

2412 2364 2620 2432 τροπὴν
2649 2362 2757 2433 τῷν
2775 2361 3080 2432 εἰρημένων
3123 2360 3478 2430 ἐμφαίνοντα.
3506 2359 3691 2422 Ποίοις
3742 2359 3805 2411 δέ
3831 2361 3942 2413 ἀνω
3967 2377 3980 2415 ;

2413 2450 2587 2508 Πᾶσα
2645 2451 2818 2520 ψυχὴ
2868 2450 3175 2515 ἐξουσίαις
3227 2449 3662 2517 ὑπερεχούσαις
3716 2450 3983 2502 rixatur-

2413 2542 2631 2607 σέσοω,
2661 2544 2774 2606 καὶ,
2820 2541 3097 2596 Ἀπόδοτε
3133 2539 3285 2596 πᾶσι
3328 2539 3435 2604 τὰς
3456 2541 3727 2608 ὀφειλάς,
3770 2542 3871 2593 καὶ
3917 2542 3983 2591 τὰ

2415 2631 2560 2703 ἑξῆς.
2593 2631 2780 2687 Ταῦτα
2795 2631 2912 2698 οὖν,
2946 2633 3102 2702 φησὶ,
3127 2632 3330 2685 ποιεῖτε
3358 2630 3445 2684 διὰ
3470 2631 3539 2683 τά
3577 2631 3980 2701 προειρημένα,

2416 2723 2510 2776 καὶ
2530 2721 2619 2774 διὰ
2653 2719 2814 2774 τοῦτο
2865 2719 3114 2791 μάλιστα.
3143 2719 3244 2772 Διά
3286 2721 3467 2786 misy;
3497 2719 3716 2782 sum;
3743 2722 3830 2772 ὅτι
3860 2737 3981 2772 συν.

2414 2813 2678 2884 τέτμηται
2706 2811 2806 2882 τῆς
2835 2811 2978 2881 ζωῆς
3005 2812 3160 2882 ἡμῶν
3185 2812 3215 2863 6
3244 2811 3454 2883 χρόνος.
3483 2812 3592 2864 Καὶ
3617 2812 3705 2864 δεῖ
3724 2814 3902 2880 ἡμας,
3936 2815 3980 2882 ei

2414 2909 2514 2961 καὶ
2554 2906 2915 2975 ἐκαθεύδομεν
2948 2905 3114 2974 μηδὲν
3171 2905 3518 2973 πράττοντες,
3547 2903 3622 2965 ὡς
3657 2903 3731 2967 ἐξ
3765 2905 3980 2966 ὕπνου,

2414 2999 2520 3053 κάν
2537 2998 2667 3064 γοῦν
2686 2996 2801 3060 νῦν,
2820 2994 3152 3065 ἐγερθῆναι.
3175 2995 3410 3064 Φανερὸν
3431 2995 3539 3065 γὰρ
3560 2996 3642 3048 ὅτι
3662 2995 3760 3048 νῦν
3791 2998 3983 3064 μᾶλλον

2419 3089 2552 3158 πρὸς
2579 3088 2656 3158 τῷ
2675 3087 2817 3141 τίλει
2851 3087 3018 3156 ἆσμὲν
3045 3084 3144 3156 τῆς
3165 3085 3308 3154 ζωῆς
3321 3087 3497 3156 ⁴ἡμῶν,
3520 3087 3554 3156 ἢ
3583 3086 3686 3140 ὅτε
3703 3089 3978 3141 63:37:6-

2339 3173 2385 3230 C
2417 3195 2630 3249 σαμεν.

3889 3275 3983 3324 ἴνει

2426 3272 2531 3335 ’ος
2549 3271 2666 3338 μὲν
2695 3269 2884 3340 κρίνει
2913 3268 3142 3336 ἡμέραν
3167 3271 3303 3338 παρ’
3345 3268 3592 3340 ἡμέραν,
3613 3269 3687 3335 ὃς
3705 3269 3778 3322 es
3805 3276 3892 3340 ιρὶ

2492 3341 2700 3393 πᾶσαν
2741 3339 2986 3407 ἡμέραν.
3033 3340 3334 3404 Ἕκαστος
3363 3339 3443 3403 τῷ
3486 3339 3614 3406 ἰδίῳ
3639 3341 3742 3392 νοτ
3765 3349 3983 3410 πληθυ-

2487 3411 2804 3477 φορείσθω-

2491 3502 2736 3554 ﬁction.
2769 3499 2881 3553 Καὶ
2906 3501 2956 3553 εἰ
2983 3500 3094 3570 ἀρα
3121 3503 3150 3553 6
3186 3505 3285 3570 μιν
3317 3518 3399 3563 τις
3431 3501 3646 3573 ἡμέραν
3686 3505 3824 3574 παρ’
3853 3506 3985 3574 ημὲ·

2423 3609 2521 3661 ραν
2569 3591 2771 3645 ἐσθίειο
2825 3591 2856 3643 ὀ
2900 3592 3098 3645 δὲκαθ’
3151 3592 3383 3660 ἡμέραν,
3417 3593 3478 3644 οὐ
3527 3592 3609 3645 δεῖ
3651 3594 3748 3646 ἐπὶ
3782 3597 3984 3648 τούτων

2423 3684 2629 3752 κρίνειν
2649 3684 2743 3737 καὶ
2765 3685 3116 3752 κατακρίνειν
3147 3683 3430 3752 ἀλλήλους,
3453 3683 3576 3737 οὔτε
3595 3686 3695 3738 τὸν
3717 3688 3982 3742 ἐσθίοντα.

2423 3775 2692 3844 Νηστεύει
2743 3775 2850 3845 γὰρ
2895 3776 2925 3826 6
2979 3774 3203 3844 πλησίον
3261 3777 3354 3827 καὶ
3384 3777 3585 3843 ἀγαθὸν
3613 3781 3784 3840 ποιεῖ,
3823 3779 3985 3830 ποιῶν

2421 3865 2552 3917 αὐτο
2591 3865 2680 3917 διὰ
2716 3865 2807 3917 τὸν
2850 3865 3003 3918 Θεόν.
3053 3865 3191 3918 υῦτε
3234 3866 3396 3920 πάλιν
3427 3868 3518 3920 τδν
3551 3869 3889 3937 νηστεύοντα
3911 3870 3986 3922 δεῖ

2424 3955 2775 4025 κατακρίνειν
2833 3957 2924 4010 τδν
2969 3958 3043 4028 μὴ
3097 3957 3427 4026 νηστεύοντα
3471 3960 3602 4028 παρ’
3635 3961 3874 4029 ἡμέραν.
3913 3963 3983 4014 Οὐ

2421 4048 2531 4116 γὰρ
2580 4047 2898 4114 νομοθεσίας
2967 4050 3135 4110 εστὶν,
3180 4048 3268 4100 ἵνα
3314 4051 3348 4118 ἡ
3387 4049 3704 4119 παράϐασις
3756 4051 3984 4120 προξενῇ

2422 4142 2617 4208 κρῖμα,
2665 4139 2799 4192 ἀλλὰ
2857 4140 3023 4208 μόνης
3068 4141 3458 4210 προαιρέσεως,
3523 4143 3678 4195 Ἀλλ’
3732 4143 3985 4205 ἕκαστος

2423 4232 2570 4284 κατὰ
2624 4232 2730 4283 τὸν
2786 4230 2958 4283 tritor
3027 4230 3180 4284 γοῦν
3237 4235 3766 4301 πληροφορείσθω·
3827 4237 3860 4303 ἢ
3910 4237 3985 4287 ὅτι

2424 4321 2608 4384 καλῶς
2645 4324 2789 4374 ποιεῖ
2825 4323 3100 4392 νηστεύων
3125 4324 3211 4376 ἀεί
3232 4341 3248 4356 ο
3277 4324 3310 4393 ἢ
3343 4325 3428 4377 ὅτι
3456 4325 3518 4377 ού
3576 4325 3762 4390 καλῶς
3791 4327 3869 4396 μὴ
3897 4345 3986 4378 ντί-

2426 4413 2630 4465 στεύων
2659 4414 2767 4468 ἀεί.

2580 4503 2642 4555 '0
2670 4501 2910 4571 φρονῶν
2950 4502 3064 4570 τὴν
3097 4504 3349 4571 ἡμέραν,
3397 4506 3592 4572 Κυρίῳ
3619 4507 3856 4572 φρονεῖ.

2494 4597 2740 4650 Φωτίου.
2770 4596 2834 4650 Εί
2889 4596 2948 4648 δὲ
3001 4598 3133 4667 περὶ
3183 4598 3437 4664 νηστείας
3485 4598 3546 4649 τὸ
3576 4599 3688 4650 πᾶν
3733 4599 3986 4651 ἐκλαϐεῖν

2427 4684 2626 4753 βούλει,
2671 4686 2815 4739 οὕτω
2846 4688 3057 4757 νόησονο
3101 4688 3161 4737 '0
3209 4688 3410 4758 κρίνων
3471 4690 3566 4740 καὶ
3633 4688 3982 4757 λογιζόμενος

2426 4777 2586 4829 καλὸν
2612 4772 2750 4830 εἶναι
2783 4777 2904 4831 καθ’
2959 4778 3169 4849 ἡμέραν
3198 4783 3412 4849 φαγεῖν,
3438 4779 3515 4850 τῷ
3545 4782 3734 4851 Κυρίῳ
3766 4784 3955 4850 φρονεῖ
3973 4799 3987 4811 ·

2423 4868 2720 4930 τουτέστιν,
2746 4869 2805 4922 ἐν
2838 4869 3029 4938 Κυρίῳ
3055 4869 3212 4924 τοῦτο
3243 4871 3536 4938 λογίζεται.
3567 4871 3736 4926 Τοῦτο
3765 4877 3882 4946 γὰρ
3906 4878 3986 4929 διὰ

2423 4960 2515 5011 τὸν
2575 4959 2775 5029 Κύριον
2821 4963 2983 5014 ποιεῖ.
3037 4963 3146 5016 Καὶ
3191 4965 3220 5016 ὁ
3254 4963 3331 5034 μὴ
3381 4965 3580 5035 κρίνων
3616 4966 3803 5029 τοῦτο,
3865 4970 3990 5036 μηδὲ

2425 5048 2790 5118 λογιζόμενος,
2844 5052 2927 5104 ὅτι
2971 5052 3136 5105 καλόν
3187 5053 3301 5106 ἐστι
3337 5055 3459 5107 καθ’
3505 5057 3715 5126 ἡμέραν
3777 5063 3987 5126 φαγεῖν,

2424 5140 2512 5193 διὰ
2559 5141 2649 5193 τὸν
2700 5141 2903 5211 Κύριον
2964 5144 3139 5212 κρίνει
3185 5144 3344 5197 τοῦτο
3399 5147 3558 5199 καλὸν
3593 5145 3757 5208 εἶναι.
3793 5153 3990 5204 καὶὶοο

2427 5231 2660 5296 γίςεται.
2695 5233 2856 5287 Λῖτια
2882 5234 2991 5303 γάρ
3025 5236 3143 5287 ἐστι
3191 5235 3363 5288 ταῦτα
3404 5238 3472 5290 τὰ
3522 5240 3792 5308 εἰρημένα
3857 5241 3988 5307 αὐτῴ

2428 5321 2847 5389 τοῦ,Ἕκαστος
2868 5325 2938 5378 ἐν
2969 5325 3047 5391 τῷ
3071 5325 3195 5387 ἰδίῳ
3215 5328 3310 5380 rat
3339 5332 3862 5398 πληροφορείσθω.
3887 5333 3990 5391 Ηὲθς

2427 5413 2483 5467 δὲ
2513 5414 2688 5481 λέγεις
2712 5414 2889 5479 τοῦτο,
2914 5417 3122 5482 ﬂanks;
3158 5417 3350 5482 Καλῶς
3371 5414 3542 5483 εἷπον,
3576 5422 3764 5488 φησίν.
3788 5423 3989 5485 Ἐπειδὴ

2430 5506 2524 5556 καὶ
2571 5506 2600 5556 6
2655 5507 2932 5576 νηστεύων
2979 5507 3117 5577 ὑπὲρ
3164 5509 3402 5577 ἡμέραν,
3434 5511 3528 5563 καὶ
3564 5511 3593 5561 6
3645 5510 3854 5563 ἐσθίων
3886 5513 3991 5563 καίϊ

2431 5597 2663 5667 ἡμέραν,
2716 5599 2796 5664 εἰς
2842 5598 3134 5667 ἀρέσκειαν
3179 5600 3383 5670 Κυρίου
3429 5600 3587 5654 τοῦτο
3621 5601 3866 5654 ποιοῦσι.
3901 5604 3991 5655 Καὶ

2428 5689 2492 5740 ού
2548 5689 2631 5741 δεῖ
2687 5689 2889 5760 κρίνειν
2935 5691 3073 5754 ὅλως
3135 5692 3402 5761 ἀλλήλους
3460 5693 3553 5746 ἰπὶ
3610 5693 3816 5764 τούτῳ.
3875 5693 3988 5747 Εἶτα

2432 5779 2692 5857 ἐπιτείνει
2736 5782 2834 5851 τὴν
2877 5782 3078 5849 αἰτίαν,
3113 5783 3204 5836 καί
3234 5799 3418 5853 φησιν.
3451 5783 3561 5836 Καὶ
3584 5782 3695 5853 γὰρ
3743 5783 3778 5835 6
3809 5783 3986 5836 ἐσθίων
