4156 6438
238 429 373 494 1253

1079 427 1541 488 FRAGMENTA
1572 426 1653 485 IN
1700 424 2124 483 EPISTOLAM
2162 423 2263 482 AD
2300 422 2691 484 HEBR/EOS.

3337 421 3472 487 1954

236 540 547 611 εὐχαριστεῖ
605 540 684 612 τῷ
742 542 862 613 Θεῷ
912 546 971 596 ὲν
1046 544 1125 612 τῷ
1194 543 1417 597 ἐσθιειν.
1484 542 1605 595 Ὀτι
1665 540 1850 599 ἔδω-,ι

1908 537 2436 605 manducandoquod
2454 533 2929 590 deditlmminibus
2962 534 3170 586 viamct
3200 531 3438 585 suiiicicn
3460 563 3472 571 -

235 641 331 678 κεν
385 625 693 698 ἀνθρώποις
747 630 915 699 πόρον
970 631 1065 684 καὶ
1119 631 1396 701 συνέχειαν
1434 630 1601 698 ζωῆς.
1631 629 1740 681 Καὶ
1772 631 1802 682 ό

234 714 509 783 νηστεύων
554 719 886 789 εὐχαριστεῖ,
914 722 995 775 ὅτι
1021 721 1219 775 ἔδωκεν
1258 720 1566 793 ἀνθρώποις
1603 736 1799 791 καρτε-

239 805 361 876 ριας
385 808 482 859 καὶ
516 808 796 878 μεθόδους,
844 811 911 863 δι’
939 805 1014 866 ὧν
1043 830 1125 875 τις
1154 812 1375 866 δύναται
1420 810 1802 882 περιγενέσθαι

235 894 348 949 τῶν
396 900 497 968 τῆς
555 899 759 969 σαρκὸς
816 902 1027 957 παθῶν.
1070 902 1131 958 Ὀ
1161 904 1218 956 δὲ
1254 903 1431 965 άλλως
1464 902 1739 972 νηστεύων
1764 903 1800 973 ἢ

235 988 454 1054 έσθίων,
504 990 859 1063 κατάκριτος,
921 993 1111 1067 ὥσπερ
1152 995 1262 1049 τῶν
1305 995 1603 1065 αῑμτικῶν
1631 1012 1800 1059 τινες.

238 1078 425 1134 Ταῦτα
472 1077 564 1136 οὖν
613 1085 744 1155 περὶ
792 1085 904 1139 τῶν
959 1088 1323 1156 νηστευόντων
1373 1086 1469 1141 καὶ
1517 1086 1805 1141 ἐσθιόντων

244 1168 425 1233 tamn;
477 1172 797 1242 έκληπτέον,
849 1175 987 1231 ἀλλὰ
1027 1177 1103 1248 μὴ
1130 1178 1260 1248 περὶ
1302 1177 1481 1234 ἄλλων
1512 1179 1693 1232 τινῶν.
1724 1178 1804 1233 Οὐ

237 1252 348 1328 γὰρ
377 1261 471 1312 ἐπὶ
497 1260 706 1326 πάντας
732 1266 761 1318 ό
789 1264 970 1319 κανὼν
1001 1260 1157 1330 οὗτος
1184 1268 1384 1338 διήκει.
1417 1268 1512 1321 Διδ
1560 1268 1683 1323 οὐδὲ
1712 1268 1807 1323 έπὶ
1842 1279 1848 1284 ’

237 1347 334 1401 τοῦ
370 1350 477 1419 πρὸ
503 1353 701 1423 μικροῦ
728 1355 1016 1426 εἰρημένου
1048 1346 1348 1427 κεφαλαεού
1379 1360 1633 1433 ἁρμόζει.
1680 1356 1807 1417 οἷον

240 1440 334 1492 ἐπὶ
381 1440 475 1495 τοῦ
522 1444 583 1496 έν
626 1447 741 1509 τοῖς
792 1446 1045 1518 βρώμασι
1092 1449 1526 1522 διακρινομένου.
1551 1452 1665 1507 Καὶ
1698 1452 1807 1525 γὰρ

239 1532 445 1596 ἐκεῖνος
466 1532 543 1606 μὴ
570 1535 786 1604 έσθιων,
806 1539 907 1593 οὐκ
929 1541 1012 1604 εις
1038 1540 1195 1607 δόξαν
1213 1543 1315 1597 οὐκ
1339 1542 1513 1598 έσθιει
1531 1543 1628 1599 τοῦ
1647 1543 1807 1612 Θεοῦ,

241 1619 358 1673 ἀλλ’
380 1620 459 1685 ὡς
488 1624 816 1695 άστήρικτος
843 1628 903 1681 ὲν
929 1630 995 1699 τῇ
1022 1630 1225 1686 πίστει.
1278 1631 1420 1686 Ἀλλ’
1455 1633 1670 1686 έκεῐνον
1705 1632 1808 1704 μέν

241 1712 302 1763 οὐ
358 1713 442 1765 δεῖ
497 1716 849 1786 κατακρίνειν
893 1720 985 1773 διὰ
1010 1721 1104 1774 τὸν
1136 1721 1363 1793 καιρόν·
1394 1724 1481 1778 ὅτι
1533 1724 1681 1796 ἀρχὴ
1710 1723 1808 1778 τοῦ

242 1803 599 1873 κηρύγματος
653 1800 744 1876 ἦν.
799 1807 903 1861 Τδν
951 1810 1009 1864 δὲ
1062 1812 1311 1867 ἐσθίοντα
1351 1814 1675 1886 καθημέραν
1713 1814 1808 1869 καὶ

243 1872 572 1961 νηστεύοντα
603 1872 744 1965 ὑπέρ
774 1898 1011 1969 ἡμέραν,
1046 1900 1109 1955 ού
1135 1902 1219 1955 δεῖ
1248 1903 1385 1968 ὅλως
1405 1872 1686 1976 οὐέέτέρον
1714 1904 1807 1959 ού·
1839 1872 1886 1929 D

240 1981 444 2055 δετέρῳ
477 1986 689 2057 μέμψιν
743 1990 1007 2058 έπάγειν’
1059 1993 1143 2047 ὅτι
1182 1995 1276 2048 καὶ
1317 1994 1486 2065 άμφω
1524 1997 1607 2060 εις
1649 1995 1810 2061 δόξαν

247 2072 454 2143 Κυρίου
491 2077 737 2130 ποιοῦσιν
778 2080 915 2152 ὅπερ
951 2084 1215 2140 ποιοῦσιν.
1249 2085 1463 2153 Οὐδεὶς
1490 2088 1603 2157 τὰρ
1640 2087 1811 2157 ἡμῶν

240 2162 432 2230 ἑαυτῷ
462 2165 551 2235 ζῇ.
579 2170 678 2223 καὶ
696 2171 894 2239 οὐδεὶς
920 2174 1111 2240 ἑαυτῷ
1141 2176 1535 2247 ἀποθνήσκει.
1574 2179 1719 2235 Ἐάν
1747 2197 1812 2235 τε

240 2256 353 2323 γὰρ
381 2254 587 2325 ὦμεν.
623 2259 702 2325 τῷ
728 2265 921 2331 Κυρίῳ
950 2264 1154 2333 ζῶμεν,
1184 2266 1295 2323 ὲάν
1319 2284 1385 2322 te
1419 2269 1812 2339 ἀποθνήσκω-

236 2361 373 2413 μεν,
408 2346 490 2413 τῷ
538 2352 734 2419 Κυρίῳ
764 2354 1252 2427 ἀποθνήσκομεν.
1300 2356 1442 2414 Ἐἀν
1505 2376 1569 2415 τε
1600 2360 1806 2430 ζῶμεν.

240 2434 351 2489 ἐάν
386 2455 452 2492 te
474 2440 967 2515 ἀποθνήσκωμεν,
1044 2448 1153 2503 τοῦ
1188 2452 1408 2519 Κυρίου
1453 2451 1661 2521 ἐσμέν.
1706 2454 1813 2517 Εις

1902 626 2033 680 tiam
2077 624 2223 679 vita.
2267 623 2335 678 Et
2370 623 2462 690 qui
2489 622 2705 691 jejunat
2730 624 2930 691 gratias
2971 621 3100 689 agit,
3143 618 3289 688 quod
3329 619 3473 673 dedit

1905 715 2220 770 hominibus
2262 715 2429 769 robur
2463 722 2518 768 et
2564 712 2765 777 media,
2807 713 3009 783 quibus
3052 709 3255 780 aliquis
3298 711 3470 779 possit

1903 807 2083 860 carnis
2116 806 2398 876 passiones
2419 819 2698 873 superare.
2732 802 2837 870 Qui
2868 812 3049 857 autem
3086 799 3304 855 aliunde
3326 799 3472 869 jeju-

1906 904 2121 953 nataut
2153 899 2249 967 qui
2293 899 2584 955 manducat
2611 899 3028 961 condemnatus,
3068 895 3211 950 sicut
3252 892 3473 963 quidam

1903 987 2143 1043 haretici
2171 986 2381 1053 dicunt,
2412 988 2529 1044 liam
2552 990 2716 1059 igitur
2744 988 2812 1043 de
2829 986 3207 1057 jejunantibus
3234 993 3291 1039 ct
3312 997 3471 1036 man-

1903 1079 2229 1135 ducantibus
2265 1080 2488 1150 proprie
2529 1095 2638 1135 non
2681 1078 3026 1148 intelligenda
3076 1084 3231 1138 sunt,
3276 1072 3372 1129 sed
3410 1072 3476 1126 dc

1904 1169 2232 1240 quibusdam
2270 1170 2431 1238 aliis;
2475 1185 2584 1226 non
2634 1170 2779 1226 enim
2826 1170 2880 1224 in
2914 1182 3107 1224 omnes
3137 1165 3322 1235 regula
3372 1164 3478 1219 ista

1904 1261 2240 1319 extenditur.
2278 1261 2404 1318 Ideo
2430 1262 2567 1316 nihil
2599 1262 2655 1315 in
2680 1276 2745 1316 eo
2768 1259 2913 1332 quod
2936 1260 3098 1330 paulo
3122 1266 3251 1313 ante
3271 1257 3477 1312 dictum

1905 1363 1989 1411 est
2040 1355 2218 1425 capite
2268 1355 2542 1419 convenit,
2606 1354 2884 1423 quomodo
2934 1352 2992 1407 in
3042 1352 3137 1405 illo
3201 1348 3349 1419 quod
3410 1347 3481 1402 de

1905 1450 2050 1506 escis
2090 1449 2417 1506 declaratur.
2463 1446 2675 1504 Etenim
2719 1447 2810 1503 ille
2871 1446 2977 1517 qui,
3012 1460 3122 1501 non
3162 1443 3477 1507 mauducat,

1908 1555 2016 1597 non
2042 1539 2101 1596 in
2122 1540 2353 1610 gloriam
2387 1539 2482 1594 Dei
2509 1553 2618 1594 non
2648 1538 2965 1601 manducat,
2997 1535 3095 1591 sed
3128 1543 3385 1602 tanquam
3420 1530 3481 1585 in

1908 1632 2015 1689 ﬂde
2048 1632 2277 1699 debilis;
2303 1631 2459 1687 illum
2485 1638 2671 1686 autem
2697 1644 2809 1684 non
2832 1636 3046 1698 oportet
3064 1625 3315 1695 judicare
3350 1634 3481 1693 pro-

1908 1731 2037 1793 pter
2063 1731 2317 1794 tempus;
2350 1720 2500 1793 quod
2538 1719 2863 1792 principium
2880 1717 3143 1775 doctrina
3185 1722 3325 1770 erat.
3374 1711 3482 1778 Qui

1911 1823 2092 1869 autem
2120 1813 2420 1869 manducat
2447 1812 2679 1882 singulis
2698 1809 2893 1866 diebus
2915 1818 2971 1865 et
2997 1808 3095 1879 qui
3122 1805 3331 1877 ieiunat
3362 1804 3482 1859 sin-

1911 1905 2056 1978 gulis
2084 1905 2297 1970 diebus,
2336 1918 2449 1959 non
2490 1912 2702 1974 oportet
2732 1903 2959 1959 omnino
3001 1908 3255 1955 neutrum
3299 1897 3482 1953 neutri

1911 1998 2310 2055 incusationem
2334 1996 2577 2067 injicere,
2606 1995 2735 2065 quia
2772 2004 3002 2064 uterque
3024 1993 3082 2047 in
3110 1990 3339 2062 gloriam
3371 1988 3481 2044 Do-

1912 2087 2049 2143 mini
2086 2086 2296 2143 l'aciunt
2313 2085 2460 2157 quod
2493 2084 2725 2140 iaciunt.
2749 2082 2920 2137 Nemo
2948 2082 3089 2137 enim
3118 2087 3359 2132 nostrum
3380 2074 3483 2130 sibi

1914 2181 2057 2245 vivit,
2087 2189 2139 2235 et
2174 2195 2323 2235 nemo
2360 2177 2463 2232 sibi
2492 2178 2737 2231 moritur.
2776 2174 2896 2231 Sive
2931 2174 3072 2230 enim
3102 2171 3348 2235 sinimus,
3374 2165 3486 2222 Do-

1916 2274 2060 2327 mino
2090 2271 2333 2337 vivimus;
2360 2272 2467 2326 sive
2495 2270 2775 2335 morimur,
2806 2268 3033 2322 Domino
3065 2264 3354 2326 morimur;
3380 2262 3487 2315 sive

1916 2365 2157 2429 visimus,
2189 2364 2295 2419 sive
2320 2362 2600 2426 morimur,
2635 2358 2849 2414 Domini
2876 2372 3078 2413 sumus.
3115 2354 3185 2410 ιιι
3223 2354 3318 2408 Itec
3345 2353 3486 2407 enim

1918 2454 2166 2513 Christus
2204 2465 2446 2510 mortuus
2473 2464 2553 2508 est
2585 2463 2635 2507 et
2665 2450 2951 2507 resurrexit
2984 2458 3034 2504 et
3070 2448 3226 2511 vixit,
3260 2456 3316 2499 ut
3348 2445 3489 2498 vico-

242 2526 417 2580 τοῦτο
443 2530 554 2598 γὰρ
582 2534 835 2601 Χριστὸς
874 2536 1156 2606 ἀπέθανε,
1178 2542 1281 2596 καὶ
1308 2543 1536 2613 ἀνέστη
1565 2544 1663 2598 καὶ
1685 2543 1816 2613 εζη-

240 2630 375 2685 σεν.
397 2618 500 2673 ἵνα
517 2618 748 2682 ὄντων
771 2627 868 2682 καὶ
900 2628 1129 2697 νεκρῶν
1150 2636 1462 2705 κυριεύσῃ.

1212 2748 1280 2804 Il.
1314 2747 1383 2803 IN
1419 2748 1802 2809 EPISTOLAM
1837 2748 1881 2802 ll
1916 2747 2009 2804 AD
2044 2743 2483 2803 CORINTHIOS.

1503 2845 1770 2919 (CIAIEI,
1810 2855 1854 2901 t.
1890 2845 1983 2909 Vl,
2021 2856 2078 2913 p.
2119 2842 2270 2913 597.)

255 2921 330 2979 ἸΙ
358 2924 473 2997 γὰρ
491 2927 645 2985 κατά
670 2930 821 2988 Θεὸν
846 2936 1015 3005 λύπη
1041 2936 1367 3011 μετάνοιαν
1392 2942 1480 3005 εις
1516 2942 1819 3011 σωτηρίαν

1922 2934 2230 3011 ϐΑΡηἮΙῌ.
2258 2934 2424 2992 Vsus.
2492 2934 2575 3011 ιο.
2611 2933 2745 3011 Quae
2780 2933 2945 3011 enim.
2977 2935 3292 3011 secundqu
3322 2928 3490 2984 Deum

816 3002 1243 3077 κατεργᾶζεται.
1454 3002 1470 3005 ’
1663 3002 1695 3011 ⁷

2026 3008 2264 3061 tristitia
2281 3016 2377 3069 est,
2407 3005 2766 3075 pteniteutiant
2788 3002 2844 3056 ia
2863 3002 3091 3057 salutem
3112 3008 3381 3071 operatur.

311 3086 512 3142 Δοιπδν
539 3095 668 3160 περὶ
697 3096 795 3163 τῆς
823 3095 1000 3167 λύπης
1025 3098 1126 3163 τῆς
1174 3099 1315 3152 κατά
1342 3100 1476 3153 Θεδν
1507 3101 1809 3170 φιλοσοφεῖ.

1988 3096 2047 3151 In
2078 3097 2287 3167 reliquo
2325 3097 2393 3151 de
2434 3095 2651 3150 tristitia
2693 3094 2996 3150 secundum
3037 3093 3211 3150 Deum
3247 3090 3493 3165 philoso-

239 3174 469 3247 διαιρῶν
492 3180 661 3250 αὐτὴν
694 3183 794 3252 τῆς
818 3184 914 3238 τοῦ
953 3186 1159 3257 κόσμου
1187 3187 1387 3261 λύπης,
1409 3190 1501 3244 καί
1537 3207 1723 3262 φησιν.
1742 3190 1815 3245 Ἠ

1914 3188 2136 3259 pliatur,
2169 3188 2489 3243 discernens
2509 3202 2628 3243 eam
2674 3201 2706 3239 a
2741 3185 2960 3241 tristitia
2982 3186 3196 3253 saeculi,
3244 3195 3299 3242 et
3333 3186 3488 3249 dicit,

238 3264 356 3333 γὰρ
385 3267 534 3322 κατά
560 3271 709 3324 Θεὸν
726 3272 892 3342 λύπη
915 3274 1365 3345 ἀμεταμέλητον
1380 3277 1808 3347 κατεργάζεται.

1914 3280 2048 3345 Qua
2084 3280 2224 3335 euim
2249 3282 2538 3335 secundum
2566 3278 2733 3332 Deum
2762 3276 2987 3332 tristitia
3026 3287 3106 3332 est
3129 3279 3491 3347 penitentiam

238 3357 327 3423 ὡς
351 3357 391 3426 ἦ
413 3360 603 3427 τιετοῦ
639 3364 873 3432 κόσμου
915 3367 1195 3435 θάνατον,
1232 3370 1362 3422 ὅταν
1407 3370 1498 3424 διά
1528 3370 1808 3441 χρήματα.

1917 3380 2189 3440 operatur,
2245 3371 2431 3425 seculi
2476 3378 2655 3425 autem
2703 3370 2925 3425 tristitia
2964 3380 3225 3439 mortem,
3270 3372 3490 3442 quando

241 3449 377 3551 όταν
427 3450 515 3505 διὰ
560 3452 718 3519 δόξαν
768 3455 1005 3526 λυπῆται
1050 3476 1158 3523 τις.
1200 3459 1420 3529 Ἐπειδὴ
1454 3460 1560 3531 γάρ
1591 3461 1654 3514 τὸ
1709 3461 1813 3529 τῆς

1916 3470 2135 3532 propter
2175 3462 2316 3516 bona
2360 3471 2458 3517 aut
2502 3470 2723 3533 propter
2766 3463 3032 3518 honorem
3090 3463 3243 3533 luget
3281 3463 3490 3533 aliquis

242 3545 426 3612 λύπης
450 3545 741 3615 φάρμακον
756 3549 838 3612 εἰς
862 3549 923 3602 τὸ
949 3550 1049 3613 τὰς
1060 3551 1335 3623 ἁμαρτιας
1360 3551 1649 3605 λυπεῖσθαι
1679 3569 1817 3605 κατ·
1841 3576 1850 3621 4

1918 3552 2051 3608 Cum
2083 3553 2227 3606 enim
2260 3552 2496 3608 tristitia:
2530 3555 2828 3609 remedium
2859 3555 2916 3609 in
2940 3552 3167 3609 tristitia
3196 3552 3264 3607 de
3291 3566 3489 3622 pecca-

243 3634 571 3690 εσκεύασται
625 3639 805 3708 μόνον,
861 3642 921 3694 έν
967 3642 1141 3713 τούτῳ
1169 3643 1332 3712 μόνον
1375 3646 1469 3696 καὶ
1500 3642 1720 3711 ὠφελεῖ,
1754 3645 1813 3697 έν

1918 3643 1990 3696 tis
2015 3640 2261 3697 habenda
2294 3642 2637 3698 solummodo
2660 3651 3031 3712 comparatur,
3062 3643 3119 3698 in
3154 3644 3259 3697 hoc
3284 3650 3491 3697 tantum

243 3722 306 3776 δὲ
336 3726 447 3787 τοῖς
481 3726 685 3791 λοιποῖς
716 3731 811 3783 καὶ
857 3730 1121 3799 βλάπτει·
1157 3732 1308 3802 παρὰ
1336 3735 1500 3803 φύσιν
1532 3734 1641 3804 γὰρ
1669 3735 1809 3807 αὐτῇ

1920 3733 2162 3803 prodest,
2197 3734 2252 3788 in
2284 3734 2513 3805 reliquis
2533 3744 2716 3791 autem
2751 3735 2834 3791 vel
2866 3744 3046 3799 nocet,
3076 3735 3195 3791 haec
3218 3735 3369 3790 enim
3401 3748 3493 3791 se-

243 3812 532 3885 χρὼμεθα.
562 3816 705 3871 Οὔτε
755 3820 863 3890 γὰρ
888 3824 919 3875 ό
953 3821 1217 3892 λυπηθεὶς
1278 3824 1421 3877 κατὰ
1455 3824 1587 3877 Θεὸν
1643 3841 1813 3893 μετα-

1920 3824 2163 3879 cundum
2187 3834 2439 3881 naturam
2463 3826 2683 3883 tristitia
2710 3836 2817 3884 est.
2860 3826 2981 3884 Non
3011 3829 3163 3884 enim
3199 3828 3293 3899 qui
3319 3826 3495 3884 tristi-

246 3904 511 3978 μεληθειη
538 3909 667 3963 ποτέ
686 3910 721 3981 ἢ
743 3913 989 3981 κατέγνω
1012 3914 1227 3972 έαυτοῦ.
1257 3916 1323 3969 Ti
1349 3917 1547 3987 δήποτε
1577 3915 1815 3986 λελύπη-

1924 3915 2054 3970 tiam
2082 3914 2163 3971 sic
2187 3914 2353 3971 habet
2378 3917 2677 3973 secundum
2698 3915 2868 3974 Deum
2894 3917 3275 3989 pmuitentiant
3295 3915 3492 3974 admit-

243 4014 374 4065 ταις
406 3999 544 4071 ὅπερ
594 4001 689 4056 ἐπὶ
718 4003 816 4075 τῆς
863 4004 959 4059 τοῦ
1011 4007 1221 4077 κόσμου
1273 4008 1449 4079 λύπης
1499 4007 1817 4080 συμϐαίνειν

1923 4014 2059 4061 teret
2087 4013 2183 4061 aut
2224 4020 2286 4063 se
2313 4006 2736 4074 condemnaret,
2765 4024 2868 4065 cur
2899 4022 3033 4081 ergo
3074 4008 3358 4064 tristitiam
3390 4007 3492 4063 ha-

246 4090 463 4150 εἰωθεν.
1920 4097 2081 4155 buit?
2107 4096 2269 4166 Quod
2314 4097 2374 4153 in
2406 4098 2591 4155 seculi
2614 4098 2837 4155 tristitia
2864 4099 3073 4156 versari
3103 4106 3362 4156 assuetus
3385 4107 3489 4161 est.

1297 4212 1383 4270 Ill.
1424 4213 1496 4268 IN
1532 4208 1919 4271 EPISTOLAII
1955 4207 2047 4264 AD
2086 4203 2452 4265 ηεθιυεοε.

1512 4305 1775 4379 (Causa.
1809 4315 1847 4361 ι.
1888 4300 1995 4371 VII,
2022 4301 2232 4375 μιθδ.)

503 4413 653 4486 Ἐγὼ
684 4417 899 4489 ισομαι
934 4420 1232 4487 πεποιθὼς
1268 4422 1364 4477 ἄπ’
1401 4420 1581 4488 αὐτῷ.

1963 4415 2117 4475 CAP.
2141 4414 2206 4473 ιι.
2247 4414 2411 4474 Vna.
2441 4417 2531 4473 i3.
2566 4415 2852 4543 ligarunt
2881 4434 2899 4472 :
2936 4417 3046 4489 Ego
3074 4434 3165 4474 ero
3193 4418 3362 4487 ﬁdens
3399 4416 3459 4471 iu

324 4570 567 4628 ὐωείου.
584 4572 660 4626 τὸ
677 4573 758 4640 ἃ,
787 4574 934 4646 Ἐγὼ
960 4574 1176 4647 ἔσομαι
1205 4579 1503 4647 πεποιθὼς
1521 4578 1617 4633 ἐπ’
1638 4577 1818 4646 αὐτῷ,

1995 4576 2195 4634 Photii.
2218 4577 2353 4635 Illud
2371 4577 2694 4650 autem,Ego
2707 4594 2796 4635 ero
2810 4578 2975 4646 ﬁdem
2992 4580 3196 4645 iscum,
3210 4578 3338 4648 quid
3358 4577 3498 4633 vult?

243 4658 307 4713 τέ
340 4658 621 4730 podium;
661 4665 697 4735 ἢ
728 4664 869 4735 τάχα
919 4667 1108 4739 έπειδὴ
1139 4668 1254 4725 ἄνω
1281 4663 1437 4725 εῐπεν
1466 4669 1632 4724 αὑτὸν
1659 4671 1817 4725 adsit-

1929 4678 2079 4724 certe
2105 4684 2230 4726 cum
2276 4670 2531 4740 superius
2566 4668 2703 4725 dixit
2740 4669 2895 4724 illum
2933 4667 3162 4725 fratrem
3188 4680 3243 4725 et
3266 4668 3497 4726 inferius

244 4750 356 4820 φὺν
374 4750 469 4804 καὶ
490 4751 638 4806 κάτω
660 4755 893 4827 πατέρα,
931 4758 990 4811 έν
1030 4758 1181 4828 μέσῳ
1214 4757 1503 4829 ἐσήμανεν,
1534 4760 1614 4814 ὅτι
1645 4760 1821 4815 ταῦτα

1928 4767 2161 4829 patrem,
2196 4761 2251 4815 in
2285 4759 2466 4815 medio
2498 4757 2844 4827 significavit,
2871 4758 3017 4829 quod
3050 4758 3143 4813 illa
3174 4769 3301 4815 sunt
3328 4758 3495 4814 bene-

180 4864 181 4867 η
242 4837 795 4944 ένιριλανθρωπιας
840 4846 1084 4917 ὀνόματα
1114 4850 1211 4901 καὶ
1240 4849 1463 4921 χάριτος
1499 4852 1599 4922 τῆς
1622 4852 1813 4907 αὑτοῦ.

1925 4848 2177 4905 volentia:
2200 4851 2423 4906 nomina
2451 4859 2506 4906 et
2529 4849 2717 4921 gratia!
2746 4849 2914 4905 illius.
2953 4849 3088 4904 illud
3118 4863 3266 4915 vero,
3301 4857 3499 4903 natura

242 4931 331 4985 Τὸ
353 4931 410 4986 δὲ
431 4970 449 4996 ,
480 4933 640 5002 φύσει
685 4936 782 4990 καὶ
804 4936 1022 5007 άληθῶς
1042 4937 1174 5000 Θεὸς
1200 4938 1353 5010 έστη,
1388 4941 1540 5011 φησι.
1588 4941 1683 5005 Τις
1708 4943 1815 5009 γὰρ

1923 4946 1978 4991 et
2000 4951 2125 4993 vere
2156 4936 2303 4993 Deus
2332 4938 2504 5002 stetit,
2535 4937 2733 5007 inquit.
2769 4937 2903 4992 Nam
2937 4937 3063 5007 quis
3094 4936 3209 4990 iittit
3240 4935 3294 4990 in
3328 4936 3498 4990 alium

246 5020 512 5077 πέποιθεν
532 5025 627 5079 έπὶ
646 5026 818 5098 έτέρῳ
844 5027 949 5081 τινὶ
969 5030 1018 5083 si
1047 5028 1122 5099 μὴ
1152 5028 1247 5082 έπὶ
1287 5030 1434 5101 μόνῳ
1467 5030 1622 5101 Qui);
1677 5032 1824 5086 'Ooel

1922 5029 2181 5099 aliquem,
2214 5030 2320 5085 nisi
2352 5029 2407 5083 in
2431 5029 2609 5086 solum
2636 5028 2853 5084 Deum?
2881 5027 3038 5083 Sicut
3070 5027 3226 5091 dixit,
3258 5042 3366 5082 non
3394 5041 3497 5081 au-

248 5112 445 5181 ιλεγεο
476 5116 570 5188 Μὴ
629 5117 920 5183 ἀκούοντες
951 5118 1112 5174 αὑτὸν
1156 5120 1388 5191 ἀδελφὸν
1434 5124 1532 5177 καὶ
1589 5124 1824 5197 πατέρα,

1921 5120 2135 5176 dientes
2167 5120 2319 5175 illum
2359 5119 2587 5177 fratrem
2617 5130 2673 5175 et
2700 5129 2931 5191 patrem,
2964 5127 3147 5189 putate
3174 5131 3343 5173 unum
3375 5129 3501 5171 esse

253 5201 515 5276 νομίσητε
566 5204 661 5260 ένα
686 5202 827 5263 εἶναι
873 5208 984 5263 τῶν
1032 5209 1265 5287 πολλῷ
1295 5212 1426 5276 Θεός
1462 5214 1609 5268 ἐστιν
1638 5214 1723 5283 ἐφ’
1767 5214 1827 5267 όν

1925 5226 1957 5267 e
1985 5212 2206 5281 multis;
2241 5212 2383 5269 Deus
2408 5222 2495 5270 est
2526 5213 2581 5269 in
2621 5227 2781 5285 quem
2808 5211 3072 5281 scripturn
3109 5218 3191 5265 cst
3226 5207 3499 5265 ﬁdcndum

244 5288 564 5362 γέγραπται
589 5295 904 5351 πεποιθέναι
926 5294 1121 5367 χρεών.
1927 5320 2068 5363 esse.

1919 2564 2036 2601 rum
2059 2556 2110 2601 et
2144 2557 2480 2601 mortuorum
2506 2544 2831 2599 dominetur.
