  <div class='ocr_page' id='page_1' title='image "/cluster/home/n/w/nwhite01/storage/ocr_20150623/101/nnc1.0046980164/662.png"; bbox 0 0 4156 6438; ppageno 0'>
   <div class='ocr_carea' id='block_1_1' title="bbox 171 368 303 437">
    <p class='ocr_par' dir='ltr' id='par_1_1' title="bbox 171 368 303 437">
     <span class='ocr_line' id='line_1_1' title="bbox 171 368 303 437; baseline -0.038 0"><span class='ocrx_word' id='word_1_1' title='bbox 171 368 303 437; x_wconf 78' lang='lat'><strong>1281</strong></span> 
     </span>
    </p>
   </div>
   <div class='ocr_carea' id='block_1_2' title="bbox 1121 357 2474 435">
    <p class='ocr_par' dir='ltr' id='par_1_2' title="bbox 1121 357 2474 435">
     <span class='ocr_line' id='line_1_2' title="bbox 1121 357 2474 435; baseline -0.005 -11"><span class='ocrx_word' id='word_1_2' title='bbox 1121 365 1222 424; x_wconf 79' lang='lat' dir='ltr'><strong>AD</strong></span> <span class='ocrx_word' id='word_1_3' title='bbox 1258 360 1750 435; x_wconf 76' lang='lat' dir='ltr'><strong>QU/ESTIONES</strong></span> <span class='ocrx_word' id='word_1_4' title='bbox 1777 357 2474 421; x_wconf 77' lang='lat' dir='ltr'><strong>AMPHILOCIIIANAS.</strong></span> 
     </span>
    </p>
   </div>
   <div class='ocr_carea' id='block_1_3' title="bbox 3298 358 3436 425">
    <p class='ocr_par' dir='ltr' id='par_1_3' title="bbox 3298 358 3436 425">
     <span class='ocr_line' id='line_1_3' title="bbox 3298 358 3436 425; baseline 0.022 -3"><span class='ocrx_word' id='word_1_5' title='bbox 3298 358 3436 425; x_wconf 69' lang='grc'>1282</span> 
     </span>
    </p>
   </div>
   <div class='ocr_carea' id='block_1_4' title="bbox 167 470 1791 559">
    <p class='ocr_par' dir='ltr' id='par_1_4' title="bbox 167 474 1791 559">
     <span class='ocr_line' id='line_1_4' title="bbox 167 474 1791 559; baseline -0.011 -18"><span class='ocrx_word' id='word_1_6' title='bbox 167 489 347 559; x_wconf 80' lang='grc' dir='ltr'>ἦλθον,</span> <span class='ocrx_word' id='word_1_7' title='bbox 379 483 431 538; x_wconf 89' lang='grc' dir='ltr'><strong>τί</strong></span> <span class='ocrx_word' id='word_1_8' title='bbox 460 483 505 537; x_wconf 88' lang='grc' dir='ltr'>δ’</span> <span class='ocrx_word' id='word_1_9' title='bbox 540 480 640 536; x_wconf 71' lang='grc' dir='ltr'><strong>οὒκ</strong></span> <span class='ocrx_word' id='word_1_10' title='bbox 680 479 945 550; x_wconf 73' lang='grc' dir='ltr'>ἐτόλμων,</span> <span class='ocrx_word' id='word_1_11' title='bbox 974 476 1097 530; x_wconf 89' lang='grc' dir='ltr'>τίνα</span> <span class='ocrx_word' id='word_1_12' title='bbox 1128 476 1184 529; x_wconf 82' lang='grc' dir='ltr'>δὲ</span> <span class='ocrx_word' id='word_1_13' title='bbox 1215 474 1561 528; x_wconf 76' lang='grc' dir='ltr'><strong>διδασκαλίαν</strong></span> <span class='ocrx_word' id='word_1_14' title='bbox 1595 474 1629 543; x_wconf 81' lang='grc' dir='ltr'>ἢ</span> <span class='ocrx_word' id='word_1_15' title='bbox 1656 491 1745 525; x_wconf 73' lang='grc' dir='ltr'>νοε-</span> <span class='ocrx_word' id='word_1_16' title='bbox 1772 479 1791 535; x_wconf 67' lang='grc' dir='ltr'><em>Α</em></span> 
     </span>
    </p>
   </div>
   <div class='ocr_carea' id='block_1_5' title="bbox 1895 470 3429 559">
    <p class='ocr_par' dir='ltr' id='par_1_5' title="bbox 1895 470 3429 540">
     <span class='ocr_line' id='line_1_5' title="bbox 1895 470 3429 540; baseline 0.001 -15"><span class='ocrx_word' id='word_1_17' title='bbox 1895 473 2149 526; x_wconf 70' lang='grc' dir='ltr'>[ιυιτίηιιηι</span> <span class='ocrx_word' id='word_1_18' title='bbox 2182 471 2655 540; x_wconf 80' lang='lat' dir='ltr'><strong>legislationemve</strong></span> <span class='ocrx_word' id='word_1_19' title='bbox 2701 470 2947 539; x_wconf 90' lang='lat' dir='ltr'><strong>accipere</strong></span> <span class='ocrx_word' id='word_1_20' title='bbox 2990 471 3248 527; x_wconf 90' lang='lat' dir='ltr'><strong>tulissent</strong></span> <span class='ocrx_word' id='word_1_21' title='bbox 3279 475 3326 529; x_wconf 90' lang='lat' dir='ltr'><strong>si</strong></span> <span class='ocrx_word' id='word_1_22' title='bbox 3366 488 3429 527; x_wconf 87' lang='lat' dir='ltr'><strong>se</strong></span> 
     </span>
    </p>
   </div>
   <div class='ocr_carea' id='block_1_6' title="bbox 176 564 1745 650">
    <p class='ocr_par' dir='ltr' id='par_1_6' title="bbox 176 564 1745 650">
     <span class='ocr_line' id='line_1_6' title="bbox 176 564 1745 650; baseline -0.01 -19"><span class='ocrx_word' id='word_1_23' title='bbox 176 578 426 650; x_wconf 88' lang='grc' dir='ltr'>μοθεσίαν</span> <span class='ocrx_word' id='word_1_24' title='bbox 456 573 756 644; x_wconf 83' lang='grc' dir='ltr'>ὑπέμειναν</span> <span class='ocrx_word' id='word_1_25' title='bbox 785 566 1217 641; x_wconf 67' lang='grc' dir='ltr'><strong>παραδέξασθαι,</strong></span> <span class='ocrx_word' id='word_1_26' title='bbox 1243 568 1291 619; x_wconf 87' lang='grc' dir='ltr'><strong>εί</strong></span> <span class='ocrx_word' id='word_1_27' title='bbox 1320 564 1541 634; x_wconf 88' lang='grc' dir='ltr'>Πνεῦμα</span> <span class='ocrx_word' id='word_1_28' title='bbox 1571 564 1745 630; x_wconf 83' lang='grc' dir='ltr'>ἆγιον,</span> 
     </span>
    </p>
   </div>
   <div class='ocr_carea' id='block_1_7' title="bbox 170 656 1751 740">
    <p class='ocr_par' dir='ltr' id='par_1_7' title="bbox 170 656 1751 740">
     <span class='ocr_line' id='line_1_7' title="bbox 170 656 1751 740; baseline -0.011 -18"><span class='ocrx_word' id='word_1_29' title='bbox 170 670 202 740; x_wconf 78' lang='grc' dir='ltr'>ἦ</span> <span class='ocrx_word' id='word_1_30' title='bbox 236 668 451 737; x_wconf 83' lang='grc' dir='ltr'>Πατέρα</span> <span class='ocrx_word' id='word_1_31' title='bbox 479 664 575 718; x_wconf 91' lang='grc' dir='ltr'><strong>τοῦ</strong></span> <span class='ocrx_word' id='word_1_32' title='bbox 599 662 736 717; x_wconf 86' lang='grc' dir='ltr'>Θεοῦ</span> <span class='ocrx_word' id='word_1_33' title='bbox 770 663 799 714; x_wconf 89' lang='grc' dir='ltr'><strong>ό</strong></span> <span class='ocrx_word' id='word_1_34' title='bbox 828 662 926 731; x_wconf 80' lang='grc' dir='ltr'>τὴν</span> <span class='ocrx_word' id='word_1_35' title='bbox 956 658 1231 737; x_wconf 82' lang='grc' dir='ltr'>σωτηρίαν</span> <span class='ocrx_word' id='word_1_36' title='bbox 1260 656 1354 710; x_wconf 80' lang='grc' dir='ltr'><strong>τοῦ</strong></span> <span class='ocrx_word' id='word_1_37' title='bbox 1386 657 1577 723; x_wconf 83' lang='grc' dir='ltr'><strong>γένους</strong></span> <span class='ocrx_word' id='word_1_38' title='bbox 1607 671 1751 740; x_wconf 45' lang='grc' dir='ltr'>πραέ</span> 
     </span>
    </p>
   </div>
   <div class='ocr_carea' id='block_1_8' title="bbox 171 738 1750 830">
    <p class='ocr_par' dir='ltr' id='par_1_8' title="bbox 171 738 1750 830">
     <span class='ocr_line' id='line_1_8' title="bbox 171 738 1750 830; baseline -0.011 -14"><span class='ocrx_word' id='word_1_39' title='bbox 171 738 579 830; x_wconf 77' lang='grc' dir='ltr'>γματευόμενος</span> <span class='ocrx_word' id='word_1_40' title='bbox 624 755 817 809; x_wconf 78' lang='grc' dir='ltr'>ἑαυτὸν</span> <span class='ocrx_word' id='word_1_41' title='bbox 873 742 1247 821; x_wconf 68' lang='grc' dir='ltr'>ἀνωμολόγειξς</span> <span class='ocrx_word' id='word_1_42' title='bbox 1308 747 1517 803; x_wconf 73' lang='grc' dir='ltr'>οὐκοῦν</span> <span class='ocrx_word' id='word_1_43' title='bbox 1571 746 1639 800; x_wconf 85' lang='grc' dir='ltr'>δι’</span> <span class='ocrx_word' id='word_1_44' title='bbox 1689 738 1750 799; x_wconf 74' lang='grc' dir='ltr'><strong>οὗ</strong></span> 
     </span>
    </p>
   </div>
   <div class='ocr_carea' id='block_1_9' title="bbox 175 838 1749 923">
    <p class='ocr_par' dir='ltr' id='par_1_9' title="bbox 175 838 1749 923">
     <span class='ocr_line' id='line_1_9' title="bbox 175 838 1749 923; baseline -0.011 -16"><span class='ocrx_word' id='word_1_45' title='bbox 175 853 374 923; x_wconf 80' lang='grc' dir='ltr'>μᾶλλον</span> <span class='ocrx_word' id='word_1_46' title='bbox 400 849 774 919; x_wconf 85' lang='grc' dir='ltr'>συνηπίστατο</span> <span class='ocrx_word' id='word_1_47' title='bbox 803 847 901 912; x_wconf 76' lang='grc' dir='ltr'><strong>τὴν</strong></span> <span class='ocrx_word' id='word_1_48' title='bbox 940 844 1213 914; x_wconf 83' lang='grc' dir='ltr'><strong>σωτηρίαν</strong></span> <span class='ocrx_word' id='word_1_49' title='bbox 1242 842 1386 912; x_wconf 79' lang='grc' dir='ltr'>ἡμᾶς</span> <span class='ocrx_word' id='word_1_50' title='bbox 1428 838 1749 910; x_wconf 79' lang='grc' dir='ltr'>κερδαίνειν,</span> 
     </span>
    </p>
   </div>
   <div class='ocr_carea' id='block_1_10' title="bbox 172 931 1754 1010">
    <p class='ocr_par' dir='ltr' id='par_1_10' title="bbox 172 931 1754 1010">
     <span class='ocr_line' id='line_1_10' title="bbox 172 931 1754 1010; baseline -0.008 -13"><span class='ocrx_word' id='word_1_51' title='bbox 172 946 238 999; x_wconf 79' lang='grc' dir='ltr'>δι’</span> <span class='ocrx_word' id='word_1_52' title='bbox 296 943 507 997; x_wconf 82' lang='grc' dir='ltr'>ἐκείνου</span> <span class='ocrx_word' id='word_1_53' title='bbox 560 942 655 993; x_wconf 80' lang='grc' dir='ltr'><strong>καὶ</strong></span> <span class='ocrx_word' id='word_1_54' title='bbox 715 941 815 1010; x_wconf 79' lang='grc' dir='ltr'>τὴν</span> <span class='ocrx_word' id='word_1_55' title='bbox 866 938 1138 1008; x_wconf 80' lang='grc' dir='ltr'>σάρκωσιν</span> <span class='ocrx_word' id='word_1_56' title='bbox 1182 937 1275 988; x_wconf 80' lang='grc' dir='ltr'>καὶ</span> <span class='ocrx_word' id='word_1_57' title='bbox 1319 933 1418 1004; x_wconf 81' lang='grc' dir='ltr'>τὴν</span> <span class='ocrx_word' id='word_1_58' title='bbox 1456 931 1754 999; x_wconf 77' lang='grc' dir='ltr'>ἀνάκλησιν</span> 
     </span>
    </p>
   </div>
   <div class='ocr_carea' id='block_1_11' title="bbox 174 1023 1755 1107">
    <p class='ocr_par' dir='ltr' id='par_1_11' title="bbox 174 1023 1755 1107">
     <span class='ocr_line' id='line_1_11' title="bbox 174 1023 1755 1107; baseline -0.01 -17"><span class='ocrx_word' id='word_1_59' title='bbox 174 1037 334 1107; x_wconf 82' lang='grc' dir='ltr'>ἡμῶν</span> <span class='ocrx_word' id='word_1_60' title='bbox 362 1038 396 1105; x_wconf 80' lang='grc' dir='ltr'>ὴ</span> <span class='ocrx_word' id='word_1_61' title='bbox 425 1034 809 1103; x_wconf 80' lang='grc' dir='ltr'>φιλάνθρωπος</span> <span class='ocrx_word' id='word_1_62' title='bbox 852 1031 947 1083; x_wconf 71' lang='grc' dir='ltr'><strong>καὶ</strong></span> <span class='ocrx_word' id='word_1_63' title='bbox 986 1028 1230 1095; x_wconf 87' lang='grc' dir='ltr'>παναγία</span> <span class='ocrx_word' id='word_1_64' title='bbox 1258 1025 1428 1097; x_wconf 86' lang='grc' dir='ltr'>Τριάς</span> <span class='ocrx_word' id='word_1_65' title='bbox 1462 1023 1755 1093; x_wconf 81' lang='grc' dir='ltr'>ὲμεθόδευ-</span> 
     </span>
    </p>
   </div>
   <div class='ocr_carea' id='block_1_12' title="bbox 176 1115 1757 1188">
    <p class='ocr_par' dir='ltr' id='par_1_12' title="bbox 176 1115 1757 1188">
     <span class='ocr_line' id='line_1_12' title="bbox 176 1115 1757 1188; baseline -0.01 -6"><span class='ocrx_word' id='word_1_66' title='bbox 176 1146 290 1182; x_wconf 86' lang='grc' dir='ltr'>σεν.</span> <span class='ocrx_word' id='word_1_67' title='bbox 332 1127 542 1188; x_wconf 71' lang='grc' dir='ltr'>Ἄλλως</span> <span class='ocrx_word' id='word_1_68' title='bbox 585 1141 644 1177; x_wconf 90' lang='grc' dir='ltr'><strong>τε</strong></span> <span class='ocrx_word' id='word_1_69' title='bbox 686 1123 767 1187; x_wconf 82' lang='grc' dir='ltr'>δὲ,</span> <span class='ocrx_word' id='word_1_70' title='bbox 809 1122 936 1183; x_wconf 82' lang='grc' dir='ltr'>τοὺς</span> <span class='ocrx_word' id='word_1_71' title='bbox 972 1122 1052 1182; x_wconf 88' lang='grc' dir='ltr'><strong>είς</strong></span> <span class='ocrx_word' id='word_1_72' title='bbox 1082 1119 1307 1187; x_wconf 92' lang='grc' dir='ltr'>ἀλογίαν</span> <span class='ocrx_word' id='word_1_73' title='bbox 1350 1115 1757 1178; x_wconf 82' lang='grc' dir='ltr'>ἀπονεύσαντας</span> 
     </span>
    </p>
   </div>
   <div class='ocr_carea' id='block_1_13' title="bbox 177 1204 1755 1289">
    <p class='ocr_par' dir='ltr' id='par_1_13' title="bbox 177 1204 1755 1289">
     <span class='ocr_line' id='line_1_13' title="bbox 177 1204 1755 1289; baseline -0.01 -14"><span class='ocrx_word' id='word_1_74' title='bbox 177 1222 273 1276; x_wconf 75' lang='grc' dir='ltr'><strong>καὶ</strong></span> <span class='ocrx_word' id='word_1_75' title='bbox 303 1217 832 1289; x_wconf 82' lang='grc' dir='ltr'>παραπεπτωκότας,</span> <span class='ocrx_word' id='word_1_76' title='bbox 871 1212 1200 1282; x_wconf 75' lang='grc' dir='ltr'>οἰκειότερον</span> <span class='ocrx_word' id='word_1_77' title='bbox 1234 1204 1303 1279; x_wconf 78' lang='grc' dir='ltr'>ἦν</span> <span class='ocrx_word' id='word_1_78' title='bbox 1331 1208 1421 1263; x_wconf 89' lang='grc' dir='ltr'><strong>διά</strong></span> <span class='ocrx_word' id='word_1_79' title='bbox 1451 1206 1546 1260; x_wconf 88' lang='grc' dir='ltr'><strong>τοῦ</strong></span> <span class='ocrx_word' id='word_1_80' title='bbox 1578 1207 1755 1275; x_wconf 83' lang='grc' dir='ltr'>Λόγου</span> 
     </span>
    </p>
   </div>
   <div class='ocr_carea' id='block_1_14' title="bbox 178 1297 1758 1378">
    <p class='ocr_par' dir='ltr' id='par_1_14' title="bbox 178 1297 1758 1378">
     <span class='ocr_line' id='line_1_14' title="bbox 178 1297 1758 1378; baseline -0.01 -14"><span class='ocrx_word' id='word_1_81' title='bbox 178 1311 279 1378; x_wconf 79' lang='grc' dir='ltr'><strong>τῆς</strong></span> <span class='ocrx_word' id='word_1_82' title='bbox 310 1309 533 1377; x_wconf 83' lang='grc' dir='ltr'><strong>ἀλογίας</strong></span> <span class='ocrx_word' id='word_1_83' title='bbox 571 1303 975 1373; x_wconf 78' lang='grc' dir='ltr'>ἀπαλλαγῆναι·</span> <span class='ocrx_word' id='word_1_84' title='bbox 1009 1301 1099 1354; x_wconf 85' lang='grc' dir='ltr'>διὰ</span> <span class='ocrx_word' id='word_1_85' title='bbox 1124 1297 1284 1353; x_wconf 88' lang='grc' dir='ltr'>τοῦτο</span> <span class='ocrx_word' id='word_1_86' title='bbox 1318 1297 1428 1368; x_wconf 72' lang='grc' dir='ltr'>γὰρ</span> <span class='ocrx_word' id='word_1_87' title='bbox 1456 1298 1758 1366; x_wconf 74' lang='grc' dir='ltr'>οἰκονομεῖ-</span> 
     </span>
    </p>
   </div>
   <div class='ocr_carea' id='block_1_15' title="bbox 178 1388 1762 1469">
    <p class='ocr_par' dir='ltr' id='par_1_15' title="bbox 178 1388 1762 1469">
     <span class='ocr_line' id='line_1_15' title="bbox 178 1388 1762 1469; baseline -0.009 -15"><span class='ocrx_word' id='word_1_88' title='bbox 178 1419 274 1455; x_wconf 88' lang='grc' dir='ltr'>ται</span> <span class='ocrx_word' id='word_1_89' title='bbox 304 1400 401 1453; x_wconf 78' lang='grc' dir='ltr'>καὶ</span> <span class='ocrx_word' id='word_1_90' title='bbox 422 1402 489 1469; x_wconf 80' lang='grc' dir='ltr'>τῇ</span> <span class='ocrx_word' id='word_1_91' title='bbox 512 1397 622 1451; x_wconf 84' lang='grc' dir='ltr'><strong>τῶν</strong></span> <span class='ocrx_word' id='word_1_92' title='bbox 644 1396 854 1464; x_wconf 82' lang='grc' dir='ltr'><strong>ἀλόγων</strong></span> <span class='ocrx_word' id='word_1_93' title='bbox 883 1391 1241 1461; x_wconf 80' lang='grc' dir='ltr'>ἀνακλιθῆναι</span> <span class='ocrx_word' id='word_1_94' title='bbox 1266 1389 1442 1459; x_wconf 72' lang='grc' dir='ltr'>φάτνῃ</span> <span class='ocrx_word' id='word_1_95' title='bbox 1468 1390 1497 1440; x_wconf 88' lang='grc' dir='ltr'><strong>ό</strong></span> <span class='ocrx_word' id='word_1_96' title='bbox 1525 1389 1637 1451; x_wconf 88' lang='grc' dir='ltr'>τοῖς</span> <span class='ocrx_word' id='word_1_97' title='bbox 1658 1388 1762 1440; x_wconf 80' lang='grc' dir='ltr'>Χε-</span> 
     </span>
    </p>
   </div>
   <div class='ocr_carea' id='block_1_16' title="bbox 183 1481 1761 1564">
    <p class='ocr_par' dir='ltr' id='par_1_16' title="bbox 183 1481 1761 1564">
     <span class='ocr_line' id='line_1_16' title="bbox 183 1481 1761 1564; baseline -0.01 -18"><span class='ocrx_word' id='word_1_98' title='bbox 183 1492 383 1564; x_wconf 70' lang='grc' dir='ltr'>ρουϐὶμ</span> <span class='ocrx_word' id='word_1_99' title='bbox 429 1490 817 1561; x_wconf 71' lang='grc' dir='ltr'>ἐποχούμενος.</span> <span class='ocrx_word' id='word_1_100' title='bbox 856 1488 952 1541; x_wconf 70' lang='grc' dir='ltr'>καὶ</span> <span class='ocrx_word' id='word_1_101' title='bbox 999 1486 1161 1557; x_wconf 84' lang='grc' dir='ltr'>μέσον</span> <span class='ocrx_word' id='word_1_102' title='bbox 1205 1482 1418 1548; x_wconf 83' lang='grc' dir='ltr'>ἀλόγων</span> <span class='ocrx_word' id='word_1_103' title='bbox 1469 1481 1761 1535; x_wconf 76' lang='grc' dir='ltr'>ἀναπεσεῖν</span> 
     </span>
    </p>
   </div>
   <div class='ocr_carea' id='block_1_17' title="bbox 185 1572 1763 1655">
    <p class='ocr_par' dir='ltr' id='par_1_17' title="bbox 185 1572 1763 1655">
     <span class='ocr_line' id='line_1_17' title="bbox 185 1572 1763 1655; baseline -0.009 -16"><span class='ocrx_word' id='word_1_104' title='bbox 185 1584 679 1655; x_wconf 77' lang='grc' dir='ltr'>έσπαργανωμένος</span> <span class='ocrx_word' id='word_1_105' title='bbox 716 1582 744 1635; x_wconf 92' lang='grc' dir='ltr'><strong>ό</strong></span> <span class='ocrx_word' id='word_1_106' title='bbox 786 1577 1119 1649; x_wconf 83' lang='grc' dir='ltr'>δημιουργὸς</span> <span class='ocrx_word' id='word_1_107' title='bbox 1161 1576 1455 1646; x_wconf 80' lang='grc' dir='ltr'><strong>συμπάσης</strong></span> <span class='ocrx_word' id='word_1_108' title='bbox 1496 1573 1596 1644; x_wconf 80' lang='grc' dir='ltr'><strong>τῆς</strong></span> <span class='ocrx_word' id='word_1_109' title='bbox 1642 1572 1763 1627; x_wconf 83' lang='grc' dir='ltr'>κτί-</span> 
     </span>
    </p>
   </div>
   <div class='ocr_carea' id='block_1_18' title="bbox 184 1666 1764 1744">
    <p class='ocr_par' dir='ltr' id='par_1_18' title="bbox 184 1666 1764 1744">
     <span class='ocr_line' id='line_1_18' title="bbox 184 1666 1764 1744; baseline -0.008 -14"><span class='ocrx_word' id='word_1_110' title='bbox 184 1696 344 1740; x_wconf 85' lang='grc' dir='ltr'>σεως.</span> <span class='ocrx_word' id='word_1_111' title='bbox 414 1676 731 1744; x_wconf 80' lang='grc' dir='ltr'>Ἐννοὴσαις</span> <span class='ocrx_word' id='word_1_112' title='bbox 770 1673 817 1726; x_wconf 78' lang='grc' dir='ltr'>δ’</span> <span class='ocrx_word' id='word_1_113' title='bbox 844 1671 912 1726; x_wconf 81' lang='grc' dir='ltr'><strong>ἂν</strong></span> <span class='ocrx_word' id='word_1_114' title='bbox 946 1670 1191 1732; x_wconf 88' lang='grc' dir='ltr'>είκότως.</span> <span class='ocrx_word' id='word_1_115' title='bbox 1240 1668 1316 1731; x_wconf 88' lang='grc' dir='ltr'><strong>ώς</strong></span> <span class='ocrx_word' id='word_1_116' title='bbox 1364 1666 1471 1721; x_wconf 73' lang='grc' dir='ltr'>ἔδει</span> <span class='ocrx_word' id='word_1_117' title='bbox 1525 1666 1621 1719; x_wconf 78' lang='grc' dir='ltr'>καὶ</span> <span class='ocrx_word' id='word_1_118' title='bbox 1664 1666 1764 1733; x_wconf 80' lang='grc' dir='ltr'>τὴν</span> 
     </span>
    </p>
   </div>
   <div class='ocr_carea' id='block_1_19' title="bbox 182 1756 1766 1840">
    <p class='ocr_par' dir='ltr' id='par_1_19' title="bbox 182 1756 1766 1840">
     <span class='ocr_line' id='line_1_19' title="bbox 182 1756 1766 1840; baseline -0.009 -17"><span class='ocrx_word' id='word_1_119' title='bbox 182 1768 605 1840; x_wconf 74' lang='grc' dir='ltr'>ἀπαράλλακτον</span> <span class='ocrx_word' id='word_1_120' title='bbox 639 1764 735 1818; x_wconf 75' lang='grc' dir='ltr'>καὶ</span> <span class='ocrx_word' id='word_1_121' title='bbox 768 1763 1007 1833; x_wconf 82' lang='grc' dir='ltr'>φυσικὴν</span> <span class='ocrx_word' id='word_1_122' title='bbox 1043 1760 1227 1813; x_wconf 79' lang='grc' dir='ltr'>εἰκόνα</span> <span class='ocrx_word' id='word_1_123' title='bbox 1254 1758 1350 1811; x_wconf 84' lang='grc' dir='ltr'><strong>τοῦ</strong></span> <span class='ocrx_word' id='word_1_124' title='bbox 1381 1757 1615 1826; x_wconf 78' lang='grc' dir='ltr'>Πατρὸς,</span> <span class='ocrx_word' id='word_1_125' title='bbox 1639 1756 1766 1818; x_wconf 82' lang='grc' dir='ltr'>τοὺς</span> 
     </span>
    </p>
   </div>
   <div class='ocr_carea' id='block_1_20' title="bbox 1854 560 3433 633">
    <p class='ocr_par' dir='ltr' id='par_1_20' title="bbox 1854 560 3433 633">
     <span class='ocr_line' id='line_1_20' title="bbox 1854 560 3433 633; baseline 0.003 -16"><span class='ocrx_word' id='word_1_126' title='bbox 1854 563 2117 633; x_wconf 74' lang='lat' dir='ltr'><strong>Spiritum</strong></span> <span class='ocrx_word' id='word_1_127' title='bbox 2150 571 2423 625; x_wconf 88' lang='lat' dir='ltr'><strong>sanctum,</strong></span> <span class='ocrx_word' id='word_1_128' title='bbox 2464 570 2558 615; x_wconf 93' lang='lat' dir='ltr'><strong>aut</strong></span> <span class='ocrx_word' id='word_1_129' title='bbox 2592 562 2683 616; x_wconf 89' lang='lat' dir='ltr'><strong>Dei</strong></span> <span class='ocrx_word' id='word_1_130' title='bbox 2724 560 2941 616; x_wconf 81' lang='lat' dir='ltr'><strong>Patrem</strong></span> <span class='ocrx_word' id='word_1_131' title='bbox 2997 567 3216 633; x_wconf 79' lang='lat' dir='ltr'><strong>generis</strong></span> <span class='ocrx_word' id='word_1_132' title='bbox 3283 568 3433 621; x_wconf 82' lang='lat' dir='ltr'><strong>salu-</strong></span> 
     </span>
    </p>
   </div>
   <div class='ocr_carea' id='block_1_21' title="bbox 1852 654 3427 728">
    <p class='ocr_par' dir='ltr' id='par_1_21' title="bbox 1852 654 3427 728">
     <span class='ocr_line' id='line_1_21' title="bbox 1852 654 3427 728; baseline 0.004 -21"><span class='ocrx_word' id='word_1_133' title='bbox 1852 663 1961 710; x_wconf 90' lang='lat' dir='ltr'><strong>tem</strong></span> <span class='ocrx_word' id='word_1_134' title='bbox 2010 669 2247 724; x_wconf 88' lang='lat' dir='ltr'><strong>operans</strong></span> <span class='ocrx_word' id='word_1_135' title='bbox 2298 654 2587 709; x_wconf 84' lang='lat' dir='ltr'><strong>confessus</strong></span> <span class='ocrx_word' id='word_1_136' title='bbox 2636 654 2827 710; x_wconf 86' lang='lat' dir='ltr'><strong>esset?</strong></span> <span class='ocrx_word' id='word_1_137' title='bbox 2862 655 3051 726; x_wconf 85' lang='lat' dir='ltr'><strong>Atqui,</strong></span> <span class='ocrx_word' id='word_1_138' title='bbox 3110 672 3206 725; x_wconf 88' lang='lat' dir='ltr'><strong>per</strong></span> <span class='ocrx_word' id='word_1_139' title='bbox 3263 674 3427 728; x_wconf 83' lang='lat' dir='ltr'><strong>quem</strong></span> 
     </span>
    </p>
   </div>
   <div class='ocr_carea' id='block_1_22' title="bbox 1854 746 3436 817">
    <p class='ocr_par' dir='ltr' id='par_1_22' title="bbox 1854 746 3436 817">
     <span class='ocr_line' id='line_1_22' title="bbox 1854 746 3436 817; baseline 0.003 -17"><span class='ocrx_word' id='word_1_140' title='bbox 1854 747 2031 816; x_wconf 87' lang='lat' dir='ltr'><strong>magis</strong></span> <span class='ocrx_word' id='word_1_141' title='bbox 2079 747 2289 802; x_wconf 80' lang='lat' dir='ltr'><strong>sciebat</strong></span> <span class='ocrx_word' id='word_1_142' title='bbox 2337 761 2439 801; x_wconf 91' lang='lat' dir='ltr'><strong>nos</strong></span> <span class='ocrx_word' id='word_1_143' title='bbox 2493 746 2721 801; x_wconf 82' lang='lat' dir='ltr'><strong>salutem</strong></span> <span class='ocrx_word' id='word_1_144' title='bbox 2776 747 3127 811; x_wconf 80' lang='lat' dir='ltr'><strong>lucrifacere,</strong></span> <span class='ocrx_word' id='word_1_145' title='bbox 3163 764 3261 817; x_wconf 90' lang='lat' dir='ltr'><strong>per</strong></span> <span class='ocrx_word' id='word_1_146' title='bbox 3289 750 3436 804; x_wconf 83' lang='lat' dir='ltr'><strong>hunc</strong></span> 
     </span>
    </p>
   </div>
   <div class='ocr_carea' id='block_1_23' title="bbox 1856 838 3438 895">
    <p class='ocr_par' dir='ltr' id='par_1_23' title="bbox 1856 838 3438 895">
     <span class='ocr_line' id='line_1_23' title="bbox 1856 838 3438 895; baseline 0.001 -3"><span class='ocrx_word' id='word_1_147' title='bbox 1856 838 2094 892; x_wconf 85' lang='lat' dir='ltr'><strong>hominis</strong></span> <span class='ocrx_word' id='word_1_148' title='bbox 2137 852 2326 892; x_wconf 89' lang='lat' dir='ltr'><strong>amans</strong></span> <span class='ocrx_word' id='word_1_149' title='bbox 2352 847 2405 891; x_wconf 91' lang='lat' dir='ltr'><strong>et</strong></span> <span class='ocrx_word' id='word_1_150' title='bbox 2435 848 2780 893; x_wconf 68' lang='lat' dir='ltr'><strong>sacrosancta</strong></span> <span class='ocrx_word' id='word_1_151' title='bbox 2824 838 3067 894; x_wconf 85' lang='lat' dir='ltr'><strong>Trinitas</strong></span> <span class='ocrx_word' id='word_1_152' title='bbox 3099 841 3438 895; x_wconf 81' lang='lat' dir='ltr'><strong>incarnatio-</strong></span> 
     </span>
    </p>
   </div>
   <div class='ocr_carea' id='block_1_24' title="bbox 1855 929 3437 989">
    <p class='ocr_par' dir='ltr' id='par_1_24' title="bbox 1855 929 3437 989">
     <span class='ocr_line' id='line_1_24' title="bbox 1855 929 3437 989; baseline 0.004 -6"><span class='ocrx_word' id='word_1_153' title='bbox 1855 945 1978 984; x_wconf 85' lang='lat' dir='ltr'><strong>nem</strong></span> <span class='ocrx_word' id='word_1_154' title='bbox 2006 938 2061 984; x_wconf 93' lang='lat' dir='ltr'><strong>et</strong></span> <span class='ocrx_word' id='word_1_155' title='bbox 2093 929 2492 984; x_wconf 87' lang='lat' dir='ltr'><strong>revocationem</strong></span> <span class='ocrx_word' id='word_1_156' title='bbox 2518 940 2760 985; x_wconf 90' lang='lat' dir='ltr'><strong>nostram</strong></span> <span class='ocrx_word' id='word_1_157' title='bbox 2791 932 3075 987; x_wconf 81' lang='lat' dir='ltr'><strong>instruxit.</strong></span> <span class='ocrx_word' id='word_1_158' title='bbox 3110 934 3233 987; x_wconf 81' lang='lat' dir='ltr'><strong>Alio</strong></span> <span class='ocrx_word' id='word_1_159' title='bbox 3274 935 3437 989; x_wconf 91' lang='lat' dir='ltr'><strong>modo</strong></span> 
     </span>
    </p>
   </div>
   <div class='ocr_carea' id='block_1_25' title="bbox 1857 1019 3436 1093">
    <p class='ocr_par' dir='ltr' id='par_1_25' title="bbox 1857 1019 3436 1093">
     <span class='ocr_line' id='line_1_25' title="bbox 1857 1019 3436 1093; baseline 0.004 -20"><span class='ocrx_word' id='word_1_160' title='bbox 1857 1019 1912 1073; x_wconf 91' lang='lat' dir='ltr'><strong>in</strong></span> <span class='ocrx_word' id='word_1_161' title='bbox 1969 1034 2214 1074; x_wconf 88' lang='lat' dir='ltr'><strong>errorem</strong></span> <span class='ocrx_word' id='word_1_162' title='bbox 2253 1020 2544 1075; x_wconf 83' lang='lat' dir='ltr'><strong>inclinatos</strong></span> <span class='ocrx_word' id='word_1_163' title='bbox 2576 1034 2629 1076; x_wconf 89' lang='lat' dir='ltr'><strong>et</strong></span> <span class='ocrx_word' id='word_1_164' title='bbox 2650 1023 2760 1091; x_wconf 82' lang='lat' dir='ltr'><strong>jam</strong></span> <span class='ocrx_word' id='word_1_165' title='bbox 2802 1024 2985 1091; x_wconf 83' lang='lat' dir='ltr'><strong>lapsos</strong></span> <span class='ocrx_word' id='word_1_166' title='bbox 3036 1026 3191 1093; x_wconf 72' lang='lat' dir='ltr'><strong>quasi</strong></span> <span class='ocrx_word' id='word_1_167' title='bbox 3229 1041 3436 1082; x_wconf 80' lang='lat' dir='ltr'><strong>conve-</strong></span> 
     </span>
    </p>
   </div>
   <div class='ocr_carea' id='block_1_26' title="bbox 1859 1110 3440 1193">
    <p class='ocr_par' dir='ltr' id='par_1_26' title="bbox 1859 1110 3440 1193">
     <span class='ocr_line' id='line_1_26' title="bbox 1859 1110 3440 1193; baseline 0.006 -29"><span class='ocrx_word' id='word_1_168' title='bbox 1859 1110 2099 1166; x_wconf 87' lang='lat' dir='ltr'><strong>nientius</strong></span> <span class='ocrx_word' id='word_1_169' title='bbox 2164 1122 2281 1168; x_wconf 85' lang='lat' dir='ltr'><strong>erat</strong></span> <span class='ocrx_word' id='word_1_170' title='bbox 2356 1112 2590 1168; x_wconf 81' lang='lat' dir='ltr'><strong>Verbum</strong></span> <span class='ocrx_word' id='word_1_171' title='bbox 2626 1130 2654 1167; x_wconf 92' lang='lat' dir='ltr'><strong>a</strong></span> <span class='ocrx_word' id='word_1_172' title='bbox 2698 1124 2926 1193; x_wconf 74' lang='lat' dir='ltr'><strong>peccato</strong></span> <span class='ocrx_word' id='word_1_173' title='bbox 2982 1116 3291 1185; x_wconf 88' lang='lat' dir='ltr'><strong>reducere;</strong></span> <span class='ocrx_word' id='word_1_174' title='bbox 3355 1120 3440 1173; x_wconf 88' lang='lat' dir='ltr'><strong>id-</strong></span> 
     </span>
    </p>
   </div>
   <div class='ocr_carea' id='block_1_27' title="bbox 1860 1203 3442 1272">
    <p class='ocr_par' dir='ltr' id='par_1_27' title="bbox 1860 1203 3442 1272">
     <span class='ocr_line' id='line_1_27' title="bbox 1860 1203 3442 1272; baseline 0.004 -14"><span class='ocrx_word' id='word_1_175' title='bbox 1860 1208 2013 1258; x_wconf 86' lang='lat' dir='ltr'><strong>circo</strong></span> <span class='ocrx_word' id='word_1_176' title='bbox 2066 1203 2423 1272; x_wconf 86' lang='lat' dir='ltr'><strong>dispensatur</strong></span> <span class='ocrx_word' id='word_1_177' title='bbox 2480 1206 2549 1259; x_wconf 89' lang='lat' dir='ltr'><strong>ab</strong></span> <span class='ocrx_word' id='word_1_178' title='bbox 2588 1205 2993 1260; x_wconf 86' lang='lat' dir='ltr'><strong>irrationalium</strong></span> <span class='ocrx_word' id='word_1_179' title='bbox 3019 1209 3241 1263; x_wconf 82' lang='lat' dir='ltr'><strong>stabulo</strong></span> <span class='ocrx_word' id='word_1_180' title='bbox 3279 1225 3442 1265; x_wconf 83' lang='lat' dir='ltr'><strong>revo-</strong></span> 
     </span>
    </p>
   </div>
   <div class='ocr_carea' id='block_1_28' title="bbox 1860 1293 3437 1361">
    <p class='ocr_par' dir='ltr' id='par_1_28' title="bbox 1860 1293 3437 1361">
     <span class='ocr_line' id='line_1_28' title="bbox 1860 1293 3437 1361; baseline 0.006 -15"><span class='ocrx_word' id='word_1_181' title='bbox 1860 1308 1989 1347; x_wconf 82' lang='lat' dir='ltr'><strong>care</strong></span> <span class='ocrx_word' id='word_1_182' title='bbox 2023 1295 2118 1361; x_wconf 84' lang='lat' dir='ltr'><strong>qui</strong></span> <span class='ocrx_word' id='word_1_183' title='bbox 2146 1294 2346 1348; x_wconf 87' lang='lat' dir='ltr'><strong>insidet</strong></span> <span class='ocrx_word' id='word_1_184' title='bbox 2363 1293 2685 1360; x_wconf 80' lang='lat' dir='ltr'><strong>Clierubim,</strong></span> <span class='ocrx_word' id='word_1_185' title='bbox 2708 1308 2761 1351; x_wconf 93' lang='lat' dir='ltr'><strong>et</strong></span> <span class='ocrx_word' id='word_1_186' title='bbox 2784 1297 3141 1353; x_wconf 75' lang='lat' dir='ltr'><strong>discumbere</strong></span> <span class='ocrx_word' id='word_1_187' title='bbox 3160 1299 3213 1353; x_wconf 93' lang='lat' dir='ltr'><strong>iu</strong></span> <span class='ocrx_word' id='word_1_188' title='bbox 3255 1302 3437 1355; x_wconf 90' lang='lat' dir='ltr'><strong>medio</strong></span> 
     </span>
    </p>
   </div>
   <div class='ocr_carea' id='block_1_29' title="bbox 1865 1385 3440 1461">
    <p class='ocr_par' dir='ltr' id='par_1_29' title="bbox 1865 1385 3440 1461">
     <span class='ocr_line' id='line_1_29' title="bbox 1865 1385 3440 1461; baseline 0.006 -23"><span class='ocrx_word' id='word_1_189' title='bbox 1865 1385 2268 1439; x_wconf 88' lang='lat' dir='ltr'><strong>irrationalium</strong></span> <span class='ocrx_word' id='word_1_190' title='bbox 2300 1386 2619 1441; x_wconf 81' lang='lat' dir='ltr'><strong>Creatorem</strong></span> <span class='ocrx_word' id='word_1_191' title='bbox 2672 1388 2857 1443; x_wconf 92' lang='lat' dir='ltr'><strong>omnis</strong></span> <span class='ocrx_word' id='word_1_192' title='bbox 2918 1399 3189 1445; x_wconf 64' lang='lat' dir='ltr'><strong>creaturae</strong></span> <span class='ocrx_word' id='word_1_193' title='bbox 3241 1394 3440 1461; x_wconf 90' lang='lat' dir='ltr'><strong>pannis</strong></span> 
     </span>
    </p>
   </div>
   <div class='ocr_carea' id='block_1_30' title="bbox 1866 1477 3435 1553">
    <p class='ocr_par' dir='ltr' id='par_1_30' title="bbox 1866 1477 3435 1553">
     <span class='ocr_line' id='line_1_30' title="bbox 1866 1477 3435 1553; baseline 0.006 -22"><span class='ocrx_word' id='word_1_194' title='bbox 1866 1477 2191 1532; x_wconf 83' lang='lat' dir='ltr'><strong>involutum.</strong></span> <span class='ocrx_word' id='word_1_195' title='bbox 2224 1477 2509 1549; x_wconf 83' lang='lat' dir='ltr'><strong>Cogitabis</strong></span> <span class='ocrx_word' id='word_1_196' title='bbox 2532 1479 2886 1550; x_wconf 87' lang='lat' dir='ltr'><strong>probabiliter</strong></span> <span class='ocrx_word' id='word_1_197' title='bbox 2902 1483 3030 1551; x_wconf 86' lang='lat' dir='ltr'><strong>quia</strong></span> <span class='ocrx_word' id='word_1_198' title='bbox 3057 1486 3304 1553; x_wconf 82' lang='lat' dir='ltr'><strong>oportuit</strong></span> <span class='ocrx_word' id='word_1_199' title='bbox 3326 1486 3435 1539; x_wconf 83' lang='lat' dir='ltr'><strong>im-</strong></span> 
     </span>
    </p>
   </div>
   <div class='ocr_carea' id='block_1_31' title="bbox 1865 1572 3441 1643">
    <p class='ocr_par' dir='ltr' id='par_1_31' title="bbox 1865 1572 3441 1643">
     <span class='ocr_line' id='line_1_31' title="bbox 1865 1572 3441 1643; baseline 0.005 -19"><span class='ocrx_word' id='word_1_200' title='bbox 1865 1572 2183 1626; x_wconf 82' lang='lat' dir='ltr'><strong>mutabilem</strong></span> <span class='ocrx_word' id='word_1_201' title='bbox 2214 1581 2269 1627; x_wconf 92' lang='lat' dir='ltr'><strong>et</strong></span> <span class='ocrx_word' id='word_1_202' title='bbox 2298 1573 2602 1627; x_wconf 76' lang='lat' dir='ltr'><strong>naturalem</strong></span> <span class='ocrx_word' id='word_1_203' title='bbox 2635 1572 2815 1629; x_wconf 80' lang='lat' dir='ltr'><strong>Patris</strong></span> <span class='ocrx_word' id='word_1_204' title='bbox 2850 1575 3165 1643; x_wconf 77' lang='lat' dir='ltr'><strong>imaginem,</strong></span> <span class='ocrx_word' id='word_1_205' title='bbox 3199 1578 3265 1629; x_wconf 90' lang='lat' dir='ltr'><strong>ad</strong></span> <span class='ocrx_word' id='word_1_206' title='bbox 3300 1577 3441 1632; x_wconf 84' lang='lat' dir='ltr'><strong>ima-</strong></span> 
     </span>
    </p>
   </div>
   <div class='ocr_carea' id='block_1_32' title="bbox 1866 1662 3442 1733">
    <p class='ocr_par' dir='ltr' id='par_1_32' title="bbox 1866 1662 3442 1733">
     <span class='ocr_line' id='line_1_32' title="bbox 1866 1662 3442 1733; baseline 0.006 -20"><span class='ocrx_word' id='word_1_207' title='bbox 1866 1663 2042 1731; x_wconf 87' lang='lat' dir='ltr'><strong>ginem</strong></span> <span class='ocrx_word' id='word_1_208' title='bbox 2078 1662 2173 1717; x_wconf 86' lang='lat' dir='ltr'><strong>Dei</strong></span> <span class='ocrx_word' id='word_1_209' title='bbox 2201 1674 2252 1718; x_wconf 90' lang='lat' dir='ltr'><strong>et</strong></span> <span class='ocrx_word' id='word_1_210' title='bbox 2277 1665 2465 1733; x_wconf 75' lang='lat' dir='ltr'><strong>gratia:</strong></span> <span class='ocrx_word' id='word_1_211' title='bbox 2496 1664 2826 1731; x_wconf 89' lang='lat' dir='ltr'><strong>productos:</strong></span> <span class='ocrx_word' id='word_1_212' title='bbox 2855 1666 3226 1721; x_wconf 85' lang='lat' dir='ltr'><strong>adulterantes</strong></span> <span class='ocrx_word' id='word_1_213' title='bbox 3258 1677 3442 1725; x_wconf 85' lang='lat' dir='ltr'><strong>autem</strong></span> 
     </span>
    </p>
   </div>
   <div class='ocr_carea' id='block_1_33' title="bbox 1866 1753 3448 1827">
    <p class='ocr_par' dir='ltr' id='par_1_33' title="bbox 1866 1753 3448 1827">
     <span class='ocr_line' id='line_1_33' title="bbox 1866 1753 3448 1827; baseline 0.004 -18"><span class='ocrx_word' id='word_1_214' title='bbox 1866 1764 1920 1809; x_wconf 88' lang='lat' dir='ltr'><strong>et</strong></span> <span class='ocrx_word' id='word_1_215' title='bbox 1949 1753 2310 1823; x_wconf 74' lang='lat' dir='ltr'><strong>depravantes</strong></span> <span class='ocrx_word' id='word_1_216' title='bbox 2341 1755 2782 1819; x_wconf 83' lang='lat' dir='ltr'><strong>similitudinem,</strong></span> <span class='ocrx_word' id='word_1_217' title='bbox 2813 1772 2911 1827; x_wconf 88' lang='lat' dir='ltr'><strong>per</strong></span> <span class='ocrx_word' id='word_1_218' title='bbox 2956 1760 3355 1815; x_wconf 83' lang='lat' dir='ltr'><strong>immutabilem</strong></span> <span class='ocrx_word' id='word_1_219' title='bbox 3390 1771 3448 1815; x_wconf 90' lang='lat' dir='ltr'><strong>et</strong></span> 
     </span>
    </p>
   </div>
   <div class='ocr_carea' id='block_1_34' title="bbox 182 1831 1791 1927">
    <p class='ocr_par' dir='ltr' id='par_1_34' title="bbox 182 1831 1762 1927">
     <span class='ocr_line' id='line_1_34' title="bbox 182 1831 1762 1927; baseline -0.01 -12"><span class='ocrx_word' id='word_1_220' title='bbox 182 1831 515 1916; x_wconf 44' lang='grc' dir='ltr'>κατ’-εἰκόνα</span> <span class='ocrx_word' id='word_1_221' title='bbox 549 1859 647 1927; x_wconf 84' lang='grc' dir='ltr'><strong>μὲν</strong></span> <span class='ocrx_word' id='word_1_222' title='bbox 675 1831 811 1910; x_wconf 80' lang='grc' dir='ltr'>Θεοῦ</span> <span class='ocrx_word' id='word_1_223' title='bbox 842 1855 936 1909; x_wconf 77' lang='grc' dir='ltr'>καὶ</span> <span class='ocrx_word' id='word_1_224' title='bbox 962 1831 1143 1924; x_wconf 79' lang='grc' dir='ltr'>χάριτι</span> <span class='ocrx_word' id='word_1_225' title='bbox 1170 1851 1486 1920; x_wconf 81' lang='grc' dir='ltr'>γεγονότας,</span> <span class='ocrx_word' id='word_1_226' title='bbox 1508 1865 1762 1919; x_wconf 84' lang='grc' dir='ltr'>παραχα-</span> 
     </span>
    </p>
   </div>
   <div class='ocr_carea' id='block_1_35' title="bbox 1895 1831 3439 1927">
    <p class='ocr_par' dir='ltr' id='par_1_35' title="bbox 1895 1846 3439 1919">
     <span class='ocr_line' id='line_1_35' title="bbox 1895 1846 3439 1919; baseline 0.005 -19"><span class='ocrx_word' id='word_1_227' title='bbox 1895 1846 2495 1914; x_wconf 72' lang='lat' dir='ltr'><strong>naturalemimaginem</strong></span> <span class='ocrx_word' id='word_1_228' title='bbox 2547 1848 2615 1902; x_wconf 92' lang='lat' dir='ltr'><strong>ad</strong></span> <span class='ocrx_word' id='word_1_229' title='bbox 2644 1849 2924 1919; x_wconf 89' lang='lat' dir='ltr'><strong>antiquam</strong></span> <span class='ocrx_word' id='word_1_230' title='bbox 2981 1859 3035 1903; x_wconf 90' lang='lat' dir='ltr'><strong>et</strong></span> <span class='ocrx_word' id='word_1_231' title='bbox 3080 1851 3439 1907; x_wconf 77' lang='lat' dir='ltr'><strong>excellentem</strong></span> 
     </span>
    </p>
   </div>
   <div class='ocr_carea' id='block_1_36' title="bbox 188 1940 1765 2023">
    <p class='ocr_par' dir='ltr' id='par_1_36' title="bbox 188 1940 1765 2023">
     <span class='ocr_line' id='line_1_36' title="bbox 188 1940 1765 2023; baseline -0.011 -15"><span class='ocrx_word' id='word_1_232' title='bbox 188 1952 461 2023; x_wconf 80' lang='grc' dir='ltr'>ράξαντας</span> <span class='ocrx_word' id='word_1_233' title='bbox 513 1950 570 2002; x_wconf 81' lang='grc' dir='ltr'>δὲ</span> <span class='ocrx_word' id='word_1_234' title='bbox 617 1949 711 2003; x_wconf 76' lang='grc' dir='ltr'><strong>καὶ</strong></span> <span class='ocrx_word' id='word_1_235' title='bbox 760 1943 1364 2014; x_wconf 82' lang='grc' dir='ltr'>κατακιϐδηλεύσαντας</span> <span class='ocrx_word' id='word_1_236' title='bbox 1396 1941 1457 1994; x_wconf 86' lang='grc' dir='ltr'><strong>τὸ</strong></span> <span class='ocrx_word' id='word_1_237' title='bbox 1492 1940 1765 2009; x_wconf 88' lang='grc' dir='ltr'>ὁμοίωμα,</span> 
     </span>
    </p>
   </div>
   <div class='ocr_carea' id='block_1_37' title="bbox 182 2046 434 2115">
    <p class='ocr_par' dir='ltr' id='par_1_37' title="bbox 182 2046 434 2115">
     <span class='ocr_line' id='line_1_37' title="bbox 182 2046 434 2115; baseline -0.004 -15"><span class='ocrx_word' id='word_1_238' title='bbox 182 2047 275 2100; x_wconf 62' lang='grc' dir='ltr'><strong>διὰ</strong></span> <span class='ocrx_word' id='word_1_239' title='bbox 335 2046 434 2115; x_wconf 85' lang='grc' dir='ltr'>τῆς</span> 
     </span>
    </p>
   </div>
   <div class='ocr_carea' id='block_1_38' title="bbox 184 2156 370 2192">
    <p class='ocr_par' dir='ltr' id='par_1_38' title="bbox 184 2156 370 2192">
     <span class='ocr_line' id='line_1_38' title="bbox 184 2156 370 2192; baseline 0 -1"><span class='ocrx_word' id='word_1_240' title='bbox 184 2156 370 2192; x_wconf 84' lang='grc' dir='ltr'>πειαν.</span> 
     </span>
    </p>
   </div>
   <div class='ocr_carea' id='block_1_39' title="bbox 258 2225 1766 2298">
    <p class='ocr_par' dir='ltr' id='par_1_39' title="bbox 258 2225 1766 2298">
     <span class='ocr_line' id='line_1_39' title="bbox 258 2225 1766 2298; baseline -0.005 -13"><span class='ocrx_word' id='word_1_241' title='bbox 258 2234 323 2285; x_wconf 84' lang='grc' dir='ltr'><strong>δ’.</strong></span> <span class='ocrx_word' id='word_1_242' title='bbox 362 2231 436 2283; x_wconf 72' lang='grc' dir='ltr'><strong>Σὺ</strong></span> <span class='ocrx_word' id='word_1_243' title='bbox 463 2230 520 2283; x_wconf 79' lang='grc' dir='ltr'>δὲ</span> <span class='ocrx_word' id='word_1_244' title='bbox 548 2230 643 2282; x_wconf 69' lang='grc' dir='ltr'><strong>καὶ</strong></span> <span class='ocrx_word' id='word_1_245' title='bbox 674 2228 834 2282; x_wconf 81' lang='grc' dir='ltr'>τοῦτο</span> <span class='ocrx_word' id='word_1_246' title='bbox 865 2227 1103 2297; x_wconf 78' lang='grc' dir='ltr'>λογίζου.</span> <span class='ocrx_word' id='word_1_247' title='bbox 1141 2225 1298 2280; x_wconf 74' lang='grc' dir='ltr'>Ἐπεὶ</span> <span class='ocrx_word' id='word_1_248' title='bbox 1327 2225 1521 2298; x_wconf 75' lang='grc' dir='ltr'>κριτὴς</span> <span class='ocrx_word' id='word_1_249' title='bbox 1548 2225 1766 2290; x_wconf 75' lang='grc' dir='ltr'>ζώντων</span> 
     </span>
    </p>
   </div>
   <div class='ocr_carea' id='block_1_40' title="bbox 186 2314 1769 2390">
    <p class='ocr_par' dir='ltr' id='par_1_40' title="bbox 186 2314 1769 2390">
     <span class='ocr_line' id='line_1_40' title="bbox 186 2314 1769 2390; baseline -0.006 -13"><span class='ocrx_word' id='word_1_250' title='bbox 186 2324 284 2378; x_wconf 73' lang='grc' dir='ltr'>καὶ</span> <span class='ocrx_word' id='word_1_251' title='bbox 316 2320 524 2390; x_wconf 79' lang='grc' dir='ltr'>νεκρῶν</span> <span class='ocrx_word' id='word_1_252' title='bbox 550 2320 577 2372; x_wconf 86' lang='grc' dir='ltr'><strong>ό</strong></span> <span class='ocrx_word' id='word_1_253' title='bbox 610 2318 757 2379; x_wconf 77' lang='grc' dir='ltr'>Υἱὸς,</span> <span class='ocrx_word' id='word_1_254' title='bbox 783 2319 901 2385; x_wconf 77' lang='grc' dir='ltr'><strong>Τὴν</strong></span> <span class='ocrx_word' id='word_1_255' title='bbox 930 2318 1041 2387; x_wconf 76' lang='grc' dir='ltr'>γὰρ</span> <span class='ocrx_word' id='word_1_256' title='bbox 1072 2318 1276 2386; x_wconf 77' lang='grc' dir='ltr'>κρίσιν</span> <span class='ocrx_word' id='word_1_257' title='bbox 1299 2314 1506 2370; x_wconf 79' lang='grc' dir='ltr'>πᾶσαν</span> <span class='ocrx_word' id='word_1_258' title='bbox 1530 2314 1769 2378; x_wconf 79' lang='grc' dir='ltr'>δέδωκε,</span> 
     </span>
    </p>
   </div>
   <div class='ocr_carea' id='block_1_41' title="bbox 188 2407 1773 2484">
    <p class='ocr_par' dir='ltr' id='par_1_41' title="bbox 188 2407 1773 2484">
     <span class='ocr_line' id='line_1_41' title="bbox 188 2407 1773 2484; baseline -0.006 -17"><span class='ocrx_word' id='word_1_259' title='bbox 188 2417 350 2484; x_wconf 69' lang='grc' dir='ltr'>φησὶ,</span> <span class='ocrx_word' id='word_1_260' title='bbox 400 2409 483 2477; x_wconf 80' lang='grc' dir='ltr'>τῷ</span> <span class='ocrx_word' id='word_1_261' title='bbox 540 2409 669 2474; x_wconf 81' lang='grc' dir='ltr'><strong>Υιῷ,</strong></span> <span class='ocrx_word' id='word_1_262' title='bbox 701 2409 792 2463; x_wconf 84' lang='grc' dir='ltr'>διὰ</span> <span class='ocrx_word' id='word_1_263' title='bbox 820 2408 976 2462; x_wconf 83' lang='grc' dir='ltr'>τοῦτο</span> <span class='ocrx_word' id='word_1_264' title='bbox 1004 2410 1093 2462; x_wconf 82' lang='grc' dir='ltr'><strong>τὸν</strong></span> <span class='ocrx_word' id='word_1_265' title='bbox 1128 2408 1390 2478; x_wconf 82' lang='grc' dir='ltr'>μέλλοντα</span> <span class='ocrx_word' id='word_1_266' title='bbox 1428 2407 1635 2478; x_wconf 78' lang='grc' dir='ltr'>κρίνειν</span> <span class='ocrx_word' id='word_1_267' title='bbox 1680 2408 1773 2458; x_wconf 75' lang='grc' dir='ltr'><strong>καὶ</strong></span> 
     </span>
    </p>
   </div>
   <div class='ocr_carea' id='block_1_42' title="bbox 189 2498 1773 2570">
    <p class='ocr_par' dir='ltr' id='par_1_42' title="bbox 189 2498 1773 2570">
     <span class='ocr_line' id='line_1_42' title="bbox 189 2498 1773 2570; baseline -0.005 -11"><span class='ocrx_word' id='word_1_268' title='bbox 189 2506 440 2568; x_wconf 75' lang='grc' dir='ltr'>δικάζειν</span> <span class='ocrx_word' id='word_1_269' title='bbox 467 2503 594 2565; x_wconf 75' lang='grc' dir='ltr'>τοὺς</span> <span class='ocrx_word' id='word_1_270' title='bbox 631 2501 983 2570; x_wconf 83' lang='grc' dir='ltr'>βεϐιωκότας,</span> <span class='ocrx_word' id='word_1_271' title='bbox 1015 2500 1204 2553; x_wconf 79' lang='grc' dir='ltr'>τοῦτον</span> <span class='ocrx_word' id='word_1_272' title='bbox 1236 2500 1398 2554; x_wconf 72' lang='grc' dir='ltr'>αὐτὸν</span> <span class='ocrx_word' id='word_1_273' title='bbox 1432 2500 1525 2552; x_wconf 81' lang='grc' dir='ltr'>καὶ</span> <span class='ocrx_word' id='word_1_274' title='bbox 1552 2498 1773 2568; x_wconf 82' lang='grc' dir='ltr'>νομοθέ-</span> 
     </span>
    </p>
   </div>
   <div class='ocr_carea' id='block_1_43' title="bbox 191 2591 1773 2667">
    <p class='ocr_par' dir='ltr' id='par_1_43' title="bbox 191 2591 1773 2667">
     <span class='ocr_line' id='line_1_43' title="bbox 191 2591 1773 2667; baseline -0.004 -17"><span class='ocrx_word' id='word_1_275' title='bbox 191 2614 298 2667; x_wconf 89' lang='grc' dir='ltr'><strong>την</strong></span> <span class='ocrx_word' id='word_1_276' title='bbox 337 2597 445 2650; x_wconf 77' lang='grc' dir='ltr'>ἔδει</span> <span class='ocrx_word' id='word_1_277' title='bbox 478 2596 573 2648; x_wconf 75' lang='grc' dir='ltr'><strong>καὶ</strong></span> <span class='ocrx_word' id='word_1_278' title='bbox 615 2594 917 2663; x_wconf 85' lang='grc' dir='ltr'>είσηγητὴν</span> <span class='ocrx_word' id='word_1_279' title='bbox 964 2593 1195 2663; x_wconf 78' lang='grc' dir='ltr'>ὁρᾶσθαι</span> <span class='ocrx_word' id='word_1_280' title='bbox 1224 2592 1333 2644; x_wconf 85' lang='grc' dir='ltr'>τῶν</span> <span class='ocrx_word' id='word_1_281' title='bbox 1366 2591 1678 2662; x_wconf 79' lang='grc' dir='ltr'>πρακτέων,</span> <span class='ocrx_word' id='word_1_282' title='bbox 1711 2591 1773 2643; x_wconf 77' lang='grc' dir='ltr'>οὗ</span> 
     </span>
    </p>
   </div>
   <div class='ocr_carea' id='block_1_44' title="bbox 198 2682 1777 2761">
    <p class='ocr_par' dir='ltr' id='par_1_44' title="bbox 198 2682 1777 2761">
     <span class='ocr_line' id='line_1_44' title="bbox 198 2682 1777 2761; baseline -0.004 -19"><span class='ocrx_word' id='word_1_283' title='bbox 198 2692 413 2761; x_wconf 75' lang='grc' dir='ltr'>ῥήμασι</span> <span class='ocrx_word' id='word_1_284' title='bbox 473 2686 609 2758; x_wconf 82' lang='grc' dir='ltr'>πρὸς</span> <span class='ocrx_word' id='word_1_285' title='bbox 656 2685 753 2754; x_wconf 78' lang='grc' dir='ltr'>τὴν</span> <span class='ocrx_word' id='word_1_286' title='bbox 786 2684 1016 2755; x_wconf 82' lang='grc' dir='ltr'>μίμησιν</span> <span class='ocrx_word' id='word_1_287' title='bbox 1070 2684 1491 2753; x_wconf 77' lang='grc' dir='ltr'>παρακαλοῦντα</span> <span class='ocrx_word' id='word_1_288' title='bbox 1541 2682 1777 2753; x_wconf 83' lang='grc' dir='ltr'>(πολλοῖς</span> 
     </span>
    </p>
   </div>
   <div class='ocr_carea' id='block_1_45' title="bbox 195 2780 1780 2854">
    <p class='ocr_par' dir='ltr' id='par_1_45' title="bbox 195 2780 1780 2854">
     <span class='ocr_line' id='line_1_45' title="bbox 195 2780 1780 2854; baseline -0.003 -17"><span class='ocrx_word' id='word_1_289' title='bbox 195 2786 312 2854; x_wconf 77' lang='grc' dir='ltr'>γὰρ</span> <span class='ocrx_word' id='word_1_290' title='bbox 354 2782 512 2837; x_wconf 89' lang='grc' dir='ltr'>τοῦτο</span> <span class='ocrx_word' id='word_1_291' title='bbox 558 2781 651 2834; x_wconf 80' lang='grc' dir='ltr'>καὶ</span> <span class='ocrx_word' id='word_1_292' title='bbox 680 2781 861 2844; x_wconf 83' lang='grc' dir='ltr'>ἀλλοις</span> <span class='ocrx_word' id='word_1_293' title='bbox 898 2780 1097 2849; x_wconf 78' lang='grc' dir='ltr'>μελέτη</span> <span class='ocrx_word' id='word_1_294' title='bbox 1139 2782 1232 2835; x_wconf 69' lang='grc' dir='ltr'><strong>καὶ</strong></span> <span class='ocrx_word' id='word_1_295' title='bbox 1277 2780 1599 2850; x_wconf 77' lang='grc' dir='ltr'>σπούδασμα</span> <span class='ocrx_word' id='word_1_296' title='bbox 1650 2797 1780 2834; x_wconf 83' lang='grc' dir='ltr'>κατ-</span> 
     </span>
    </p>
   </div>
   <div class='ocr_carea' id='block_1_46' title="bbox 196 2872 1777 2945">
    <p class='ocr_par' dir='ltr' id='par_1_46' title="bbox 196 2872 1777 2945">
     <span class='ocr_line' id='line_1_46' title="bbox 196 2872 1777 2945; baseline -0.003 -16"><span class='ocrx_word' id='word_1_297' title='bbox 196 2876 358 2945; x_wconf 85' lang='grc' dir='ltr'>έστη,</span> <span class='ocrx_word' id='word_1_298' title='bbox 389 2874 486 2927; x_wconf 74' lang='grc' dir='ltr'>καὶ</span> <span class='ocrx_word' id='word_1_299' title='bbox 525 2874 702 2935; x_wconf 74' lang='grc' dir='ltr'>ἄλλως</span> <span class='ocrx_word' id='word_1_300' title='bbox 728 2872 1171 2942; x_wconf 80' lang='grc' dir='ltr'>δυσκατόρθωτον</span> <span class='ocrx_word' id='word_1_301' title='bbox 1205 2874 1281 2943; x_wconf 77' lang='grc' dir='ltr'><strong>τῷ</strong></span> <span class='ocrx_word' id='word_1_302' title='bbox 1310 2874 1508 2944; x_wconf 81' lang='grc' dir='ltr'>πλήθει</span> <span class='ocrx_word' id='word_1_303' title='bbox 1538 2875 1660 2934; x_wconf 76' lang='grc' dir='ltr'>τοὺς</span> <span class='ocrx_word' id='word_1_304' title='bbox 1690 2872 1777 2924; x_wconf 74' lang='grc' dir='ltr'>λόο</span> 
     </span>
    </p>
   </div>
   <div class='ocr_carea' id='block_1_47' title="bbox 1872 1936 2420 1995">
    <p class='ocr_par' dir='ltr' id='par_1_47' title="bbox 1872 1936 2420 1995">
     <span class='ocr_line' id='line_1_47' title="bbox 1872 1936 2420 1995; baseline 0 -2"><span class='ocrx_word' id='word_1_305' title='bbox 1872 1936 2102 1993; x_wconf 77' lang='lat' dir='ltr'><strong>formam</strong></span> <span class='ocrx_word' id='word_1_306' title='bbox 2138 1938 2420 1995; x_wconf 83' lang='lat' dir='ltr'><strong>reducere.</strong></span> 
     </span>
    </p>
   </div>
   <div class='ocr_carea' id='block_1_48' title="bbox 526 2035 3451 2114">
    <p class='ocr_par' dir='ltr' id='par_1_48' title="bbox 526 2035 3451 2114">
     <span class='ocr_line' id='line_1_48' title="bbox 526 2035 3451 2114; baseline -0.004 -16"><span class='ocrx_word' id='word_1_307' title='bbox 526 2042 945 2114; x_wconf 84' lang='grc' dir='ltr'>ἀπαραλλάκτου</span> <span class='ocrx_word' id='word_1_308' title='bbox 1012 2039 1109 2092; x_wconf 71' lang='grc' dir='ltr'><strong>κα)⁸</strong></span> <span class='ocrx_word' id='word_1_309' title='bbox 1166 2037 1404 2109; x_wconf 76' lang='grc' dir='ltr'>φυσικῆς</span> <span class='ocrx_word' id='word_1_310' title='bbox 1466 2035 1673 2099; x_wconf 77' lang='grc' dir='ltr'>εἰκόνος</span> <span class='ocrx_word' id='word_1_311' title='bbox 1724 2035 1804 2099; x_wconf 83' lang='grc' dir='ltr'><strong>είς</strong></span> <span class='ocrx_word' id='word_1_312' title='bbox 1877 2037 1977 2104; x_wconf 79' lang='grc' dir='ltr'><strong>τὴν</strong></span> <span class='ocrx_word' id='word_1_313' title='bbox 2045 2036 2281 2105; x_wconf 84' lang='grc' dir='ltr'>ἀρχαίαν</span> <span class='ocrx_word' id='word_1_314' title='bbox 2353 2035 2726 2109; x_wconf 73' lang='grc' dir='ltr'>ἐπαναχθῆναι</span> <span class='ocrx_word' id='word_1_315' title='bbox 2795 2038 3010 2111; x_wconf 65' lang='grc' dir='ltr'>μορφὴν</span> <span class='ocrx_word' id='word_1_316' title='bbox 3084 2040 3179 2094; x_wconf 71' lang='grc' dir='ltr'><strong>καὶ</strong></span> <span class='ocrx_word' id='word_1_317' title='bbox 3246 2041 3451 2113; x_wconf 58' lang='grc' dir='ltr'>εὐπρέε</span> 
     </span>
    </p>
   </div>
   <div class='ocr_carea' id='block_1_49' title="bbox 1938 2224 3449 2297">
    <p class='ocr_par' dir='ltr' id='par_1_49' title="bbox 1938 2224 3449 2297">
     <span class='ocr_line' id='line_1_49' title="bbox 1938 2224 3449 2297; baseline 0.005 -19"><span class='ocrx_word' id='word_1_318' title='bbox 1938 2224 1992 2278; x_wconf 78' lang='grc'><strong>4.</strong></span> <span class='ocrx_word' id='word_1_319' title='bbox 2026 2224 2128 2280; x_wconf 86' lang='lat' dir='ltr'><strong>Sed</strong></span> <span class='ocrx_word' id='word_1_320' title='bbox 2150 2233 2203 2278; x_wconf 88' lang='lat' dir='ltr'><strong>et</strong></span> <span class='ocrx_word' id='word_1_321' title='bbox 2221 2224 2351 2279; x_wconf 92' lang='lat' dir='ltr'><strong>illud</strong></span> <span class='ocrx_word' id='word_1_322' title='bbox 2372 2228 2572 2297; x_wconf 82' lang='lat' dir='ltr'><strong>cogita.</strong></span> <span class='ocrx_word' id='word_1_323' title='bbox 2600 2226 2734 2281; x_wconf 90' lang='lat' dir='ltr'><strong>Cum</strong></span> <span class='ocrx_word' id='word_1_324' title='bbox 2763 2227 3010 2282; x_wconf 80' lang='lat' dir='ltr'><strong>vivorum</strong></span> <span class='ocrx_word' id='word_1_325' title='bbox 3034 2236 3087 2283; x_wconf 90' lang='lat' dir='ltr'><strong>et</strong></span> <span class='ocrx_word' id='word_1_326' title='bbox 3106 2240 3449 2286; x_wconf 89' lang='lat' dir='ltr'><strong>mortuorum</strong></span> 
     </span>
    </p>
   </div>
   <div class='ocr_carea' id='block_1_50' title="bbox 1864 2318 3457 2392">
    <p class='ocr_par' dir='ltr' id='par_1_50' title="bbox 1864 2318 3457 2392">
     <span class='ocr_line' id='line_1_50' title="bbox 1864 2318 3457 2392; baseline 0.007 -23"><span class='ocrx_word' id='word_1_327' title='bbox 1864 2318 2026 2387; x_wconf 87' lang='lat' dir='ltr'><strong>judex</strong></span> <span class='ocrx_word' id='word_1_328' title='bbox 2086 2319 2159 2374; x_wconf 87' lang='lat' dir='ltr'><strong>sit</strong></span> <span class='ocrx_word' id='word_1_329' title='bbox 2212 2318 2382 2374; x_wconf 78' lang='lat' dir='ltr'><strong>Filius</strong></span> <span class='ocrx_word' id='word_1_330' title='bbox 2425 2338 2438 2373; x_wconf 90' lang='lat'>:</span> <span class='ocrx_word' id='word_1_331' title='bbox 2476 2319 2644 2376; x_wconf 78' lang='lat' dir='ltr'><strong>Omne</strong></span> <span class='ocrx_word' id='word_1_332' title='bbox 2670 2323 2836 2387; x_wconf 89' lang='lat' dir='ltr'><strong>enim,</strong></span> <span class='ocrx_word' id='word_1_333' title='bbox 2890 2323 2987 2387; x_wconf 88' lang='lat' dir='ltr'><strong>ait,</strong></span> <span class='ocrx_word' id='word_1_334' title='bbox 3029 2324 3297 2392; x_wconf 80' lang='lat' dir='ltr'><strong>judicium</strong></span> <span class='ocrx_word' id='word_1_335' title='bbox 3364 2326 3457 2380; x_wconf 84' lang='lat' dir='ltr'><strong>de-</strong></span> 
     </span>
    </p>
   </div>
   <div class='ocr_carea' id='block_1_51' title="bbox 1870 2407 3455 2483">
    <p class='ocr_par' dir='ltr' id='par_1_51' title="bbox 1870 2407 3455 2483">
     <span class='ocr_line' id='line_1_51' title="bbox 1870 2407 3455 2483; baseline 0.008 -22"><span class='ocrx_word' id='word_1_336' title='bbox 1870 2410 1947 2462; x_wconf 86' lang='lat' dir='ltr'><strong>dit</strong></span> <span class='ocrx_word' id='word_1_337' title='bbox 1982 2407 2124 2464; x_wconf 80' lang='lat' dir='ltr'><strong>Filio</strong></span> <span class='ocrx_word' id='word_1_338' title='bbox 2165 2412 2188 2443; x_wconf 82' lang='grc'><strong>⁸</strong></span> <span class='ocrx_word' id='word_1_339' title='bbox 2219 2426 2233 2463; x_wconf 92' lang='lat'><strong>:</strong></span> <span class='ocrx_word' id='word_1_340' title='bbox 2285 2413 2428 2478; x_wconf 89' lang='lat' dir='ltr'><strong>ideo,</strong></span> <span class='ocrx_word' id='word_1_341' title='bbox 2454 2414 2581 2483; x_wconf 88' lang='lat' dir='ltr'><strong>quia</strong></span> <span class='ocrx_word' id='word_1_342' title='bbox 2601 2414 2848 2481; x_wconf 80' lang='lat' dir='ltr'><strong>judicare</strong></span> <span class='ocrx_word' id='word_1_343' title='bbox 2868 2414 3237 2483; x_wconf 87' lang='lat' dir='ltr'><strong>etjustificare</strong></span> <span class='ocrx_word' id='word_1_344' title='bbox 3263 2433 3455 2474; x_wconf 75' lang='lat' dir='ltr'><strong>omnes</strong></span> 
     </span>
    </p>
   </div>
   <div class='ocr_carea' id='block_1_52' title="bbox 1878 2503 3452 2581">
    <p class='ocr_par' dir='ltr' id='par_1_52' title="bbox 1878 2503 3452 2581">
     <span class='ocr_line' id='line_1_52' title="bbox 1878 2503 3452 2581; baseline 0.007 -27"><span class='ocrx_word' id='word_1_345' title='bbox 1878 2503 1970 2569; x_wconf 79' lang='lat' dir='ltr'><strong>qui</strong></span> <span class='ocrx_word' id='word_1_346' title='bbox 1997 2503 2255 2557; x_wconf 84' lang='lat' dir='ltr'><strong>vixerunt</strong></span> <span class='ocrx_word' id='word_1_347' title='bbox 2304 2506 2506 2570; x_wconf 80' lang='lat' dir='ltr'><strong>veniet,</strong></span> <span class='ocrx_word' id='word_1_348' title='bbox 2551 2508 2836 2576; x_wconf 76' lang='lat' dir='ltr'><strong>Oportebat</strong></span> <span class='ocrx_word' id='word_1_349' title='bbox 2872 2509 3051 2577; x_wconf 91' lang='lat' dir='ltr'><strong>ipsum</strong></span> <span class='ocrx_word' id='word_1_350' title='bbox 3084 2509 3452 2581; x_wconf 78' lang='lat' dir='ltr'><strong>legislaturem</strong></span> 
     </span>
    </p>
   </div>
   <div class='ocr_carea' id='block_1_53' title="bbox 1879 2593 3457 2661">
    <p class='ocr_par' dir='ltr' id='par_1_53' title="bbox 1879 2593 3457 2661">
     <span class='ocr_line' id='line_1_53' title="bbox 1879 2593 3457 2661; baseline 0.008 -15"><span class='ocrx_word' id='word_1_351' title='bbox 1879 2593 2277 2648; x_wconf 89' lang='lat' dir='ltr'><strong>etmonitorem</strong></span> <span class='ocrx_word' id='word_1_352' title='bbox 2310 2594 2484 2650; x_wconf 81' lang='lat' dir='ltr'><strong>videri</strong></span> <span class='ocrx_word' id='word_1_353' title='bbox 2518 2596 2809 2661; x_wconf 86' lang='lat' dir='ltr'><strong>factorum,</strong></span> <span class='ocrx_word' id='word_1_354' title='bbox 2851 2613 2962 2653; x_wconf 88' lang='lat' dir='ltr'><strong>non</strong></span> <span class='ocrx_word' id='word_1_355' title='bbox 3005 2601 3190 2656; x_wconf 87' lang='lat' dir='ltr'><strong>verbis</strong></span> <span class='ocrx_word' id='word_1_356' title='bbox 3219 2603 3287 2657; x_wconf 91' lang='lat' dir='ltr'><strong>ad</strong></span> <span class='ocrx_word' id='word_1_357' title='bbox 3333 2605 3457 2657; x_wconf 90' lang='lat' dir='ltr'><strong>imi-</strong></span> 
     </span>
    </p>
   </div>
   <div class='ocr_carea' id='block_1_54' title="bbox 1881 2684 3457 2757">
    <p class='ocr_par' dir='ltr' id='par_1_54' title="bbox 1881 2684 3457 2757">
     <span class='ocr_line' id='line_1_54' title="bbox 1881 2684 3457 2757; baseline 0.01 -21"><span class='ocrx_word' id='word_1_358' title='bbox 1881 2684 2138 2738; x_wconf 83' lang='lat' dir='ltr'><strong>tationem</strong></span> <span class='ocrx_word' id='word_1_359' title='bbox 2172 2685 2481 2741; x_wconf 88' lang='lat' dir='ltr'><strong>hortantem</strong></span> <span class='ocrx_word' id='word_1_360' title='bbox 2536 2688 2745 2757; x_wconf 88' lang='lat' dir='ltr'><strong>(multis</strong></span> <span class='ocrx_word' id='word_1_361' title='bbox 2780 2690 2927 2744; x_wconf 89' lang='lat' dir='ltr'><strong>enim</strong></span> <span class='ocrx_word' id='word_1_362' title='bbox 2986 2690 3111 2745; x_wconf 89' lang='lat' dir='ltr'><strong>aliis</strong></span> <span class='ocrx_word' id='word_1_363' title='bbox 3159 2694 3274 2749; x_wconf 66' lang='lat' dir='ltr'><strong>lucc</strong></span> <span class='ocrx_word' id='word_1_364' title='bbox 3320 2711 3457 2751; x_wconf 87' lang='lat' dir='ltr'><strong>cura</strong></span> 
     </span>
    </p>
   </div>
   <div class='ocr_carea' id='block_1_55' title="bbox 1881 2772 3458 2842">
    <p class='ocr_par' dir='ltr' id='par_1_55' title="bbox 1881 2772 3458 2842">
     <span class='ocr_line' id='line_1_55' title="bbox 1881 2772 3458 2842; baseline 0.01 -17"><span class='ocrx_word' id='word_1_365' title='bbox 1881 2782 1936 2825; x_wconf 92' lang='lat' dir='ltr'><strong>et</strong></span> <span class='ocrx_word' id='word_1_366' title='bbox 1979 2772 2252 2842; x_wconf 83' lang='lat' dir='ltr'><strong>diligentia</strong></span> <span class='ocrx_word' id='word_1_367' title='bbox 2287 2772 2413 2839; x_wconf 88' lang='lat' dir='ltr'><strong>fuit,</strong></span> <span class='ocrx_word' id='word_1_368' title='bbox 2450 2784 2505 2830; x_wconf 92' lang='lat' dir='ltr'><strong>et</strong></span> <span class='ocrx_word' id='word_1_369' title='bbox 2578 2777 2675 2831; x_wconf 89' lang='lat' dir='ltr'><strong>sic</strong></span> <span class='ocrx_word' id='word_1_370' title='bbox 2700 2788 2909 2832; x_wconf 86' lang='lat' dir='ltr'><strong>tantum</strong></span> <span class='ocrx_word' id='word_1_371' title='bbox 2960 2777 3259 2836; x_wconf 82' lang='lat' dir='ltr'><strong>multitudo</strong></span> <span class='ocrx_word' id='word_1_372' title='bbox 3296 2786 3458 2841; x_wconf 84' lang='lat' dir='ltr'><strong>verba</strong></span> 
     </span>
    </p>
   </div>
   <div class='ocr_carea' id='block_1_56' title="bbox 1883 2864 3458 2943">
    <p class='ocr_par' dir='ltr' id='par_1_56' title="bbox 1883 2864 3458 2943">
     <span class='ocr_line' id='line_1_56' title="bbox 1883 2864 3458 2943; baseline 0.008 -26"><span class='ocrx_word' id='word_1_373' title='bbox 1883 2864 2189 2920; x_wconf 87' lang='lat' dir='ltr'><strong>actionibus</strong></span> <span class='ocrx_word' id='word_1_374' title='bbox 2246 2864 2574 2921; x_wconf 80' lang='lat' dir='ltr'><strong>conﬁrmare</strong></span> <span class='ocrx_word' id='word_1_375' title='bbox 2626 2868 2960 2935; x_wconf 82' lang='lat' dir='ltr'><strong>consuevit);</strong></span> <span class='ocrx_word' id='word_1_376' title='bbox 3024 2875 3290 2943; x_wconf 80' lang='lat' dir='ltr'><strong>exemplis</strong></span> <span class='ocrx_word' id='word_1_377' title='bbox 3366 2892 3458 2931; x_wconf 86' lang='lat' dir='ltr'><strong>au-</strong></span> 
     </span>
    </p>
   </div>
   <div class='ocr_carea' id='block_1_57' title="bbox 196 2956 1791 3057">
    <p class='ocr_par' dir='ltr' id='par_1_57' title="bbox 196 2961 1781 3035">
     <span class='ocr_line' id='line_1_57' title="bbox 196 2961 1781 3035; baseline -0.003 -16"><span class='ocrx_word' id='word_1_378' title='bbox 196 2983 337 3034; x_wconf 88' lang='grc' dir='ltr'>γους</span> <span class='ocrx_word' id='word_1_379' title='bbox 391 2964 539 3035; x_wconf 82' lang='grc' dir='ltr'>έργῳ</span> <span class='ocrx_word' id='word_1_380' title='bbox 589 2962 914 3032; x_wconf 78' lang='grc' dir='ltr'>περαίνειν),</span> <span class='ocrx_word' id='word_1_381' title='bbox 938 2963 1025 3016; x_wconf 86' lang='grc' dir='ltr'><strong>διά</strong></span> <span class='ocrx_word' id='word_1_382' title='bbox 1048 2963 1105 3015; x_wconf 78' lang='grc' dir='ltr'>δὲ</span> <span class='ocrx_word' id='word_1_383' title='bbox 1136 2961 1241 3015; x_wconf 82' lang='grc' dir='ltr'>τῶν</span> <span class='ocrx_word' id='word_1_384' title='bbox 1279 2962 1422 3017; x_wconf 84' lang='grc' dir='ltr'><strong>κατά</strong></span> <span class='ocrx_word' id='word_1_385' title='bbox 1452 2962 1552 3033; x_wconf 83' lang='grc' dir='ltr'>τὴν</span> <span class='ocrx_word' id='word_1_386' title='bbox 1584 2961 1781 3031; x_wconf 78' lang='grc' dir='ltr'>πρᾶξιν</span> 
     </span>
    </p>
   </div>
   <div class='ocr_carea' id='block_1_58' title="bbox 1895 2956 3471 3057">
    <p class='ocr_par' dir='ltr' id='par_1_58' title="bbox 1895 2956 3471 3057">
     <span class='ocr_line' id='line_1_58' title="bbox 1895 2956 3471 3057; baseline 0.01 -50"><span class='ocrx_word' id='word_1_387' title='bbox 1895 2966 1993 3008; x_wconf 83' lang='lat' dir='ltr'><strong>lem</strong></span> <span class='ocrx_word' id='word_1_388' title='bbox 2022 2956 2278 3010; x_wconf 77' lang='lat' dir='ltr'><strong>exhibitis</strong></span> <span class='ocrx_word' id='word_1_389' title='bbox 2354 2972 2447 3025; x_wconf 91' lang='lat' dir='ltr'><strong>per</strong></span> <span class='ocrx_word' id='word_1_390' title='bbox 2496 2974 2620 3028; x_wconf 76' lang='lat' dir='ltr'><strong>qtue</strong></span> <span class='ocrx_word' id='word_1_391' title='bbox 2672 2970 2726 3014; x_wconf 91' lang='lat' dir='ltr'><strong>et</strong></span> <span class='ocrx_word' id='word_1_392' title='bbox 2785 2959 2971 3029; x_wconf 84' lang='lat' dir='ltr'><strong>opifex</strong></span> <span class='ocrx_word' id='word_1_393' title='bbox 3026 2972 3082 3017; x_wconf 90' lang='lat' dir='ltr'><strong>et</strong></span> <span class='ocrx_word' id='word_1_394' title='bbox 3152 2979 3471 3057; x_wconf 40' lang='lat' dir='ltr'><strong>praeceptor.</strong></span> 
     </span>
    </p>
   </div>
   <div class='ocr_carea' id='block_1_59' title="bbox 198 3046 1791 3126">
    <p class='ocr_par' dir='ltr' id='par_1_59' title="bbox 198 3046 1785 3126">
     <span class='ocr_line' id='line_1_59' title="bbox 198 3046 1785 3126; baseline -0.004 -15"><span class='ocrx_word' id='word_1_395' title='bbox 198 3056 644 3126; x_wconf 75' lang='grc' dir='ltr'>ὑποδειγμάτων,</span> <span class='ocrx_word' id='word_1_396' title='bbox 670 3046 747 3109; x_wconf 79' lang='grc' dir='ltr'>ὧν</span> <span class='ocrx_word' id='word_1_397' title='bbox 781 3054 845 3107; x_wconf 84' lang='grc' dir='ltr'><strong>ἀν</strong></span> <span class='ocrx_word' id='word_1_398' title='bbox 873 3071 957 3115; x_wconf 82' lang='grc' dir='ltr'><strong>τις</strong></span> <span class='ocrx_word' id='word_1_399' title='bbox 996 3055 1296 3124; x_wconf 72' lang='grc' dir='ltr'>αὐτουργὸς</span> <span class='ocrx_word' id='word_1_400' title='bbox 1326 3057 1539 3121; x_wconf 89' lang='grc' dir='ltr'>γένοιτο</span> <span class='ocrx_word' id='word_1_401' title='bbox 1579 3056 1673 3106; x_wconf 77' lang='grc' dir='ltr'>καὶ</span> <span class='ocrx_word' id='word_1_402' title='bbox 1704 3054 1785 3106; x_wconf 84' lang='grc' dir='ltr'>δι-</span> 
     </span>
    </p>
   </div>
   <div class='ocr_carea' id='block_1_60' title="bbox 1895 3046 3465 3126">
    <p class='ocr_par' dir='ltr' id='par_1_60' title="bbox 1895 3048 3465 3113">
     <span class='ocr_line' id='line_1_60' title="bbox 1895 3048 3465 3113; baseline 0.009 -13"><span class='ocrx_word' id='word_1_403' title='bbox 1895 3048 2178 3112; x_wconf 79' lang='lat' dir='ltr'><strong>exstititet</strong></span> <span class='ocrx_word' id='word_1_404' title='bbox 2213 3050 2416 3105; x_wconf 88' lang='lat' dir='ltr'><strong>erroris</strong></span> <span class='ocrx_word' id='word_1_405' title='bbox 2441 3051 2583 3106; x_wconf 81' lang='lat' dir='ltr'><strong>viam</strong></span> <span class='ocrx_word' id='word_1_406' title='bbox 2609 3052 2842 3107; x_wconf 89' lang='lat' dir='ltr'><strong>destruit</strong></span> <span class='ocrx_word' id='word_1_407' title='bbox 2870 3064 2926 3109; x_wconf 91' lang='lat' dir='ltr'><strong>et</strong></span> <span class='ocrx_word' id='word_1_408' title='bbox 2972 3055 3317 3112; x_wconf 86' lang='lat' dir='ltr'><strong>imitantibus</strong></span> <span class='ocrx_word' id='word_1_409' title='bbox 3352 3052 3465 3113; x_wconf 86' lang='lat' dir='ltr'><strong>me-</strong></span> 
     </span>
    </p>
   </div>
   <div class='ocr_carea' id='block_1_61' title="bbox 198 3140 1791 3217">
    <p class='ocr_par' dir='ltr' id='par_1_61' title="bbox 198 3143 1783 3216">
     <span class='ocr_line' id='line_1_61' title="bbox 198 3143 1783 3216; baseline -0.006 -11"><span class='ocrx_word' id='word_1_410' title='bbox 198 3150 473 3211; x_wconf 68' lang='grc' dir='ltr'>δάσκαλος</span> <span class='ocrx_word' id='word_1_411' title='bbox 507 3147 594 3200; x_wconf 73' lang='grc' dir='ltr'>διὰ</span> <span class='ocrx_word' id='word_1_412' title='bbox 621 3144 715 3199; x_wconf 87' lang='grc' dir='ltr'><strong>τοῦ</strong></span> <span class='ocrx_word' id='word_1_413' title='bbox 748 3145 885 3215; x_wconf 80' lang='grc' dir='ltr'>βίου,</span> <span class='ocrx_word' id='word_1_414' title='bbox 933 3143 1124 3216; x_wconf 83' lang='grc' dir='ltr'>ὥσπερ</span> <span class='ocrx_word' id='word_1_415' title='bbox 1182 3146 1281 3209; x_wconf 79' lang='grc' dir='ltr'><strong>τὰς</strong></span> <span class='ocrx_word' id='word_1_416' title='bbox 1341 3146 1642 3216; x_wconf 77' lang='grc' dir='ltr'>προφάσεις</span> <span class='ocrx_word' id='word_1_417' title='bbox 1692 3143 1783 3196; x_wconf 86' lang='grc' dir='ltr'><strong>τοῦ</strong></span> 
     </span>
    </p>
   </div>
   <div class='ocr_carea' id='block_1_62' title="bbox 1895 3140 3470 3217">
    <p class='ocr_par' dir='ltr' id='par_1_62' title="bbox 1895 3140 3470 3217">
     <span class='ocr_line' id='line_1_62' title="bbox 1895 3140 3470 3217; baseline 0.006 -24"><span class='ocrx_word' id='word_1_418' title='bbox 1895 3140 2116 3194; x_wconf 79' lang='lat' dir='ltr'><strong>modum</strong></span> <span class='ocrx_word' id='word_1_419' title='bbox 2173 3152 2459 3198; x_wconf 87' lang='lat' dir='ltr'><strong>monstrat.</strong></span> <span class='ocrx_word' id='word_1_420' title='bbox 2517 3141 2623 3199; x_wconf 87' lang='lat' dir='ltr'><strong>Sed</strong></span> <span class='ocrx_word' id='word_1_421' title='bbox 2682 3147 3010 3201; x_wconf 73' lang='lat' dir='ltr'><strong>amatorium</strong></span> <span class='ocrx_word' id='word_1_422' title='bbox 3070 3150 3328 3217; x_wconf 89' lang='lat' dir='ltr'><strong>poculum</strong></span> <span class='ocrx_word' id='word_1_423' title='bbox 3384 3163 3470 3206; x_wconf 75' lang='lat' dir='ltr'><strong>est</strong></span> 
     </span>
    </p>
   </div>
   <div class='ocr_carea' id='block_1_63' title="bbox 203 3234 1791 3311">
    <p class='ocr_par' dir='ltr' id='par_1_63' title="bbox 203 3234 1791 3311">
     <span class='ocr_line' id='line_1_63' title="bbox 203 3234 1791 3311; baseline -0.004 -17"><span class='ocrx_word' id='word_1_424' title='bbox 203 3238 649 3311; x_wconf 81' lang='grc' dir='ltr'>παρολισθαίνειν</span> <span class='ocrx_word' id='word_1_425' title='bbox 713 3236 892 3298; x_wconf 83' lang='grc' dir='ltr'>πάσας</span> <span class='ocrx_word' id='word_1_426' title='bbox 953 3234 1200 3304; x_wconf 64' lang='grc' dir='ltr'>ἀῗθαιρῶν</span> <span class='ocrx_word' id='word_1_427' title='bbox 1258 3237 1287 3289; x_wconf 93' lang='grc' dir='ltr'><strong>ό</strong></span> <span class='ocrx_word' id='word_1_428' title='bbox 1334 3236 1615 3305; x_wconf 83' lang='grc' dir='ltr'>παραινῶν</span> <span class='ocrx_word' id='word_1_429' title='bbox 1662 3236 1791 3304; x_wconf 64' lang='grc' dir='ltr'><strong>ὁρᾶν</strong></span> 
     </span>
    </p>
   </div>
   <div class='ocr_carea' id='block_1_64' title="bbox 1893 3231 3471 3312">
    <p class='ocr_par' dir='ltr' id='par_1_64' title="bbox 1893 3231 3471 3312">
     <span class='ocr_line' id='line_1_64' title="bbox 1893 3231 3471 3312; baseline 0.008 -29"><span class='ocrx_word' id='word_1_430' title='bbox 1893 3232 2037 3300; x_wconf 84' lang='lat' dir='ltr'><strong>quod</strong></span> <span class='ocrx_word' id='word_1_431' title='bbox 2089 3231 2374 3301; x_wconf 80' lang='lat' dir='ltr'><strong>discipulis</strong></span> <span class='ocrx_word' id='word_1_432' title='bbox 2429 3240 2486 3289; x_wconf 89' lang='lat' dir='ltr'><strong>et</strong></span> <span class='ocrx_word' id='word_1_433' title='bbox 2534 3235 2902 3295; x_wconf 83' lang='lat' dir='ltr'><strong>imitatoribus</strong></span> <span class='ocrx_word' id='word_1_434' title='bbox 2947 3250 3152 3306; x_wconf 81' lang='lat' dir='ltr'><strong>servat,</strong></span> <span class='ocrx_word' id='word_1_435' title='bbox 3200 3257 3311 3312; x_wconf 86' lang='lat' dir='ltr'><strong>quo</strong></span> <span class='ocrx_word' id='word_1_436' title='bbox 3356 3258 3471 3297; x_wconf 86' lang='lat' dir='ltr'><strong>ma-</strong></span> 
     </span>
    </p>
   </div>
   <div class='ocr_carea' id='block_1_65' title="bbox 205 3320 1791 3399">
    <p class='ocr_par' dir='ltr' id='par_1_65' title="bbox 205 3324 1791 3399">
     <span class='ocr_line' id='line_1_65' title="bbox 205 3324 1791 3399; baseline -0.006 -13"><span class='ocrx_word' id='word_1_437' title='bbox 205 3350 328 3394; x_wconf 86' lang='grc' dir='ltr'>ται,</span> <span class='ocrx_word' id='word_1_438' title='bbox 372 3332 467 3384; x_wconf 78' lang='grc' dir='ltr'><strong>καὶ</strong></span> <span class='ocrx_word' id='word_1_439' title='bbox 491 3329 591 3399; x_wconf 81' lang='grc' dir='ltr'>τὴν</span> <span class='ocrx_word' id='word_1_440' title='bbox 620 3328 855 3399; x_wconf 80' lang='grc' dir='ltr'>μίμησιν</span> <span class='ocrx_word' id='word_1_441' title='bbox 899 3325 1294 3396; x_wconf 74' lang='grc' dir='ltr'>εὐχερεστέραν</span> <span class='ocrx_word' id='word_1_442' title='bbox 1330 3325 1584 3396; x_wconf 77' lang='grc' dir='ltr'>παρέχει.</span> <span class='ocrx_word' id='word_1_443' title='bbox 1630 3324 1791 3378; x_wconf 65' lang='grc' dir='ltr'>Ἀλλα</span> 
     </span>
    </p>
   </div>
   <div class='ocr_carea' id='block_1_66' title="bbox 1895 3320 2729 3399">
    <p class='ocr_par' dir='ltr' id='par_1_66' title="bbox 1895 3320 2729 3391">
     <span class='ocr_line' id='line_1_66' title="bbox 1895 3320 2729 3391; baseline 0.01 -18"><span class='ocrx_word' id='word_1_444' title='bbox 1895 3320 1977 3391; x_wconf 78' lang='lat' dir='ltr'><strong>gis</strong></span> <span class='ocrx_word' id='word_1_445' title='bbox 2001 3320 2409 3378; x_wconf 83' lang='lat' dir='ltr'><strong>demonstratus</strong></span> <span class='ocrx_word' id='word_1_446' title='bbox 2436 3322 2729 3381; x_wconf 82' lang='lat' dir='ltr'><strong>revelatur.</strong></span> 
     </span>
    </p>
   </div>
   <div class='ocr_carea' id='block_1_67' title="bbox 213 3416 1799 3489">
    <p class='ocr_par' dir='ltr' id='par_1_67' title="bbox 213 3416 1799 3489">
     <span class='ocr_line' id='line_1_67' title="bbox 213 3416 1799 3489; baseline -0.004 -14"><span class='ocrx_word' id='word_1_447' title='bbox 213 3425 320 3480; x_wconf 72' lang='grc' dir='ltr'>καὶ</span> <span class='ocrx_word' id='word_1_448' title='bbox 351 3422 411 3475; x_wconf 81' lang='grc' dir='ltr'>τὺ</span> <span class='ocrx_word' id='word_1_449' title='bbox 440 3421 683 3489; x_wconf 85' lang='grc' dir='ltr'>φίλτρον.</span> <span class='ocrx_word' id='word_1_450' title='bbox 708 3417 738 3471; x_wconf 83' lang='grc' dir='ltr'><strong>ό</strong></span> <span class='ocrx_word' id='word_1_451' title='bbox 787 3420 901 3481; x_wconf 90' lang='grc' dir='ltr'>τοῖς</span> <span class='ocrx_word' id='word_1_452' title='bbox 922 3416 1253 3484; x_wconf 79' lang='grc' dir='ltr'>μανθάνουσι</span> <span class='ocrx_word' id='word_1_453' title='bbox 1296 3416 1420 3484; x_wconf 77' lang='grc' dir='ltr'>καὶ]</span> <span class='ocrx_word' id='word_1_454' title='bbox 1440 3418 1799 3487; x_wconf 80' lang='grc' dir='ltr'>μιμουμένοις</span> 
     </span>
    </p>
   </div>
   <div class='ocr_carea' id='block_1_68' title="bbox 211 3504 1795 3581">
    <p class='ocr_par' dir='ltr' id='par_1_68' title="bbox 211 3504 1795 3581">
     <span class='ocr_line' id='line_1_68' title="bbox 211 3504 1795 3581; baseline -0.008 -12"><span class='ocrx_word' id='word_1_455' title='bbox 211 3512 497 3578; x_wconf 77' lang='grc' dir='ltr'>διασώζει,</span> <span class='ocrx_word' id='word_1_456' title='bbox 545 3508 749 3581; x_wconf 72' lang='grc' dir='ltr'>μᾶλλον</span> <span class='ocrx_word' id='word_1_457' title='bbox 811 3508 984 3578; x_wconf 77' lang='grc' dir='ltr'>ταύτῃ</span> <span class='ocrx_word' id='word_1_458' title='bbox 1048 3505 1377 3574; x_wconf 81' lang='grc' dir='ltr'>γινώσκεται</span> <span class='ocrx_word' id='word_1_459' title='bbox 1423 3504 1795 3576; x_wconf 66' lang='grc' dir='ltr'>ἐπιδεδειγμέ-</span> 
     </span>
    </p>
   </div>
   <div class='ocr_carea' id='block_1_69' title="bbox 222 3625 1806 3766">
    <p class='ocr_par' dir='ltr' id='par_1_69' title="bbox 222 3625 1806 3766">
     <span class='ocr_line' id='line_1_69' title="bbox 222 3625 1806 3766; baseline -0.008 -13"><span class='ocrx_word' id='word_1_460' title='bbox 222 3625 360 3752; x_wconf 48' lang='lat'><strong>‘01:.</strong></span> <span class='ocrx_word' id='word_1_461' title='bbox 391 3697 497 3751; x_wconf 78' lang='grc' dir='ltr'><strong>Ναὶ</strong></span> <span class='ocrx_word' id='word_1_462' title='bbox 524 3695 591 3766; x_wconf 79' lang='grc' dir='ltr'>δὴ</span> <span class='ocrx_word' id='word_1_463' title='bbox 634 3698 729 3748; x_wconf 81' lang='grc' dir='ltr'>καὶ</span> <span class='ocrx_word' id='word_1_464' title='bbox 754 3693 889 3747; x_wconf 83' lang='grc' dir='ltr'>διότι</span> <span class='ocrx_word' id='word_1_465' title='bbox 935 3690 1098 3762; x_wconf 81' lang='grc' dir='ltr'>σοφία</span> <span class='ocrx_word' id='word_1_466' title='bbox 1121 3691 1218 3746; x_wconf 63' lang='grc' dir='ltr'><strong>καὶ⁵</strong></span> <span class='ocrx_word' id='word_1_467' title='bbox 1247 3690 1410 3745; x_wconf 76' lang='grc' dir='ltr'>είκὼν</span> <span class='ocrx_word' id='word_1_468' title='bbox 1441 3691 1683 3762; x_wconf 77' lang='grc' dir='ltr'>ἔμψυχος</span> <span class='ocrx_word' id='word_1_469' title='bbox 1711 3692 1806 3745; x_wconf 71' lang='grc' dir='ltr'><strong>καὶ</strong></span> 
     </span>
    </p>
   </div>
   <div class='ocr_carea' id='block_1_70' title="bbox 218 3783 1806 3860">
    <p class='ocr_par' dir='ltr' id='par_1_70' title="bbox 218 3783 1806 3860">
     <span class='ocr_line' id='line_1_70' title="bbox 218 3783 1806 3860; baseline -0.006 -16"><span class='ocrx_word' id='word_1_470' title='bbox 218 3788 643 3860; x_wconf 82' lang='grc' dir='ltr'>ἀπαράλλακτος</span> <span class='ocrx_word' id='word_1_471' title='bbox 704 3784 799 3837; x_wconf 81' lang='grc' dir='ltr'><strong>τοῦ</strong></span> <span class='ocrx_word' id='word_1_472' title='bbox 864 3784 1075 3853; x_wconf 75' lang='grc' dir='ltr'>Πατρος</span> <span class='ocrx_word' id='word_1_473' title='bbox 1116 3786 1145 3836; x_wconf 94' lang='grc' dir='ltr'><strong>ό</strong></span> <span class='ocrx_word' id='word_1_474' title='bbox 1194 3784 1345 3846; x_wconf 78' lang='grc' dir='ltr'>Υίὸς.</span> <span class='ocrx_word' id='word_1_475' title='bbox 1400 3784 1509 3836; x_wconf 74' lang='grc' dir='ltr'>ἔδει</span> <span class='ocrx_word' id='word_1_476' title='bbox 1537 3784 1637 3852; x_wconf 84' lang='grc' dir='ltr'><strong>τὴν</strong></span> <span class='ocrx_word' id='word_1_477' title='bbox 1689 3783 1806 3837; x_wconf 84' lang='grc' dir='ltr'>κατ’</span> 
     </span>
    </p>
   </div>
   <div class='ocr_carea' id='block_1_71' title="bbox 1980 3689 3476 3770">
    <p class='ocr_par' dir='ltr' id='par_1_71' title="bbox 1980 3689 3476 3770">
     <span class='ocr_line' id='line_1_71' title="bbox 1980 3689 3476 3770; baseline 0.005 -25"><span class='ocrx_word' id='word_1_478' title='bbox 1980 3690 2032 3745; x_wconf 83' lang='lat'><strong>5.</strong></span> <span class='ocrx_word' id='word_1_479' title='bbox 2060 3689 2220 3745; x_wconf 74' lang='lat' dir='ltr'><strong>Certe</strong></span> <span class='ocrx_word' id='word_1_480' title='bbox 2251 3690 2418 3762; x_wconf 87' lang='lat' dir='ltr'><strong>igitur</strong></span> <span class='ocrx_word' id='word_1_481' title='bbox 2435 3700 2490 3747; x_wconf 93' lang='lat' dir='ltr'><strong>et</strong></span> <span class='ocrx_word' id='word_1_482' title='bbox 2523 3692 2651 3763; x_wconf 86' lang='lat' dir='ltr'><strong>quia</strong></span> <span class='ocrx_word' id='word_1_483' title='bbox 2686 3693 2955 3765; x_wconf 81' lang='lat' dir='ltr'><strong>sapientia</strong></span> <span class='ocrx_word' id='word_1_484' title='bbox 2996 3703 3052 3751; x_wconf 91' lang='lat' dir='ltr'><strong>et</strong></span> <span class='ocrx_word' id='word_1_485' title='bbox 3085 3696 3265 3767; x_wconf 81' lang='lat' dir='ltr'><strong>imago</strong></span> <span class='ocrx_word' id='word_1_486' title='bbox 3305 3702 3476 3770; x_wconf 86' lang='lat' dir='ltr'><strong>spiri-</strong></span> 
     </span>
    </p>
   </div>
   <div class='ocr_carea' id='block_1_72' title="bbox 1910 3782 3474 3853">
    <p class='ocr_par' dir='ltr' id='par_1_72' title="bbox 1910 3782 3474 3853">
     <span class='ocr_line' id='line_1_72' title="bbox 1910 3782 3474 3853; baseline 0.007 -17"><span class='ocrx_word' id='word_1_487' title='bbox 1910 3784 2074 3838; x_wconf 84' lang='lat' dir='ltr'><strong>tualis</strong></span> <span class='ocrx_word' id='word_1_488' title='bbox 2110 3783 2573 3853; x_wconf 76' lang='lat' dir='ltr'><strong>immutabilisque</strong></span> <span class='ocrx_word' id='word_1_489' title='bbox 2600 3782 2795 3850; x_wconf 82' lang='lat' dir='ltr'><strong>Patris,</strong></span> <span class='ocrx_word' id='word_1_490' title='bbox 2832 3783 3022 3849; x_wconf 87' lang='lat' dir='ltr'><strong>Filius,</strong></span> <span class='ocrx_word' id='word_1_491' title='bbox 3057 3786 3290 3845; x_wconf 81' lang='lat' dir='ltr'><strong>debebat</strong></span> <span class='ocrx_word' id='word_1_492' title='bbox 3325 3793 3474 3847; x_wconf 83' lang='lat' dir='ltr'><strong>illam</strong></span> 
     </span>
    </p>
   </div>
   <div class='ocr_carea' id='block_1_73' title="bbox 220 3873 1791 3949">
    <p class='ocr_par' dir='ltr' id='par_1_73' title="bbox 220 3873 1791 3948">
     <span class='ocr_line' id='line_1_73' title="bbox 220 3873 1791 3948; baseline -0.004 -15"><span class='ocrx_word' id='word_1_493' title='bbox 220 3879 412 3934; x_wconf 78' lang='grc' dir='ltr'>εἰκόνα</span> <span class='ocrx_word' id='word_1_494' title='bbox 448 3877 546 3948; x_wconf 70' lang='grc' dir='ltr'><strong>μὲν</strong></span> <span class='ocrx_word' id='word_1_495' title='bbox 572 3875 708 3928; x_wconf 73' lang='grc' dir='ltr'>Θεοῦ</span> <span class='ocrx_word' id='word_1_496' title='bbox 755 3874 1195 3945; x_wconf 84' lang='grc' dir='ltr'>μεμορφωμένην</span> <span class='ocrx_word' id='word_1_497' title='bbox 1240 3875 1335 3927; x_wconf 79' lang='grc' dir='ltr'>καὶ</span> <span class='ocrx_word' id='word_1_498' title='bbox 1390 3873 1791 3945; x_wconf 64' lang='grc' dir='ltr'>ἑξωραῖσθεῖσαε</span> 
     </span>
    </p>
   </div>
   <div class='ocr_carea' id='block_1_74' title="bbox 1895 3873 3479 3949">
    <p class='ocr_par' dir='ltr' id='par_1_74' title="bbox 1912 3874 3479 3949">
     <span class='ocr_line' id='line_1_74' title="bbox 1912 3874 3479 3949; baseline 0.008 -22"><span class='ocrx_word' id='word_1_499' title='bbox 1912 3876 2148 3928; x_wconf 88' lang='lat' dir='ltr'><strong>animam</strong></span> <span class='ocrx_word' id='word_1_500' title='bbox 2201 3874 2269 3928; x_wconf 82' lang='lat' dir='ltr'><strong>ad</strong></span> <span class='ocrx_word' id='word_1_501' title='bbox 2327 3875 2617 3947; x_wconf 73' lang='lat' dir='ltr'><strong>imaginem</strong></span> <span class='ocrx_word' id='word_1_502' title='bbox 2652 3875 2747 3933; x_wconf 91' lang='lat' dir='ltr'><strong>Dei</strong></span> <span class='ocrx_word' id='word_1_503' title='bbox 2786 3878 3075 3934; x_wconf 83' lang='lat' dir='ltr'><strong>formatam</strong></span> <span class='ocrx_word' id='word_1_504' title='bbox 3109 3892 3163 3937; x_wconf 91' lang='lat' dir='ltr'><strong>et</strong></span> <span class='ocrx_word' id='word_1_505' title='bbox 3207 3896 3479 3949; x_wconf 87' lang='lat' dir='ltr'><strong>ornatam,</strong></span> 
     </span>
    </p>
   </div>
   <div class='ocr_carea' id='block_1_75' title="bbox 223 3964 1812 4043">
    <p class='ocr_par' dir='ltr' id='par_1_75' title="bbox 223 3964 1812 4043">
     <span class='ocr_line' id='line_1_75' title="bbox 223 3964 1812 4043; baseline -0.005 -18"><span class='ocrx_word' id='word_1_506' title='bbox 223 3971 432 4043; x_wconf 74' lang='grc' dir='ltr'>ψυχὴν,</span> <span class='ocrx_word' id='word_1_507' title='bbox 466 3968 645 4029; x_wconf 80' lang='grc' dir='ltr'>νόθοις</span> <span class='ocrx_word' id='word_1_508' title='bbox 671 3965 729 4017; x_wconf 78' lang='grc' dir='ltr'><strong>δὲ</strong></span> <span class='ocrx_word' id='word_1_509' title='bbox 755 3964 951 4034; x_wconf 76' lang='grc' dir='ltr'>βαφαῖς</span> <span class='ocrx_word' id='word_1_510' title='bbox 991 3966 1089 4019; x_wconf 70' lang='grc' dir='ltr'>καὶ</span> <span class='ocrx_word' id='word_1_511' title='bbox 1119 3964 1394 4033; x_wconf 80' lang='grc' dir='ltr'>κιϐδήλοις</span> <span class='ocrx_word' id='word_1_512' title='bbox 1415 3964 1703 4035; x_wconf 87' lang='grc' dir='ltr'>χρώμασιν</span> <span class='ocrx_word' id='word_1_513' title='bbox 1734 3967 1812 4028; x_wconf 83' lang='grc' dir='ltr'><strong>είς</strong></span> 
     </span>
    </p>
   </div>
   <div class='ocr_carea' id='block_1_76' title="bbox 226 4058 1815 4132">
    <p class='ocr_par' dir='ltr' id='par_1_76' title="bbox 226 4058 1815 4132">
     <span class='ocr_line' id='line_1_76' title="bbox 226 4058 1815 4132; baseline -0.004 -15"><span class='ocrx_word' id='word_1_514' title='bbox 226 4064 299 4120; x_wconf 79' lang='grc' dir='ltr'><strong>τὸ</strong></span> <span class='ocrx_word' id='word_1_515' title='bbox 345 4062 443 4132; x_wconf 83' lang='grc' dir='ltr'>τῆς</span> <span class='ocrx_word' id='word_1_516' title='bbox 502 4060 781 4130; x_wconf 84' lang='grc' dir='ltr'>ἁμαρτίας</span> <span class='ocrx_word' id='word_1_517' title='bbox 818 4058 1057 4121; x_wconf 73' lang='grc' dir='ltr'>δυσειδὲς</span> <span class='ocrx_word' id='word_1_518' title='bbox 1091 4075 1149 4110; x_wconf 87' lang='grc' dir='ltr'><strong>τε</strong></span> <span class='ocrx_word' id='word_1_519' title='bbox 1196 4059 1291 4111; x_wconf 75' lang='grc' dir='ltr'><strong>καὶ</strong></span> <span class='ocrx_word' id='word_1_520' title='bbox 1346 4058 1594 4129; x_wconf 68' lang='grc' dir='ltr'>ἄμορφον</span> <span class='ocrx_word' id='word_1_521' title='bbox 1648 4076 1815 4127; x_wconf 87' lang='grc' dir='ltr'>μετα-</span> 
     </span>
    </p>
   </div>
   <div class='ocr_carea' id='block_1_77' title="bbox 1912 3965 3484 4039">
    <p class='ocr_par' dir='ltr' id='par_1_77' title="bbox 1912 3965 3484 4039">
     <span class='ocr_line' id='line_1_77' title="bbox 1912 3965 3484 4039; baseline 0.006 -18"><span class='ocrx_word' id='word_1_522' title='bbox 1912 3974 1970 4021; x_wconf 89' lang='lat' dir='ltr'><strong>et</strong></span> <span class='ocrx_word' id='word_1_523' title='bbox 2013 3980 2135 4033; x_wconf 73' lang='lat' dir='ltr'><strong>quae</strong></span> <span class='ocrx_word' id='word_1_524' title='bbox 2162 3966 2406 4019; x_wconf 90' lang='lat' dir='ltr'><strong>colorum</strong></span> <span class='ocrx_word' id='word_1_525' title='bbox 2446 3965 2934 4023; x_wconf 79' lang='lat' dir='ltr'><strong>dehonestamento</strong></span> <span class='ocrx_word' id='word_1_526' title='bbox 2969 3973 3175 4039; x_wconf 89' lang='lat' dir='ltr'><strong>peccati</strong></span> <span class='ocrx_word' id='word_1_527' title='bbox 3232 3982 3484 4031; x_wconf 81' lang='lat' dir='ltr'><strong>natman</strong></span> 
     </span>
    </p>
   </div>
   <div class='ocr_carea' id='block_1_78' title="bbox 1916 4052 3494 4130">
    <p class='ocr_par' dir='ltr' id='par_1_78' title="bbox 1916 4052 3494 4130">
     <span class='ocr_line' id='line_1_78' title="bbox 1916 4052 3494 4130; baseline 0.007 -22"><span class='ocrx_word' id='word_1_528' title='bbox 1916 4068 1981 4108; x_wconf 93' lang='lat' dir='ltr'><strong>ac</strong></span> <span class='ocrx_word' id='word_1_529' title='bbox 2010 4052 2239 4108; x_wconf 87' lang='lat' dir='ltr'><strong>formam</strong></span> <span class='ocrx_word' id='word_1_530' title='bbox 2274 4068 2456 4123; x_wconf 66' lang='lat' dir='ltr'><strong>praise</strong></span> <span class='ocrx_word' id='word_1_531' title='bbox 2483 4053 2713 4118; x_wconf 68' lang='lat' dir='ltr'><strong>ferebat,</strong></span> <span class='ocrx_word' id='word_1_532' title='bbox 2744 4057 2889 4110; x_wconf 89' lang='lat' dir='ltr'><strong>illam</strong></span> <span class='ocrx_word' id='word_1_533' title='bbox 2912 4059 2980 4113; x_wconf 84' lang='lat' dir='ltr'><strong>ab</strong></span> <span class='ocrx_word' id='word_1_534' title='bbox 3020 4060 3320 4130; x_wconf 87' lang='lat' dir='ltr'><strong>ignominia</strong></span> <span class='ocrx_word' id='word_1_535' title='bbox 3357 4066 3494 4119; x_wconf 89' lang='lat' dir='ltr'><strong>Iibe-</strong></span> 
     </span>
    </p>
   </div>
   <div class='ocr_carea' id='block_1_79' title="bbox 233 4145 1791 4226">
    <p class='ocr_par' dir='ltr' id='par_1_79' title="bbox 233 4148 1785 4226">
     <span class='ocr_line' id='line_1_79' title="bbox 233 4148 1785 4226; baseline -0.004 -18"><span class='ocrx_word' id='word_1_536' title='bbox 233 4151 639 4226; x_wconf 74' lang='grc' dir='ltr'>μορςοωθεῖσαν,</span> <span class='ocrx_word' id='word_1_537' title='bbox 717 4150 807 4202; x_wconf 72' lang='grc' dir='ltr'>διὰ</span> <span class='ocrx_word' id='word_1_538' title='bbox 870 4150 1029 4201; x_wconf 87' lang='grc' dir='ltr'>τοῦτο</span> <span class='ocrx_word' id='word_1_539' title='bbox 1110 4148 1298 4202; x_wconf 85' lang='grc' dir='ltr'>τοῦτον</span> <span class='ocrx_word' id='word_1_540' title='bbox 1384 4149 1549 4219; x_wconf 80' lang='grc' dir='ltr'>ὲχρῆν</span> <span class='ocrx_word' id='word_1_541' title='bbox 1616 4149 1785 4221; x_wconf 84' lang='grc' dir='ltr'>ταύτη</span> 
     </span>
    </p>
   </div>
   <div class='ocr_carea' id='block_1_80' title="bbox 1895 4145 3495 4226">
    <p class='ocr_par' dir='ltr' id='par_1_80' title="bbox 1920 4145 3495 4221">
     <span class='ocr_line' id='line_1_80' title="bbox 1920 4145 3495 4221; baseline 0.007 -22"><span class='ocrx_word' id='word_1_542' title='bbox 1920 4162 2063 4201; x_wconf 90' lang='lat' dir='ltr'><strong>rare.</strong></span> <span class='ocrx_word' id='word_1_543' title='bbox 2088 4145 2226 4200; x_wconf 82' lang='lat' dir='ltr'><strong>[line</strong></span> <span class='ocrx_word' id='word_1_544' title='bbox 2264 4154 2383 4202; x_wconf 85' lang='lat' dir='ltr'><strong>arte</strong></span> <span class='ocrx_word' id='word_1_545' title='bbox 2407 4149 2638 4216; x_wconf 75' lang='lat' dir='ltr'><strong>pistoria</strong></span> <span class='ocrx_word' id='word_1_546' title='bbox 2664 4158 2906 4203; x_wconf 90' lang='lat' dir='ltr'><strong>utentem</strong></span> <span class='ocrx_word' id='word_1_547' title='bbox 2931 4152 3219 4221; x_wconf 83' lang='lat' dir='ltr'><strong>oportebat</strong></span> <span class='ocrx_word' id='word_1_548' title='bbox 3249 4169 3375 4208; x_wconf 91' lang='lat' dir='ltr'><strong>eum</strong></span> <span class='ocrx_word' id='word_1_549' title='bbox 3397 4172 3495 4210; x_wconf 90' lang='lat' dir='ltr'><strong>na-</strong></span> 
     </span>
    </p>
   </div>
   <div class='ocr_carea' id='block_1_81' title="bbox 231 4236 1821 4310">
    <p class='ocr_par' dir='ltr' id='par_1_81' title="bbox 231 4236 1821 4310">
     <span class='ocr_line' id='line_1_81' title="bbox 231 4236 1821 4310; baseline -0.006 -10"><span class='ocrx_word' id='word_1_550' title='bbox 231 4243 545 4308; x_wconf 80' lang='grc' dir='ltr'>ἀπαλλάξαι</span> <span class='ocrx_word' id='word_1_551' title='bbox 607 4242 703 4295; x_wconf 83' lang='grc' dir='ltr'><strong>τοῦ</strong></span> <span class='ocrx_word' id='word_1_552' title='bbox 776 4242 1019 4309; x_wconf 72' lang='grc' dir='ltr'>αἴσχους,</span> <span class='ocrx_word' id='word_1_553' title='bbox 1075 4245 1169 4294; x_wconf 71' lang='grc' dir='ltr'><strong>καὶ</strong></span> <span class='ocrx_word' id='word_1_554' title='bbox 1238 4236 1325 4293; x_wconf 78' lang='grc' dir='ltr'>οἷα</span> <span class='ocrx_word' id='word_1_555' title='bbox 1381 4242 1656 4310; x_wconf 77' lang='grc' dir='ltr'>γραφικὴν</span> <span class='ocrx_word' id='word_1_556' title='bbox 1703 4242 1821 4293; x_wconf 68' lang='grc' dir='ltr'>ἑπι-</span> 
     </span>
    </p>
   </div>
   <div class='ocr_carea' id='block_1_82' title="bbox 1923 4238 3498 4316">
    <p class='ocr_par' dir='ltr' id='par_1_82' title="bbox 1923 4238 3498 4316">
     <span class='ocr_line' id='line_1_82' title="bbox 1923 4238 3498 4316; baseline 0.008 -26"><span class='ocrx_word' id='word_1_557' title='bbox 1923 4246 2059 4292; x_wconf 74' lang='lat' dir='ltr'><strong>turze</strong></span> <span class='ocrx_word' id='word_1_558' title='bbox 2086 4238 2381 4308; x_wconf 73' lang='lat' dir='ltr'><strong>deperdita:</strong></span> <span class='ocrx_word' id='word_1_559' title='bbox 2407 4246 2463 4294; x_wconf 92' lang='lat' dir='ltr'><strong>et</strong></span> <span class='ocrx_word' id='word_1_560' title='bbox 2494 4243 2781 4295; x_wconf 77' lang='lat' dir='ltr'><strong>maculatae</strong></span> <span class='ocrx_word' id='word_1_561' title='bbox 2813 4242 2887 4296; x_wconf 88' lang='lat' dir='ltr'><strong>ita</strong></span> <span class='ocrx_word' id='word_1_562' title='bbox 2908 4243 3137 4304; x_wconf 84' lang='lat' dir='ltr'><strong>mederi.</strong></span> <span class='ocrx_word' id='word_1_563' title='bbox 3170 4254 3227 4299; x_wconf 88' lang='lat' dir='ltr'><strong>ut</strong></span> <span class='ocrx_word' id='word_1_564' title='bbox 3249 4249 3498 4316; x_wconf 83' lang='lat' dir='ltr'><strong>pulchri-</strong></span> 
     </span>
    </p>
   </div>
   <div class='ocr_carea' id='block_1_83' title="bbox 238 4328 1791 4410">
    <p class='ocr_par' dir='ltr' id='par_1_83' title="bbox 238 4328 1791 4404">
     <span class='ocr_line' id='line_1_83' title="bbox 238 4328 1791 4404; baseline -0.005 -15"><span class='ocrx_word' id='word_1_565' title='bbox 238 4336 479 4390; x_wconf 78' lang='grc' dir='ltr'>ϐαλόντα</span> <span class='ocrx_word' id='word_1_566' title='bbox 540 4336 696 4404; x_wconf 84' lang='grc' dir='ltr'>χεῖρα</span> <span class='ocrx_word' id='word_1_567' title='bbox 731 4331 808 4400; x_wconf 82' lang='grc' dir='ltr'>τῷ</span> <span class='ocrx_word' id='word_1_568' title='bbox 865 4328 1211 4400; x_wconf 72' lang='grc' dir='ltr'>διερῤυηκότι</span> <span class='ocrx_word' id='word_1_569' title='bbox 1272 4330 1368 4382; x_wconf 74' lang='grc' dir='ltr'>καὶ</span> <span class='ocrx_word' id='word_1_570' title='bbox 1426 4328 1791 4400; x_wconf 75' lang='grc' dir='ltr'>λελυμασμένι</span> 
     </span>
    </p>
   </div>
   <div class='ocr_carea' id='block_1_84' title="bbox 1895 4328 3502 4410">
    <p class='ocr_par' dir='ltr' id='par_1_84' title="bbox 1925 4330 3502 4410">
     <span class='ocr_line' id='line_1_84' title="bbox 1925 4330 3502 4410; baseline 0.007 -29"><span class='ocrx_word' id='word_1_571' title='bbox 1925 4330 2059 4383; x_wconf 86' lang='lat' dir='ltr'><strong>tudo</strong></span> <span class='ocrx_word' id='word_1_572' title='bbox 2088 4344 2151 4385; x_wconf 84' lang='lat' dir='ltr'><strong>ac</strong></span> <span class='ocrx_word' id='word_1_573' title='bbox 2190 4331 2448 4386; x_wconf 87' lang='lat' dir='ltr'><strong>nobilitas</strong></span> <span class='ocrx_word' id='word_1_574' title='bbox 2487 4332 2771 4402; x_wconf 83' lang='lat' dir='ltr'><strong>primitiva</strong></span> <span class='ocrx_word' id='word_1_575' title='bbox 2798 4345 3237 4404; x_wconf 79' lang='lat' dir='ltr'><strong>regeneraretur.</strong></span> <span class='ocrx_word' id='word_1_576' title='bbox 3285 4338 3342 4392; x_wconf 91' lang='lat' dir='ltr'><strong>Si</strong></span> <span class='ocrx_word' id='word_1_577' title='bbox 3368 4355 3502 4410; x_wconf 83' lang='lat' dir='ltr'><strong>ergo</strong></span> 
     </span>
    </p>
   </div>
   <div class='ocr_carea' id='block_1_85' title="bbox 238 4422 1818 4499">
    <p class='ocr_par' dir='ltr' id='par_1_85' title="bbox 238 4422 1818 4499">
     <span class='ocr_line' id='line_1_85' title="bbox 238 4422 1818 4499; baseline -0.004 -17"><span class='ocrx_word' id='word_1_578' title='bbox 238 4428 578 4499; x_wconf 80' lang='grc' dir='ltr'>χαρακτῆρι,</span> <span class='ocrx_word' id='word_1_579' title='bbox 612 4424 1007 4493; x_wconf 78' lang='grc' dir='ltr'>ἀναμορφῶσαί</span> <span class='ocrx_word' id='word_1_580' title='bbox 1030 4440 1088 4475; x_wconf 85' lang='grc' dir='ltr'><strong>τε</strong></span> <span class='ocrx_word' id='word_1_581' title='bbox 1122 4423 1217 4476; x_wconf 68' lang='grc' dir='ltr'><strong>καὶ</strong></span> <span class='ocrx_word' id='word_1_582' title='bbox 1244 4424 1325 4485; x_wconf 85' lang='grc' dir='ltr'><strong>είς</strong></span> <span class='ocrx_word' id='word_1_583' title='bbox 1349 4422 1409 4475; x_wconf 76' lang='grc' dir='ltr'>τδ</span> <span class='ocrx_word' id='word_1_584' title='bbox 1434 4424 1659 4491; x_wconf 85' lang='grc' dir='ltr'>ἀρχαῖον</span> <span class='ocrx_word' id='word_1_585' title='bbox 1687 4423 1818 4475; x_wconf 85' lang='grc' dir='ltr'>ἀνα-</span> 
     </span>
    </p>
   </div>
   <div class='ocr_carea' id='block_1_86' title="bbox 1928 4422 3508 4494">
    <p class='ocr_par' dir='ltr' id='par_1_86' title="bbox 1928 4422 3508 4494">
     <span class='ocr_line' id='line_1_86' title="bbox 1928 4422 3508 4494; baseline 0.006 -17"><span class='ocrx_word' id='word_1_586' title='bbox 1928 4422 2164 4494; x_wconf 86' lang='lat' dir='ltr'><strong>Spiritus</strong></span> <span class='ocrx_word' id='word_1_587' title='bbox 2209 4434 2305 4479; x_wconf 88' lang='lat' dir='ltr'><strong>aut</strong></span> <span class='ocrx_word' id='word_1_588' title='bbox 2342 4422 2503 4479; x_wconf 82' lang='lat' dir='ltr'><strong>Pater</strong></span> <span class='ocrx_word' id='word_1_589' title='bbox 2531 4440 2628 4494; x_wconf 92' lang='lat' dir='ltr'><strong>pro</strong></span> <span class='ocrx_word' id='word_1_590' title='bbox 2676 4427 2871 4489; x_wconf 86' lang='lat' dir='ltr'><strong>nobis,</strong></span> <span class='ocrx_word' id='word_1_591' title='bbox 2914 4435 3095 4483; x_wconf 90' lang='lat' dir='ltr'><strong>autem</strong></span> <span class='ocrx_word' id='word_1_592' title='bbox 3133 4427 3508 4487; x_wconf 83' lang='lat' dir='ltr'><strong>Filiusincar-</strong></span> 
     </span>
    </p>
   </div>
   <div class='ocr_carea' id='block_1_87' title="bbox 239 4513 1791 4598">
    <p class='ocr_par' dir='ltr' id='par_1_87' title="bbox 239 4513 1791 4591">
     <span class='ocr_line' id='line_1_87' title="bbox 239 4513 1791 4591; baseline -0.005 -19"><span class='ocrx_word' id='word_1_593' title='bbox 239 4519 606 4591; x_wconf 74' lang='grc' dir='ltr'>ζωγραφῆσαι</span> <span class='ocrx_word' id='word_1_594' title='bbox 666 4516 881 4579; x_wconf 80' lang='grc' dir='ltr'>κάλλος,</span> <span class='ocrx_word' id='word_1_595' title='bbox 938 4515 1032 4565; x_wconf 77' lang='grc' dir='ltr'>καὶ</span> <span class='ocrx_word' id='word_1_596' title='bbox 1093 4513 1192 4582; x_wconf 73' lang='grc' dir='ltr'>τὴν</span> <span class='ocrx_word' id='word_1_597' title='bbox 1245 4513 1645 4583; x_wconf 81' lang='grc' dir='ltr'>φιλανθρώπως</span> <span class='ocrx_word' id='word_1_598' title='bbox 1719 4514 1791 4582; x_wconf 50' lang='grc' dir='ltr'><strong>μὲπ</strong></span> 
     </span>
    </p>
   </div>
   <div class='ocr_carea' id='block_1_88' title="bbox 1895 4513 3503 4598">
    <p class='ocr_par' dir='ltr' id='par_1_88' title="bbox 1895 4514 3503 4588">
     <span class='ocr_line' id='line_1_88' title="bbox 1895 4514 3503 4588; baseline 0.005 -19"><span class='ocrx_word' id='word_1_599' title='bbox 1895 4560 1899 4587; x_wconf 81' lang='grc'><strong>,</strong></span> <span class='ocrx_word' id='word_1_600' title='bbox 1929 4524 2090 4571; x_wconf 87' lang='lat' dir='ltr'><strong>natus</strong></span> <span class='ocrx_word' id='word_1_601' title='bbox 2118 4523 2283 4579; x_wconf 77' lang='lat' dir='ltr'><strong>esset,</strong></span> <span class='ocrx_word' id='word_1_602' title='bbox 2316 4516 2451 4570; x_wconf 90' lang='lat' dir='ltr'><strong>nihil</strong></span> <span class='ocrx_word' id='word_1_603' title='bbox 2482 4514 2705 4572; x_wconf 88' lang='lat' dir='ltr'><strong>fecisset</strong></span> <span class='ocrx_word' id='word_1_604' title='bbox 2735 4527 2971 4588; x_wconf 86' lang='lat' dir='ltr'><strong>utquam</strong></span> <span class='ocrx_word' id='word_1_605' title='bbox 3006 4521 3242 4577; x_wconf 90' lang='lat' dir='ltr'><strong>maxime</strong></span> <span class='ocrx_word' id='word_1_606' title='bbox 3265 4523 3503 4578; x_wconf 80' lang='lat' dir='ltr'><strong>humana</strong></span> 
     </span>
    </p>
   </div>
   <div class='ocr_carea' id='block_1_89' title="bbox 241 4602 1826 4680">
    <p class='ocr_par' dir='ltr' id='par_1_89' title="bbox 241 4602 1826 4680">
     <span class='ocr_line' id='line_1_89' title="bbox 241 4602 1826 4680; baseline -0.006 -15"><span class='ocrx_word' id='word_1_607' title='bbox 241 4607 748 4680; x_wconf 60' lang='lat' dir='ltr'><strong>Sapopcmeatcav,</strong></span> <span class='ocrx_word' id='word_1_608' title='bbox 786 4605 1035 4675; x_wconf 80' lang='grc' dir='ltr'>ἀφρόνως</span> <span class='ocrx_word' id='word_1_609' title='bbox 1100 4605 1158 4657; x_wconf 75' lang='grc' dir='ltr'>δὲ</span> <span class='ocrx_word' id='word_1_610' title='bbox 1222 4602 1703 4673; x_wconf 81' lang='grc' dir='ltr'>περιϋϐρισθεῖσαν</span> <span class='ocrx_word' id='word_1_611' title='bbox 1731 4603 1826 4655; x_wconf 73' lang='grc' dir='ltr'>καὶ</span> 
     </span>
    </p>
   </div>
   <div class='ocr_carea' id='block_1_90' title="bbox 262 4694 1833 4771">
    <p class='ocr_par' dir='ltr' id='par_1_90' title="bbox 262 4694 1833 4771">
     <span class='ocr_line' id='line_1_90' title="bbox 262 4694 1833 4771; baseline -0.007 -15"><span class='ocrx_word' id='word_1_612' title='bbox 262 4700 695 4771; x_wconf 85' lang='grc' dir='ltr'>ἀμαυρωθεῖσαν</span> <span class='ocrx_word' id='word_1_613' title='bbox 746 4697 952 4759; x_wconf 84' lang='grc' dir='ltr'>είκόνα,</span> <span class='ocrx_word' id='word_1_614' title='bbox 1010 4696 1143 4766; x_wconf 80' lang='grc' dir='ltr'>πρὸς</span> <span class='ocrx_word' id='word_1_615' title='bbox 1177 4695 1368 4747; x_wconf 85' lang='grc' dir='ltr'>ἑαυτὸν</span> <span class='ocrx_word' id='word_1_616' title='bbox 1389 4710 1449 4747; x_wconf 78' lang='grc' dir='ltr'><strong>τε</strong></span> <span class='ocrx_word' id='word_1_617' title='bbox 1487 4694 1833 4763; x_wconf 66' lang='grc' dir='ltr'>ἐπιστρέψαι,</span> 
     </span>
    </p>
   </div>
   <div class='ocr_carea' id='block_1_91' title="bbox 250 4788 1833 4863">
    <p class='ocr_par' dir='ltr' id='par_1_91' title="bbox 250 4788 1833 4863">
     <span class='ocr_line' id='line_1_91' title="bbox 250 4788 1833 4863; baseline -0.006 -15"><span class='ocrx_word' id='word_1_618' title='bbox 250 4795 357 4849; x_wconf 56' lang='grc' dir='ltr'><strong>καὶ⁸</strong></span> <span class='ocrx_word' id='word_1_619' title='bbox 385 4797 464 4855; x_wconf 76' lang='grc' dir='ltr'><strong>είς</strong></span> <span class='ocrx_word' id='word_1_620' title='bbox 498 4793 595 4863; x_wconf 78' lang='grc' dir='ltr'>τὴν</span> <span class='ocrx_word' id='word_1_621' title='bbox 621 4790 856 4862; x_wconf 84' lang='grc' dir='ltr'>ἀρχαίαν</span> <span class='ocrx_word' id='word_1_622' title='bbox 896 4790 1060 4844; x_wconf 82' lang='grc' dir='ltr'>πάλιν</span> <span class='ocrx_word' id='word_1_623' title='bbox 1114 4788 1394 4857; x_wconf 69' lang='grc' dir='ltr'>εὐγένειαν</span> <span class='ocrx_word' id='word_1_624' title='bbox 1445 4788 1833 4857; x_wconf 88' lang='grc' dir='ltr'>ἀποκαταστῆ-</span> 
     </span>
    </p>
   </div>
   <div class='ocr_carea' id='block_1_92' title="bbox 249 4878 1833 4952">
    <p class='ocr_par' dir='ltr' id='par_1_92' title="bbox 249 4878 1833 4952">
     <span class='ocr_line' id='line_1_92' title="bbox 249 4878 1833 4952; baseline -0.006 -12"><span class='ocrx_word' id='word_1_625' title='bbox 249 4903 369 4941; x_wconf 84' lang='grc' dir='ltr'>σαι.</span> <span class='ocrx_word' id='word_1_626' title='bbox 406 4884 567 4938; x_wconf 78' lang='grc' dir='ltr'>’Λλλά</span> <span class='ocrx_word' id='word_1_627' title='bbox 592 4885 701 4952; x_wconf 68' lang='grc' dir='ltr'>γὰρ</span> <span class='ocrx_word' id='word_1_628' title='bbox 732 4881 785 4935; x_wconf 83' lang='grc' dir='ltr'>εἴ</span> <span class='ocrx_word' id='word_1_629' title='bbox 812 4899 875 4949; x_wconf 86' lang='grc' dir='ltr'><strong>γε</strong></span> <span class='ocrx_word' id='word_1_630' title='bbox 902 4882 963 4934; x_wconf 77' lang='grc' dir='ltr'>τὸ</span> <span class='ocrx_word' id='word_1_631' title='bbox 992 4880 1215 4949; x_wconf 82' lang='grc' dir='ltr'>Πνεῦμα</span> <span class='ocrx_word' id='word_1_632' title='bbox 1242 4921 1256 4944; x_wconf 89' lang='grc'><strong>,</strong></span> <span class='ocrx_word' id='word_1_633' title='bbox 1290 4880 1323 4949; x_wconf 79' lang='grc' dir='ltr'><strong>ἢ</strong></span> <span class='ocrx_word' id='word_1_634' title='bbox 1381 4880 1411 4932; x_wconf 86' lang='grc' dir='ltr'>ὁ</span> <span class='ocrx_word' id='word_1_635' title='bbox 1453 4878 1641 4950; x_wconf 72' lang='grc' dir='ltr'>Πατὴρ</span> <span class='ocrx_word' id='word_1_636' title='bbox 1692 4879 1833 4947; x_wconf 81' lang='grc' dir='ltr'>ὑπὲρ</span> 
     </span>
    </p>
   </div>
   <div class='ocr_carea' id='block_1_93' title="bbox 256 4971 1836 5049">
    <p class='ocr_par' dir='ltr' id='par_1_93' title="bbox 256 4971 1836 5049">
     <span class='ocr_line' id='line_1_93' title="bbox 256 4971 1836 5049; baseline -0.003 -20"><span class='ocrx_word' id='word_1_637' title='bbox 256 4977 444 5049; x_wconf 81' lang='grc' dir='ltr'>ἡμῶν,</span> <span class='ocrx_word' id='word_1_638' title='bbox 507 4974 621 5028; x_wconf 85' lang='grc' dir='ltr'>ἀλλ’</span> <span class='ocrx_word' id='word_1_639' title='bbox 655 4974 753 5043; x_wconf 79' lang='grc' dir='ltr'><strong>οὐχ</strong></span> <span class='ocrx_word' id='word_1_640' title='bbox 792 4982 820 5026; x_wconf 89' lang='lat'><strong>0</strong></span> <span class='ocrx_word' id='word_1_641' title='bbox 852 4973 977 5035; x_wconf 75' lang='grc' dir='ltr'>Υἱὸς</span> <span class='ocrx_word' id='word_1_642' title='bbox 1028 4971 1397 5041; x_wconf 79' lang='grc' dir='ltr'>ὲσεσάρκωτο,</span> <span class='ocrx_word' id='word_1_643' title='bbox 1437 4972 1592 5025; x_wconf 76' lang='grc' dir='ltr'>οὐδὲν</span> <span class='ocrx_word' id='word_1_644' title='bbox 1647 4971 1836 5025; x_wconf 81' lang='grc' dir='ltr'>ἀνδσα</span> 
     </span>
    </p>
   </div>
   <div class='ocr_carea' id='block_1_94' title="bbox 252 5064 1839 5141">
    <p class='ocr_par' dir='ltr' id='par_1_94' title="bbox 252 5064 1839 5141">
     <span class='ocr_line' id='line_1_94' title="bbox 252 5064 1839 5141; baseline 0.02 -37"><span class='ocrx_word' id='word_1_645' title='bbox 252 5087 328 5141; x_wconf 66' lang='grc' dir='ltr'><strong>γε</strong></span> <span class='ocrx_word' id='word_1_646' title='bbox 356 5070 453 5141; x_wconf 73' lang='grc' dir='ltr'><strong>τῆς</strong></span> <span class='ocrx_word' id='word_1_647' title='bbox 485 5069 833 5140; x_wconf 75' lang='grc' dir='ltr'>ἀνθρωπίνης</span> <span class='ocrx_word' id='word_1_648' title='bbox 859 5066 1293 5134; x_wconf 78' lang='grc' dir='ltr'>ἀντιπιπτούσης</span> <span class='ocrx_word' id='word_1_649' title='bbox 1324 5064 1637 5129; x_wconf 60' lang='grc' dir='ltr'><strong>ἀσθενείας.</strong></span> <span class='ocrx_word' id='word_1_650' title='bbox 1671 5066 1703 5135; x_wconf 73' lang='grc' dir='ltr'><strong>ἦ</strong></span> <span class='ocrx_word' id='word_1_651' title='bbox 1736 5066 1839 5134; x_wconf 67' lang='grc' dir='ltr'><strong>τῆς</strong></span> 
     </span>
    </p>
   </div>
   <div class='ocr_carea' id='block_1_95' title="bbox 1938 4606 3503 4681">
    <p class='ocr_par' dir='ltr' id='par_1_95' title="bbox 1938 4606 3503 4681">
     <span class='ocr_line' id='line_1_95' title="bbox 1938 4606 3503 4681; baseline 0.006 -21"><span class='ocrx_word' id='word_1_652' title='bbox 1938 4607 2253 4662; x_wconf 75' lang='lat' dir='ltr'><strong>inﬁrmitate</strong></span> <span class='ocrx_word' id='word_1_653' title='bbox 2285 4606 2464 4675; x_wconf 88' lang='lat' dir='ltr'><strong>lapsos</strong></span> <span class='ocrx_word' id='word_1_654' title='bbox 2510 4618 2604 4662; x_wconf 91' lang='lat' dir='ltr'><strong>aut</strong></span> <span class='ocrx_word' id='word_1_655' title='bbox 2651 4617 2832 4663; x_wconf 90' lang='lat' dir='ltr'><strong>mente</strong></span> <span class='ocrx_word' id='word_1_656' title='bbox 2862 4609 2929 4663; x_wconf 86' lang='lat' dir='ltr'><strong>ad</strong></span> <span class='ocrx_word' id='word_1_657' title='bbox 2971 4612 3178 4665; x_wconf 89' lang='lat' dir='ltr'><strong>malum</strong></span> <span class='ocrx_word' id='word_1_658' title='bbox 3212 4627 3503 4681; x_wconf 84' lang='lat' dir='ltr'><strong>perversos</strong></span> 
     </span>
    </p>
   </div>
   <div class='ocr_carea' id='block_1_96' title="bbox 1936 4696 3508 4766">
    <p class='ocr_par' dir='ltr' id='par_1_96' title="bbox 1936 4696 3508 4766">
     <span class='ocr_line' id='line_1_96' title="bbox 1936 4696 3508 4766; baseline 0.005 -15"><span class='ocrx_word' id='word_1_659' title='bbox 1936 4700 1990 4752; x_wconf 91' lang='lat' dir='ltr'><strong>in</strong></span> <span class='ocrx_word' id='word_1_660' title='bbox 2023 4696 2254 4751; x_wconf 74' lang='lat' dir='ltr'><strong>salutem</strong></span> <span class='ocrx_word' id='word_1_661' title='bbox 2307 4708 2611 4753; x_wconf 84' lang='lat' dir='ltr'><strong>revocaret.</strong></span> <span class='ocrx_word' id='word_1_662' title='bbox 2661 4698 2950 4766; x_wconf 86' lang='lat' dir='ltr'><strong>Quomodo</strong></span> <span class='ocrx_word' id='word_1_663' title='bbox 2994 4704 3141 4757; x_wconf 90' lang='lat' dir='ltr'><strong>enim</strong></span> <span class='ocrx_word' id='word_1_664' title='bbox 3193 4702 3508 4759; x_wconf 67' lang='lat' dir='ltr'><strong>Iudaeorum</strong></span> 
     </span>
    </p>
   </div>
   <div class='ocr_carea' id='block_1_97' title="bbox 1937 4788 3516 4859">
    <p class='ocr_par' dir='ltr' id='par_1_97' title="bbox 1937 4788 3516 4859">
     <span class='ocr_line' id='line_1_97' title="bbox 1937 4788 3516 4859; baseline 0.007 -20"><span class='ocrx_word' id='word_1_665' title='bbox 1937 4800 2098 4842; x_wconf 89' lang='lat' dir='ltr'><strong>aures</strong></span> <span class='ocrx_word' id='word_1_666' title='bbox 2119 4800 2313 4855; x_wconf 90' lang='lat' dir='ltr'><strong>capere</strong></span> <span class='ocrx_word' id='word_1_667' title='bbox 2347 4788 2612 4857; x_wconf 80' lang='lat' dir='ltr'><strong>patuisset</strong></span> <span class='ocrx_word' id='word_1_668' title='bbox 2645 4789 2690 4842; x_wconf 76' lang='lat' dir='ltr'><strong>si</strong></span> <span class='ocrx_word' id='word_1_669' title='bbox 2721 4804 2961 4859; x_wconf 71' lang='lat' dir='ltr'><strong>praesens</strong></span> <span class='ocrx_word' id='word_1_670' title='bbox 3016 4792 3071 4846; x_wconf 91' lang='lat' dir='ltr'><strong>in</strong></span> <span class='ocrx_word' id='word_1_671' title='bbox 3105 4807 3273 4849; x_wconf 78' lang='lat' dir='ltr'><strong>carne</strong></span> <span class='ocrx_word' id='word_1_672' title='bbox 3323 4795 3516 4850; x_wconf 84' lang='lat' dir='ltr'><strong>Salva-</strong></span> 
     </span>
    </p>
   </div>
   <div class='ocr_carea' id='block_1_98' title="bbox 1938 4877 3515 4953">
    <p class='ocr_par' dir='ltr' id='par_1_98' title="bbox 1938 4877 3515 4953">
     <span class='ocr_line' id='line_1_98' title="bbox 1938 4877 3515 4953; baseline 0.007 -22"><span class='ocrx_word' id='word_1_673' title='bbox 1938 4886 2025 4933; x_wconf 93' lang='lat' dir='ltr'><strong>tor</strong></span> <span class='ocrx_word' id='word_1_674' title='bbox 2083 4877 2312 4933; x_wconf 77' lang='lat' dir='ltr'><strong>dixisset</strong></span> <span class='ocrx_word' id='word_1_675' title='bbox 2340 4878 2487 4949; x_wconf 83' lang='lat' dir='ltr'><strong>quod</strong></span> <span class='ocrx_word' id='word_1_676' title='bbox 2520 4882 2610 4951; x_wconf 89' lang='lat' dir='ltr'><strong>qui</strong></span> <span class='ocrx_word' id='word_1_677' title='bbox 2648 4880 2817 4953; x_wconf 82' lang='lat' dir='ltr'><strong>Moysi</strong></span> <span class='ocrx_word' id='word_1_678' title='bbox 2868 4886 3153 4939; x_wconf 90' lang='lat' dir='ltr'><strong>oraculum</strong></span> <span class='ocrx_word' id='word_1_679' title='bbox 3190 4886 3425 4944; x_wconf 86' lang='lat' dir='ltr'><strong>reddens</strong></span> <span class='ocrx_word' id='word_1_680' title='bbox 3459 4889 3515 4942; x_wconf 92' lang='lat' dir='ltr'><strong>in</strong></span> 
     </span>
    </p>
   </div>
   <div class='ocr_carea' id='block_1_99' title="bbox 1941 4970 3520 5049">
    <p class='ocr_par' dir='ltr' id='par_1_99' title="bbox 1941 4970 3520 5049">
     <span class='ocr_line' id='line_1_99' title="bbox 1941 4970 3520 5049; baseline 0.006 -24"><span class='ocrx_word' id='word_1_681' title='bbox 1941 4981 2123 5028; x_wconf 92' lang='lat' dir='ltr'><strong>monte</strong></span> <span class='ocrx_word' id='word_1_682' title='bbox 2152 4970 2281 5026; x_wconf 87' lang='lat' dir='ltr'><strong>Sina</strong></span> <span class='ocrx_word' id='word_1_683' title='bbox 2306 4982 2361 5026; x_wconf 91' lang='lat' dir='ltr'><strong>et</strong></span> <span class='ocrx_word' id='word_1_684' title='bbox 2390 4970 2549 5028; x_wconf 88' lang='lat' dir='ltr'><strong>Pater</strong></span> <span class='ocrx_word' id='word_1_685' title='bbox 2573 4976 2817 5028; x_wconf 89' lang='lat' dir='ltr'><strong>omnium</strong></span> <span class='ocrx_word' id='word_1_686' title='bbox 2843 4984 2898 5028; x_wconf 87' lang='lat' dir='ltr'><strong>et</strong></span> <span class='ocrx_word' id='word_1_687' title='bbox 2926 4977 3183 5047; x_wconf 83' lang='lat' dir='ltr'><strong>cognitus</strong></span> <span class='ocrx_word' id='word_1_688' title='bbox 3207 4986 3261 5031; x_wconf 85' lang='lat' dir='ltr'><strong>et</strong></span> <span class='ocrx_word' id='word_1_689' title='bbox 3282 4980 3350 5034; x_wconf 91' lang='lat' dir='ltr'><strong>ab</strong></span> <span class='ocrx_word' id='word_1_690' title='bbox 3384 4981 3520 5049; x_wconf 85' lang='lat' dir='ltr'><strong>ipsis</strong></span> 
     </span>
    </p>
   </div>
   <div class='ocr_carea' id='block_1_100' title="bbox 1942 5063 3520 5132">
    <p class='ocr_par' dir='ltr' id='par_1_100' title="bbox 1942 5063 3520 5132">
     <span class='ocr_line' id='line_1_100' title="bbox 1942 5063 3520 5132; baseline 0.003 -14"><span class='ocrx_word' id='word_1_691' title='bbox 1942 5063 2225 5119; x_wconf 82' lang='lat' dir='ltr'><strong>invocatus</strong></span> <span class='ocrx_word' id='word_1_692' title='bbox 2266 5064 2380 5132; x_wconf 84' lang='lat' dir='ltr'><strong>ipse</strong></span> <span class='ocrx_word' id='word_1_693' title='bbox 2413 5065 2533 5129; x_wconf 86' lang='lat' dir='ltr'><strong>iste,</strong></span> <span class='ocrx_word' id='word_1_694' title='bbox 2579 5076 2634 5119; x_wconf 89' lang='lat' dir='ltr'><strong>ut</strong></span> <span class='ocrx_word' id='word_1_695' title='bbox 2672 5066 2833 5119; x_wconf 90' lang='lat' dir='ltr'><strong>homo</strong></span> <span class='ocrx_word' id='word_1_696' title='bbox 2877 5080 3001 5121; x_wconf 88' lang='lat' dir='ltr'><strong>cum</strong></span> <span class='ocrx_word' id='word_1_697' title='bbox 3036 5068 3351 5125; x_wconf 88' lang='lat' dir='ltr'><strong>hominibus</strong></span> <span class='ocrx_word' id='word_1_698' title='bbox 3381 5084 3520 5124; x_wconf 89' lang='lat' dir='ltr'><strong>cou-</strong></span> 
     </span>
    </p>
   </div>
   <div class='ocr_carea' id='block_1_101' title="bbox 253 5155 1791 5234">
    <p class='ocr_par' dir='ltr' id='par_1_101' title="bbox 253 5156 1782 5234">
     <span class='ocr_line' id='line_1_101' title="bbox 253 5156 1782 5234; baseline -0.004 -18"><span class='ocrx_word' id='word_1_699' title='bbox 253 5162 496 5234; x_wconf 82' lang='grc' dir='ltr'>γνώμης</span> <span class='ocrx_word' id='word_1_700' title='bbox 522 5164 599 5225; x_wconf 84' lang='grc' dir='ltr'>εἰς</span> <span class='ocrx_word' id='word_1_701' title='bbox 630 5162 689 5214; x_wconf 77' lang='grc' dir='ltr'>τὸ</span> <span class='ocrx_word' id='word_1_702' title='bbox 738 5162 1065 5231; x_wconf 84' lang='grc' dir='ltr'>κακουργεῖν</span> <span class='ocrx_word' id='word_1_703' title='bbox 1122 5157 1561 5227; x_wconf 71' lang='grc' dir='ltr'>ὑποφερομένης,</span> <span class='ocrx_word' id='word_1_704' title='bbox 1617 5156 1724 5210; x_wconf 84' lang='grc' dir='ltr'><strong>τῶν</strong></span> <span class='ocrx_word' id='word_1_705' title='bbox 1758 5176 1782 5210; x_wconf 90' lang='grc' dir='ltr'><strong>ε</strong></span> 
     </span>
    </p>
   </div>
   <div class='ocr_carea' id='block_1_102' title="bbox 1895 5155 3520 5234">
    <p class='ocr_par' dir='ltr' id='par_1_102' title="bbox 1946 5155 3520 5231">
     <span class='ocr_line' id='line_1_102' title="bbox 1946 5155 3520 5231; baseline 0.004 -22"><span class='ocrx_word' id='word_1_706' title='bbox 1946 5162 2195 5209; x_wconf 79' lang='lat' dir='ltr'><strong>versatur</strong></span> <span class='ocrx_word' id='word_1_707' title='bbox 2210 5163 2263 5209; x_wconf 89' lang='lat' dir='ltr'><strong>et</strong></span> <span class='ocrx_word' id='word_1_708' title='bbox 2288 5155 2403 5225; x_wconf 89' lang='lat' dir='ltr'><strong>ipse</strong></span> <span class='ocrx_word' id='word_1_709' title='bbox 2436 5156 2523 5211; x_wconf 89' lang='lat' dir='ltr'><strong>ille</strong></span> <span class='ocrx_word' id='word_1_710' title='bbox 2548 5164 2694 5212; x_wconf 87' lang='lat' dir='ltr'><strong>esset</strong></span> <span class='ocrx_word' id='word_1_711' title='bbox 2716 5158 2808 5226; x_wconf 88' lang='lat' dir='ltr'><strong>qui</strong></span> <span class='ocrx_word' id='word_1_712' title='bbox 2832 5156 3108 5228; x_wconf 89' lang='lat' dir='ltr'><strong>quondam</strong></span> <span class='ocrx_word' id='word_1_713' title='bbox 3131 5159 3347 5215; x_wconf 79' lang='lat' dir='ltr'><strong>divinas</strong></span> <span class='ocrx_word' id='word_1_714' title='bbox 3372 5160 3520 5231; x_wconf 85' lang='lat' dir='ltr'><strong>leges</strong></span> 
     </span>
    </p>
   </div>
   <div class='ocr_carea' id='block_1_103' title="bbox 264 5248 1841 5324">
    <p class='ocr_par' dir='ltr' id='par_1_103' title="bbox 264 5248 1841 5324">
     <span class='ocr_line' id='line_1_103' title="bbox 264 5248 1841 5324; baseline -0.006 -15"><span class='ocrx_word' id='word_1_715' title='bbox 264 5254 544 5324; x_wconf 88' lang='grc' dir='ltr'>σωτηρίαν</span> <span class='ocrx_word' id='word_1_716' title='bbox 580 5254 777 5314; x_wconf 72' lang='grc' dir='ltr'>αὐτοὺς</span> <span class='ocrx_word' id='word_1_717' title='bbox 812 5251 1270 5321; x_wconf 85' lang='grc' dir='ltr'>ἀνακαλουμένων</span> <span class='ocrx_word' id='word_1_718' title='bbox 1291 5248 1660 5318; x_wconf 82' lang='grc' dir='ltr'>διεπέπρακτο</span> <span class='ocrx_word' id='word_1_719' title='bbox 1688 5264 1699 5279; x_wconf 73' lang='grc'><strong><em>⁸</em></strong></span> <span class='ocrx_word' id='word_1_720' title='bbox 1725 5248 1841 5311; x_wconf 79' lang='grc' dir='ltr'><strong>πῶς</strong></span> 
     </span>
    </p>
   </div>
   <div class='ocr_carea' id='block_1_104' title="bbox 255 5338 1836 5417">
    <p class='ocr_par' dir='ltr' id='par_1_104' title="bbox 255 5338 1836 5417">
     <span class='ocr_line' id='line_1_104' title="bbox 255 5338 1836 5417; baseline -0.007 -15"><span class='ocrx_word' id='word_1_721' title='bbox 255 5349 378 5417; x_wconf 75' lang='grc' dir='ltr'>γὰρ</span> <span class='ocrx_word' id='word_1_722' title='bbox 421 5346 686 5401; x_wconf 84' lang='grc' dir='ltr'>Ἰουδαίων</span> <span class='ocrx_word' id='word_1_723' title='bbox 720 5347 907 5407; x_wconf 79' lang='grc' dir='ltr'>ἀκοαῖς</span> <span class='ocrx_word' id='word_1_724' title='bbox 938 5345 1164 5397; x_wconf 77' lang='grc' dir='ltr'>ἀνεκτὸν</span> <span class='ocrx_word' id='word_1_725' title='bbox 1194 5338 1279 5413; x_wconf 80' lang='grc' dir='ltr'>ἦν,</span> <span class='ocrx_word' id='word_1_726' title='bbox 1305 5344 1352 5394; x_wconf 85' lang='grc' dir='ltr'>εἰ</span> <span class='ocrx_word' id='word_1_727' title='bbox 1384 5342 1547 5409; x_wconf 82' lang='grc' dir='ltr'>σαρκὶ</span> <span class='ocrx_word' id='word_1_728' title='bbox 1578 5338 1769 5410; x_wconf 86' lang='grc' dir='ltr'>παρὼν</span> <span class='ocrx_word' id='word_1_729' title='bbox 1807 5342 1836 5392; x_wconf 86' lang='grc' dir='ltr'><strong>ό</strong></span> 
     </span>
    </p>
   </div>
   <div class='ocr_carea' id='block_1_105' title="bbox 261 5430 1837 5507">
    <p class='ocr_par' dir='ltr' id='par_1_105' title="bbox 261 5430 1837 5507">
     <span class='ocr_line' id='line_1_105' title="bbox 261 5430 1837 5507; baseline -0.008 -13"><span class='ocrx_word' id='word_1_730' title='bbox 261 5441 482 5502; x_wconf 82' lang='grc' dir='ltr'>σώσων,</span> <span class='ocrx_word' id='word_1_731' title='bbox 512 5439 717 5507; x_wconf 74' lang='grc' dir='ltr'>ἔλεγεν,</span> <span class='ocrx_word' id='word_1_732' title='bbox 754 5439 828 5500; x_wconf 83' lang='grc' dir='ltr'>ὡς</span> <span class='ocrx_word' id='word_1_733' title='bbox 848 5439 876 5489; x_wconf 87' lang='grc' dir='ltr'><strong>ό</strong></span> <span class='ocrx_word' id='word_1_734' title='bbox 910 5437 987 5505; x_wconf 86' lang='grc' dir='ltr'>τῷ</span> <span class='ocrx_word' id='word_1_735' title='bbox 1018 5436 1208 5489; x_wconf 86' lang='grc' dir='ltr'><strong>Μωσεί</strong></span> <span class='ocrx_word' id='word_1_736' title='bbox 1238 5431 1584 5505; x_wconf 82' lang='grc' dir='ltr'>χρηματίσας</span> <span class='ocrx_word' id='word_1_737' title='bbox 1629 5433 1686 5485; x_wconf 84' lang='grc' dir='ltr'>ὲν</span> <span class='ocrx_word' id='word_1_738' title='bbox 1723 5430 1837 5501; x_wconf 83' lang='grc' dir='ltr'>δρει</span> 
     </span>
    </p>
   </div>
   <div class='ocr_carea' id='block_1_106' title="bbox 262 5524 1841 5603">
    <p class='ocr_par' dir='ltr' id='par_1_106' title="bbox 262 5524 1841 5603">
     <span class='ocr_line' id='line_1_106' title="bbox 262 5524 1841 5603; baseline -0.008 -16"><span class='ocrx_word' id='word_1_739' title='bbox 262 5533 423 5603; x_wconf 77' lang='grc' dir='ltr'>Σινᾷ,</span> <span class='ocrx_word' id='word_1_740' title='bbox 449 5532 544 5584; x_wconf 72' lang='grc' dir='ltr'><strong>καὶ</strong></span> <span class='ocrx_word' id='word_1_741' title='bbox 588 5530 779 5600; x_wconf 79' lang='grc' dir='ltr'>Πατὴρ</span> <span class='ocrx_word' id='word_1_742' title='bbox 806 5528 915 5583; x_wconf 84' lang='grc' dir='ltr'><strong>τῶν</strong></span> <span class='ocrx_word' id='word_1_743' title='bbox 948 5529 1084 5583; x_wconf 85' lang='grc' dir='ltr'>ὅλων</span> <span class='ocrx_word' id='word_1_744' title='bbox 1116 5528 1209 5580; x_wconf 74' lang='grc' dir='ltr'>καὶ</span> <span class='ocrx_word' id='word_1_745' title='bbox 1226 5525 1629 5594; x_wconf 79' lang='grc' dir='ltr'>γινωσκόμενος</span> <span class='ocrx_word' id='word_1_746' title='bbox 1659 5524 1841 5586; x_wconf 82' lang='grc' dir='ltr'>αὐτοῖς</span> 
     </span>
    </p>
   </div>
   <div class='ocr_carea' id='block_1_107' title="bbox 269 5612 1841 5693">
    <p class='ocr_par' dir='ltr' id='par_1_107' title="bbox 269 5612 1841 5693">
     <span class='ocr_line' id='line_1_107' title="bbox 269 5612 1841 5693; baseline -0.008 -12"><span class='ocrx_word' id='word_1_747' title='bbox 269 5627 372 5681; x_wconf 80' lang='grc' dir='ltr'><strong>καὶ</strong></span> <span class='ocrx_word' id='word_1_748' title='bbox 439 5624 901 5693; x_wconf 77' lang='grc' dir='ltr'>ἀνακαλούμενος,</span> <span class='ocrx_word' id='word_1_749' title='bbox 994 5621 1156 5684; x_wconf 76' lang='grc' dir='ltr'>αὐτὸς</span> <span class='ocrx_word' id='word_1_750' title='bbox 1232 5612 1405 5687; x_wconf 71' lang='grc' dir='ltr'>οὗτος,</span> <span class='ocrx_word' id='word_1_751' title='bbox 1459 5617 1565 5681; x_wconf 80' lang='grc' dir='ltr'><strong>ιώς</strong></span> <span class='ocrx_word' id='word_1_752' title='bbox 1626 5616 1841 5687; x_wconf 82' lang='grc' dir='ltr'>ἀνθρω-</span> 
     </span>
    </p>
   </div>
   <div class='ocr_carea' id='block_1_108' title="bbox 353 5795 749 5858">
    <p class='ocr_par' dir='ltr' id='par_1_108' title="bbox 353 5795 749 5858">
     <span class='ocr_line' id='line_1_108' title="bbox 353 5795 749 5858; baseline -0.013 -5"><span class='ocrx_word' id='word_1_753' title='bbox 353 5798 545 5853; x_wconf 78' lang='lat' dir='ltr'><strong>&#39;Jnan.</strong></span> <span class='ocrx_word' id='word_1_754' title='bbox 584 5814 635 5858; x_wconf 71' lang='grc' dir='ltr'><strong>ν,</strong></span> <span class='ocrx_word' id='word_1_755' title='bbox 660 5795 749 5849; x_wconf 63' lang='grc'><strong>22.</strong></span> 
     </span>
    </p>
   </div>
   <div class='ocr_carea' id='block_1_109' title="bbox 484 5888 1035 5950">
    <p class='ocr_par' dir='ltr' id='par_1_109' title="bbox 484 5888 1035 5950">
     <span class='ocr_line' id='line_1_109' title="bbox 484 5888 1035 5950; baseline -0.007 -1"><span class='ocrx_word' id='word_1_756' title='bbox 484 5893 751 5950; x_wconf 68' lang='grc' dir='ltr'>ιἈτιιιῚ..</span> <span class='ocrx_word' id='word_1_757' title='bbox 791 5890 907 5946; x_wconf 77' lang='lat' dir='ltr'><strong>(in.</strong></span> <span class='ocrx_word' id='word_1_758' title='bbox 943 5888 1035 5945; x_wconf 78' lang='lat' dir='ltr'><strong>Cl.</strong></span> 
     </span>
    </p>
   </div>
   <div class='ocr_carea' id='block_1_110' title="bbox 1952 5245 3523 5321">
    <p class='ocr_par' dir='ltr' id='par_1_110' title="bbox 1952 5245 3523 5321">
     <span class='ocr_line' id='line_1_110' title="bbox 1952 5245 3523 5321; baseline 0.005 -22"><span class='ocrx_word' id='word_1_759' title='bbox 1952 5246 2154 5299; x_wconf 90' lang='lat' dir='ltr'><strong>tabulis</strong></span> <span class='ocrx_word' id='word_1_760' title='bbox 2174 5245 2345 5315; x_wconf 89' lang='lat' dir='ltr'><strong>digito</strong></span> <span class='ocrx_word' id='word_1_761' title='bbox 2370 5247 2670 5316; x_wconf 85' lang='lat' dir='ltr'><strong>insculptas</strong></span> <span class='ocrx_word' id='word_1_762' title='bbox 2717 5249 2959 5318; x_wconf 82' lang='lat' dir='ltr'><strong>scripsit,</strong></span> <span class='ocrx_word' id='word_1_763' title='bbox 2995 5257 3050 5304; x_wconf 91' lang='lat' dir='ltr'><strong>et</strong></span> <span class='ocrx_word' id='word_1_764' title='bbox 3088 5250 3264 5319; x_wconf 83' lang='lat' dir='ltr'><strong>plagis</strong></span> <span class='ocrx_word' id='word_1_765' title='bbox 3298 5261 3523 5321; x_wconf 89' lang='lat' dir='ltr'><strong>propter</strong></span> 
     </span>
    </p>
   </div>
   <div class='ocr_carea' id='block_1_111' title="bbox 1947 5336 3513 5412">
    <p class='ocr_par' dir='ltr' id='par_1_111' title="bbox 1947 5336 3513 5412">
     <span class='ocr_line' id='line_1_111' title="bbox 1947 5336 3513 5412; baseline 0.004 -19"><span class='ocrx_word' id='word_1_766' title='bbox 1947 5352 2042 5393; x_wconf 90' lang='lat' dir='ltr'><strong>eos</strong></span> <span class='ocrx_word' id='word_1_767' title='bbox 2089 5336 2379 5409; x_wconf 67' lang='lat' dir='ltr'><strong>Egyptum</strong></span> <span class='ocrx_word' id='word_1_768' title='bbox 2412 5340 2721 5410; x_wconf 81' lang='lat' dir='ltr'><strong>llagellavit,</strong></span> <span class='ocrx_word' id='word_1_769' title='bbox 2772 5350 2826 5397; x_wconf 91' lang='lat' dir='ltr'><strong>et</strong></span> <span class='ocrx_word' id='word_1_770' title='bbox 2875 5357 2971 5412; x_wconf 91' lang='lat' dir='ltr'><strong>per</strong></span> <span class='ocrx_word' id='word_1_771' title='bbox 3024 5343 3191 5397; x_wconf 88' lang='lat' dir='ltr'><strong>maris</strong></span> <span class='ocrx_word' id='word_1_772' title='bbox 3228 5344 3513 5399; x_wconf 79' lang='lat' dir='ltr'><strong>humidam</strong></span> 
     </span>
    </p>
   </div>
   <div class='ocr_carea' id='block_1_112' title="bbox 1952 5429 3523 5502">
    <p class='ocr_par' dir='ltr' id='par_1_112' title="bbox 1952 5429 3523 5502">
     <span class='ocr_line' id='line_1_112' title="bbox 1952 5429 3523 5502; baseline 0.005 -20"><span class='ocrx_word' id='word_1_773' title='bbox 1952 5437 2201 5483; x_wconf 87' lang='lat' dir='ltr'><strong>naturam</strong></span> <span class='ocrx_word' id='word_1_774' title='bbox 2235 5429 2543 5487; x_wconf 87' lang='lat' dir='ltr'><strong>immadidis</strong></span> <span class='ocrx_word' id='word_1_775' title='bbox 2576 5431 2802 5502; x_wconf 89' lang='lat' dir='ltr'><strong>pedibus</strong></span> <span class='ocrx_word' id='word_1_776' title='bbox 2840 5433 2942 5485; x_wconf 89' lang='lat' dir='ltr'><strong>iter</strong></span> <span class='ocrx_word' id='word_1_777' title='bbox 2974 5432 3153 5487; x_wconf 88' lang='lat' dir='ltr'><strong>facere</strong></span> <span class='ocrx_word' id='word_1_778' title='bbox 3178 5434 3257 5487; x_wconf 91' lang='lat' dir='ltr'><strong>eis</strong></span> <span class='ocrx_word' id='word_1_779' title='bbox 3292 5448 3523 5489; x_wconf 87' lang='lat' dir='ltr'><strong>conces-</strong></span> 
     </span>
    </p>
   </div>
   <div class='ocr_carea' id='block_1_113' title="bbox 1953 5522 3527 5594">
    <p class='ocr_par' dir='ltr' id='par_1_113' title="bbox 1953 5522 3527 5594">
     <span class='ocr_line' id='line_1_113' title="bbox 1953 5522 3527 5594; baseline 0.002 -19"><span class='ocrx_word' id='word_1_780' title='bbox 1953 5522 2059 5583; x_wconf 89' lang='lat' dir='ltr'><strong>sit,</strong></span> <span class='ocrx_word' id='word_1_781' title='bbox 2100 5529 2154 5575; x_wconf 92' lang='lat' dir='ltr'><strong>et</strong></span> <span class='ocrx_word' id='word_1_782' title='bbox 2202 5536 2428 5591; x_wconf 77' lang='lat' dir='ltr'><strong>quaeque</strong></span> <span class='ocrx_word' id='word_1_783' title='bbox 2480 5531 2537 5576; x_wconf 92' lang='lat' dir='ltr'><strong>ut</strong></span> <span class='ocrx_word' id='word_1_784' title='bbox 2611 5537 2707 5577; x_wconf 87' lang='lat' dir='ltr'><strong>eos</strong></span> <span class='ocrx_word' id='word_1_785' title='bbox 2770 5523 2835 5576; x_wconf 88' lang='lat' dir='ltr'><strong>ad</strong></span> <span class='ocrx_word' id='word_1_786' title='bbox 2886 5523 3138 5593; x_wconf 86' lang='lat' dir='ltr'><strong>pietatem</strong></span> <span class='ocrx_word' id='word_1_787' title='bbox 3181 5539 3311 5594; x_wconf 83' lang='lat' dir='ltr'><strong>erga</strong></span> <span class='ocrx_word' id='word_1_788' title='bbox 3357 5525 3527 5580; x_wconf 90' lang='lat' dir='ltr'><strong>Deum</strong></span> 
     </span>
    </p>
   </div>
   <div class='ocr_carea' id='block_1_114' title="bbox 1956 5611 3534 5684">
    <p class='ocr_par' dir='ltr' id='par_1_114' title="bbox 1956 5611 3534 5684">
     <span class='ocr_line' id='line_1_114' title="bbox 1956 5611 3534 5684; baseline 0.001 -16"><span class='ocrx_word' id='word_1_789' title='bbox 1956 5611 2259 5679; x_wconf 32' lang='lat' dir='ltr'><strong>reduceret.</strong></span> <span class='ocrx_word' id='word_1_790' title='bbox 2318 5614 2639 5670; x_wconf 87' lang='lat' dir='ltr'><strong>mirabiliter</strong></span> <span class='ocrx_word' id='word_1_791' title='bbox 2700 5615 2865 5670; x_wconf 82' lang='lat' dir='ltr'><strong>fecit?</strong></span> <span class='ocrx_word' id='word_1_792' title='bbox 2932 5616 3231 5684; x_wconf 70' lang='lat' dir='ltr'><strong>Quomodo</strong></span> <span class='ocrx_word' id='word_1_793' title='bbox 3296 5618 3347 5671; x_wconf 91' lang='lat' dir='ltr'><strong>ei</strong></span> <span class='ocrx_word' id='word_1_794' title='bbox 3402 5617 3534 5670; x_wconf 88' lang='lat' dir='ltr'><strong>talia</strong></span> 
     </span>
    </p>
   </div>
   <div class='ocr_carea' id='block_1_115' title="bbox 3108 5877 3169 5931">
    <p class='ocr_par' dir='ltr' id='par_1_115' title="bbox 3108 5877 3169 5931">
     <span class='ocr_line' id='line_1_115' title="bbox 3108 5877 3169 5931; baseline 0 0"><span class='ocrx_word' id='word_1_795' title='bbox 3108 5877 3169 5931; x_wconf 77' lang='grc' dir='ltr'>ίιΙ</span> 
     </span>
    </p>
   </div>
  </div>
