4156 6438
706 381 841 450 1283

1973 386 2596 448 SUPI’IEMILNTUM

3851 394 3982 463 1286

709 497 910 548 dicenti
949 492 1364 546 ohedivissent?
1392 490 1544 557 Quod
1593 493 1916 546 miraCulnm
1950 495 2017 548 ab
2054 498 2147 547 illo
2180 511 2281 550 non

2402 514 2519 559 πος,
2571 498 2683 558 τοῖς
2730 496 3066 568 ἀνθρώποις,
3095 503 3624 571 συναναστρέφεται,
3690 507 3789 557 καὶ
3824 510 3983 571 αὐτὸς

704 584 1062 654 csegissent?
1117 584 1173 636 Si
1234 585 1378 636 enim
1447 583 1645 636 Filium
1707 583 1958 639 Salvator
2008 601 2066 640 se
2106 587 2288 654 ipsum

705 676 866 740 dixit,
923 675 1026 730 etsi
1087 675 1203 744 ipse
1278 675 1480 741 srepius
1567 675 1888 731 invenustus
1944 686 1996 729 et
2059 677 2291 732 inscitus

706 767 875 821 Israel
910 766 1054 820 illius
1085 764 1473 834 appellaretur,
1505 765 1586 819 illi
1631 765 1698 821 ad
1733 766 1876 820 hanc
1917 782 2103 822 vocem
2141 770 2290 822 insa-

700 857 909 913 liebant
977 869 1030 913 et
1097 858 1592 912 obmurmurabant
1645 866 1702 912 et
1758 859 2070 928 blasphema
2105 862 2290 916 dicere

701 951 1042 1021 arguebant;
1080 951 1144 1004 ad
1177 959 1443 1019 quantum
1485 951 1653 1020 igitur
1682 953 1949 1006 malorum
2005 953 2288 1023 fastigium

704 1056 809 1094 non
846 1041 1232 1103 incurrissent,
1264 1041 1310 1095 si
1348 1055 1407 1096 se
1460 1042 1640 1111 ipsum
1670 1041 1884 1097 Patrem
1927 1044 2289 1113 praedicasset

702 1133 984 1202 accipiens
1033 1142 1277 1189 nostram
1306 1148 1552 1199 carnem,
1587 1135 1638 1188 in
1685 1136 1901 1204 generis
1936 1137 2163 1192 humani
2200 1153 2290 1193 sa-

711 1224 877 1277 lutem
923 1223 1103 1278 factus
1150 1224 1443 1278 Salvator?
1497 1224 1736 1295 Ideoque
1787 1226 1951 1295 igitur
1995 1227 2284 1296 (quantum

710 1316 1022 1371 rationibus
1051 1317 1306 1372 humanis
1343 1317 1492 1372 lubet
1526 1318 1839 1388 concipere)
1885 1335 1988 1374 non
2019 1319 2182 1374 Pater
2229 1319 2286 1374 lit

700 1409 884 1472 homo,
915 1409 1010 1465 sed
1031 1409 1224 1475 Filius,
1244 1420 1482 1482 utquam
1512 1414 1743 1468 maxime
1767 1415 2118 1482 acceptabilis
2138 1415 2290 1469 lieret

705 1500 1026 1555 hominibus
1075 1503 1336 1556 salutaris
1380 1503 1715 1572 praedicatio,
1751 1511 1803 1558 et
1844 1515 1898 1558 ut
1942 1505 2284 1559 Dominicum

2396 592 2603 654 ἐκεῖνος
2669 590 2754 661 εἴη
2804 593 2834 644 6
2890 593 3059 645 πάλαι
3121 593 3219 655 τάς
3273 594 3506 658 πλάκας,
3569 598 3625 650 αἶ
3645 599 3773 660 τοὺς
3809 601 3982 664 Θείους

2396 682 2628 752 θεσμοὺς
2691 682 2907 753 ἔφερον,
2960 683 3209 754 δακτύλῳ
3255 684 3585 756 διαγράψας,
3615 692 3712 742 καὶ
3742 691 3980 759 πληγαῖς

2391 774 2492 841 τὴν
2521 773 2808 840 Αἴγυπτον
2835 774 2977 843 ὑπὲρ
3001 775 3186 828 αὐτῶν
3220 777 3506 844 μαστίξας,
3543 781 3640 831 καὶ
3668 779 3770 850 τὴν
3805 781 3979 849 ὑγρὰν

2392 864 2491 931 τῆς
2527 864 2808 934 θαλάσσης
2867 868 3029 935 φύσιν
3081 867 3408 938 πεζοπορεῖν
3473 871 3728 942 ἀϐρόχως
3780 874 3981 937 αὐτοὺς

2393 955 2702 1026 χαριτώσας
2727 997 2740 1019 ,
2773 957 2866 1009 καὶ
2884 959 2983 1011 ὅσα
3010 958 3146 1012 ἀλλα
3174 960 3310 1030 πρὸς
3339 961 3635 1032 ἀναγωγὴν
3663 962 3980 1022 θεοσεΰείας

2390 1048 2452 1100 τὸ
2488 1047 2636 1100 θεῖον
2658 1049 2842 1109 αὐτοῖς
2883 1051 3232 1120 ἐδημιούργει
3258 1050 3481 1120 θαῦμα;
3540 1054 3659 1114 πῶς
3694 1055 3761 1107 ἂν
3803 1056 3979 1110 ταῦτα

2391 1139 2661 1208 λέγοντος,
2688 1139 2967 1193 ἐπείθοντο
2995 1157 3010 1206 ;
3041 1142 3093 1193 τί
3113 1142 3170 1194 δὲ
3191 1142 3300 1197 τῶν
3337 1143 3556 1198 ἀτόπων
3583 1147 3853 1214 πράττειν
3877 1149 3979 1202 οὐκ

2392 1233 2461 1286 ἂν
2496 1231 2810 1302 ἠρεθίζοντο
2831 1249 2846 1297 ;
2869 1233 2918 1284 ει
2938 1233 3203 1304 γάρ,Υίδν
3219 1234 3468 1301 λέγοντος
3485 1236 3677 1288 ἑαυτὸν
3687 1236 3785 1291 τού
3799 1238 3976 1308 Σωτῆ-

2395 1343 2511 1397 ρος,
2555 1325 2734 1378 καίτοι
2764 1341 2827 1393 γε
2863 1325 2960 1378 καὶ
2993 1325 3154 1384 αὐτὸς
3181 1327 3210 1378 6
3239 1328 3533 1397 ἀχάριστος
3567 1331 3664 1381 καὶ
3700 1329 3979 1399 ἀγνώμων

2404 1417 2617 1488 Ἰσραὴλ
2667 1417 2931 1479 πολλάκις
2977 1419 3092 1480 υίὸς
3126 1418 3466 1487 ὠνομάζετο,
3522 1420 3574 1472 οι
3623 1420 3683 1473 δὲ
3713 1426 3814 1474 καὶ
3842 1425 3982 1492 πρὸς

2400 1510 2608 1576 ταύτην
2673 1508 2773 1577 τὴν
2835 1507 3021 1578 ςωνὴν
3077 1510 3387 1576 ἐπεπήδων,
3438 1510 3674 1580 καὶτῆς
3717 1513 3982 1580 ἀληθείας

705 1591 1130 1664 hominibusque
1160 1595 1453 1664 benignum
1485 1609 1623 1663 opus
1661 1610 1854 1650 onmes
1891 1595 2281 1650 misericordiae

2391 1597 2816 1664 κατεγόγγυζον,
2849 1597 2944 1650 καὶ
3005 1594 3356 1666 βλασφημίας
3412 1598 3595 1651 αἰτίαν
3669 1597 3981 1668 περιῆπτον

701 1695 756 1740 ct
777 1685 1130 1754 providentiae
1151 1686 1395 1741 rationes
1418 1686 1690 1741 excedens
1707 1687 1774 1741 ad
1796 1687 1955 1741 linem
1974 1704 2142 1754 suum
2164 1703 2281 1759 per-

2387 1689 2467 1759 τῷ
2505 1689 2740 1755 λέγοντι,
2767 1689 2847 1751 είς
2876 1690 3027 1741 ποῖον
3083 1687 3153 1741 ἂν
3187 1689 3473 1757 κολοφῶνα
3500 1688 3690 1743 κακῶν
3715 1689 3822 1743 οὐκ
3879 1691 3978 1744 ἀν.

700 1777 934 1831 veniret.
2389 1781 2648 1850 έδραμον,
2705 1781 2754 1832 εί
2845 1779 3066 1850 Πατέρα
3134 1779 3324 1834 ἑαυτὸν
3373 1780 3741 1852 ἀνεκήρυττεν
3793 1783 3824 1835 6
3878 1781 3982 1852 τὴν

697 1871 974 1940 ἡμετέραν
1018 1869 1303 1924 ἀναλαϐὼν
1337 1871 1538 1943 σάρκα.
1585 1871 1679 1924 καὶ
1714 1870 1886 1925 σῶσαι
1922 1871 2316 1942 παραγεγονὼς
2363 1872 2421 1925 τὸ
2453 1871 2835 1943 ἀνθρώπινονς
2887 1873 2986 1924 Διά
3015 1871 3176 1925 τοῦτο
3217 1871 3396 1924 τοίνυν
3433 1873 3557 1941 (ὅσα
3592 1889 3656 1938 γε
3687 1873 3979 1944 λογισμοῖς

698 1965 1066 2033 ἀνθρωπίνοις
1090 1966 1295 2037 λαϐεῖν)
1333 1969 1431 2039 οὐχ
1460 1971 1488 2020 6
1522 1968 1708 2037 Πατὴρ
1733 1968 2016 2037 ἄνθρωπος
2045 1967 2284 2035 γίνεται,
2323 1969 2437 2021 ἀλλ’
2466 1970 2495 2022 ὃ
2525 1985 2586 2036 γε
2625 1968 2771 2030 Υίδς,
2833 1968 2910 2030 ὼς
2973 1967 3040 2021 ἀν
3093 1967 3330 2036 μάλιστα
3387 1966 3800 2035 εὐπαράδεκτον
3861 1970 3981 2034 τοῖς

695 2059 1012 2129 ἀνθρώποις
1067 2063 1129 2115 τὸ
1175 2066 1444 2133 σωτήριον
1503 2065 1730 2132 γένηται
1785 2065 2067 2134 κήρυγμα,
2096 2067 2188 2116 καὶ
2217 2064 2280 2118 τὸ
2317 2065 2635 2118 δεσποτικὸν
2697 2065 2794 2118 καὶ
2850 2062 3241 2136 φιλάνθρωπον
3270 2063 3430 2132 ἔργον
3455 2064 3551 2116 καὶ
3598 2063 3781 2118 πάντα
3809 2063 3980 2129 λόγον

694 2155 1016 2225 οἰκτιρμῶν,
1068 2156 1160 2208 καὶ
1211 2157 1472 2226 προνοίας
1533 2157 1900 2228 ὑπερδαῖνον,
1957 2159 2037 2218 εἰς
2094 2158 2269 2226 πέρας
2307 2159 2733 2228 ἐξενηνεγμένον
2768 2158 2877 2227 εἴη.

772 2251 826 2306 ϐ.
872 2249 1140 2305 Similiter
1185 2267 1316 2307 vero
1361 2252 1405 2305 si
1459 2253 1680 2322 quidem
1747 2252 1987 2324 Spiritus
2047 2264 2276 2310 sanctus

2452 2254 2527 2320 ς’.
2571 2255 2842 2318 Ὡσαύτως
2862 2255 2919 2308 δὲ
2945 2253 3038 2307 καῖ
3069 2253 3122 2306 εί
3147 2254 3205 2306 τδ
3229 2251 3452 2322 Πνεῦμα
3475 2252 3538 2307 τὸ
3568 2251 3725 2319 ἅγιον
3756 2252 3974 2321 ὑπέστη

697 2357 922 2399 carnem
983 2340 1274 2408 induisset,
1313 2352 1426 2396 tum
1475 2339 1680 2398 Judaeis
1711 2341 1905 2398 inisset
1961 2346 2273 2414 iniquitatis

2386 2349 2482 2417 τὴν
2533 2349 2829 2417 σάρκωσιν,
2865 2348 2899 2416 ὴ
2946 2347 3087 2416 αὑτὴ
3138 2347 3206 2399 ἂν
3261 2341 3331 2415 ἦν
3389 2347 3501 2407 τοῖς
3550 2344 3830 2406 Ἰουδαίοις
3874 2348 3977 2413 τῆς

696 2443 752 2490 ct
801 2431 1135 2488 infidelitatis
1165 2433 1304 2488 idem
1348 2441 1642 2504 praetextus
1690 2446 1745 2490 et
1796 2437 2022 2492 moleste
2073 2438 2281 2493 ferendi

2386 2439 2778 2508 ἀγνωμοσύνης
2811 2439 2906 2491 καὶ
2939 2438 3199 2497 ἀπιστίας
3237 2437 3500 2507 γινομένη
3537 2435 3842 2505 πρόφασις,
3879 2438 3976 2488 καὶ

697 2524 1152 2594 repugnandique
1190 2526 1474 2580 excusatio
1541 2536 1592 2580 et
1629 2529 1937 2582 avertendae
1995 2528 2281 2584 calumnia:

2386 2531 2475 2584 τοῦ
2509 2532 2884 2601 δυσχεραίνειν
2915 2530 3012 2584 καὶ
3044 2527 3508 2592 ἀπαυθαδίζεσθαι
3541 2526 3860 2597 καταφυγὴ,
3884 2527 3975 2579 δο-

697 2617 867 2673 ﬁctio.
932 2617 987 2672 Si
1039 2618 1184 2674 enim
1247 2618 1301 2672 in
1354 2621 1640 2675 sententiis
1689 2621 1802 2675 suis
1887 2621 2284 2677 subobscuram

695 2711 935 2780 aliquam
993 2713 1330 2766 sacrosancti
1381 2711 1617 2782 Spiritus
1664 2715 2014 2782 proferebant
2059 2715 2282 2781 faniam,

695 2819 827 2857 sane
869 2805 994 2874 quia
1058 2805 1444 2874 prophetarum
1495 2805 1802 2860 doctrinam
1863 2809 2148 2864 audientes
2199 2811 2285 2863 (Ii-

697 2896 953 2951 dicerant
1001 2899 1195 2951 melius
1243 2913 1369 2952 esse
1423 2911 1617 2954 natura
1652 2900 1912 2963 humana,
1957 2902 2090 2955 nihil
2123 2916 2280 2955 com-

697 3005 864 3044 mune
911 2991 1065 3043 carni
1116 3000 1169 3044 et
1205 2991 1445 3061 spiritui,
1502 3002 1556 3046 et
1603 2991 1790 3045 divina
1828 2995 2049 3046 oracula
2093 2995 2280 3063 aliquo

693 3082 856 3135 modo
897 3082 999 3137 sibi
1046 3084 1552 3151 reprmsentabant;
1612 3083 1765 3138 Isaiae
1815 3087 1959 3139 enim
2007 3089 2283 3156 prepheta:

697 3173 861 3226 verba
929 3191 944 3226 :
1035 3171 1268 3239 Spiritus
1319 3175 1532 3228 Domini
1588 3192 1743 3245 super
1803 3193 1912 3236 me.
1958 3179 2074 3232 ideo
2127 3180 2279 3233 unxit

694 3278 776 3316 me
821 3262 862 3324 ⁸.
921 3272 1011 3316 aut
1078 3262 1296 3318 Davidis
1339 3264 1668 3320 clamantis:
1725 3264 1987 3332 Spiritum
2035 3280 2280 3322 sanctum

695 3362 844 3405 tuum
891 3367 954 3404 ne
1007 3350 1221 3417 auferas
1296 3368 1327 3403 a
1373 3368 1452 3405 me
1484 3353 1540 3414 ⁷,

2386 2624 2558 2677 κούσα
2614 2623 2714 2692 τὴν
2773 2622 3027 2693 διαϐολὴν
3085 2619 3523 2690 ἀποτρέπεσθαυ
3591 2620 3640 2671 εί
3705 2618 3821 2688 γάρ
3885 2619 3980 2672 καὶ

2390 2716 2640 2788 ἀμυδράν
2669 2733 2792 2769 τινα
2814 2716 2912 2786 τὴν
2946 2713 3197 2784 περὶτοῦ
3230 2712 3497 2780 παναγίου
3532 2711 3857 2780 Πνεύματος
3891 2713 3978 2764 δό-

2391 2805 2486 2868 ξαν
2513 2806 2638 2866 ταῖς
2671 2803 2884 2856 ἑαυτῶν
2916 2802 3179 2865 διανοίαις
3230 2803 3579 2872 περιέφερον,
3605 2801 3723 2856 ἀλλ’
3756 2797 3856 2854 οὖν
3897 2803 3978 2855 ὅτι

2388 2898 2636 2965 κρεῖττον
2671 2895 2772 2966 τῆς
2814 2893 3165 2965 ἀνθρωπίνης
3201 2892 3438 2963 φύσεως,
3469 2894 3566 2947 καὶ
3607 2894 3792 2946 κοινὸν
3827 2894 3976 2946 obsiti:

2391 2988 2555 3056 σαρκὶ
2606 2988 2702 3039 καὶ
2753 2986 3049 3057 πνεύματι,
3077 2986 3202 3047 τούς
3249 3003 3308 3038 τε
3350 2986 3460 3038 τῶν
3489 2985 3795 3055 προφητῶν
3839 3003 3976 3055 χρη-

2390 3077 2562 3145 σμοὺς
2608 3075 2901 3140 ἀκούοντες
2957 3074 3349 3146 ἁνεμάνθανον,
3406 3075 3500 3128 καὶ
3549 3075 3815 3145 θειότητά
3855 3093 3974 3128 τινα

2386 3168 2513 3238 περὶ
2546 3167 2713 3220 αὑτοῦ
2741 3167 3122 3235 ἐφαντάζοντο,
3143 3166 3303 3220 τοῦτο
3329 3165 3448 3236 μὲν,
3479 3166 3721 3236 Πνεῦμα
3752 3168 3976 3236 Κυρίου

2383 3260 2476 3314 ἐπ’
2510 3259 2635 3328 ἐμὲ,
2663 3255 2736 3314 οὗ
2764 3260 2999 3313 εἵνεκεν
3047 3258 3255 3328 ἐχρισέ
3308 3274 3402 3326 με,
3432 3255 3526 3311 τοῦ
3574 3257 3806 3310 Ἡσαΐου
3852 3275 3976 3310 κατ-

1627 3363 1720 3407 aut
1751 3353 1951 3421 Muysis
2007 3358 2275 3425 originem

2386 3351 2759 3420 αγγέλλοντος,
2790 3349 2948 3403 τοῦτο
2980 3350 3038 3404 δὲ
3086 3348 3181 3402 τοῦ
3209 3349 3394 3411 Δασὶδ,
3448 3349 3521 3402 Τὸ
3558 3348 3814 3418 Πνεῦμά
3863 3365 3975 3402 σου

695 3441 886 3495 mundi
930 3440 1297 3496 describentis
1338 3459 1352 3495 :
1392 3460 1408 3491 ι
1451 3440 1685 3509 Spiritus
1731 3420 2144 3512 Deiiferebntu'r
2194 3464 2281 3500 su—

2386 3445 2448 3496 τὸ
2499 3442 2673 3509 ἅγιον
2713 3441 2800 3511 μὴ
2829 3441 3188 3509 duarum,
3220 3439 3323 3493 ἀπ’
3363 3439 3533 3507 ἐμοῦ,
3565 3440 3685 3506 καὶ,
3727 3441 3975 3510 Πνεῦμα

691 3549 783 3603 per
848 3548 1014 3602 aquas
1071 3533 1129 3595 ',
1197 3539 1250 3586 et
1316 3543 1574 3587 sexcenta
1633 3535 1738 3587 alia
1783 3535 2137 3602 hujusmodi,
2212 3553 2279 3592 ex

692 3625 894 3697 quibus
935 3624 1259 3680 diviniorcm
1295 3639 1459 3694 quam
1510 3627 1809 3682 secundum
1855 3627 2127 3683 hominem
2164 3628 2283 3699 Spi-

695 3720 835 3772 ritus
886 3725 1140 3770 naturam
1193 3718 1541 3777 inducebant.
1574 3721 1678 3773 etsi
1729 3736 1838 3774 non
1882 3737 2016 3789 pure
2064 3721 2130 3776 ad
2158 3723 2279 3791 ejus

691 3808 1020 3877 theologiam
1095 3807 1294 3862 exinde
1383 3809 2007 3880 ducerenturzquanto
2105 3815 2279 3883 magis

695 3899 980 3953 Sadducaei
1015 3899 1340 3954 derisissent
1383 3909 1438 3955 et
1476 3902 1730 3957 manibus
1761 3902 2131 3973 dentibusque
2159 3920 2280 3975 my-

688 3998 918 4053 sterium
978 3995 1336 4060 lacerassent,
1393 3997 1440 4051 si
1488 3997 1613 4066 quis
1662 3998 1742 4051 eis
1793 3997 2061 4063 dedisset,
2110 4015 2280 4068 appa-

689 4095 897 4140 rentem
939 4085 992 4137 in
1023 4099 1190 4138 carne
1226 4087 1672 4154 discerpsissent,
1699 4086 1818 4154 ejus
1844 4086 2274 4142 incarnationem
2302 4107 2312 4114 ε

693 4187 750 4233 ιιι
784 4185 838 4232 ει
872 4177 1188 4246 angelorum
1231 4177 1609 4232 exsiSIentiam
1643 4185 1906 4248 negantes
1937 4179 1978 4231 ’.
2009 4179 2143 4232 (tum
2179 4179 2280 4246 igi-

690 4281 780 4324 tur
818 4279 870 4325 et
913 4269 1091 4325 Patris
1120 4277 1172 4325 et
1205 4268 1442 4339 Spiritus
1477 4271 1782 4324 incarnatio
1822 4268 2025 4325 Iudaeis
2052 4273 2279 4325 omnino

689 4363 1102 4433 inacceptabilis
1149 4375 1293 4418 esset
1340 4372 1394 4417 et
1441 4362 1591 4418 salus
1632 4363 1868 4431 generis,
1913 4379 2032 4431 qua:
2078 4378 2279 4430 scapus

688 4463 741 4510 et
779 4454 1121 4526 providentia
1159 4453 1250 4509 Dei
1287 4463 1406 4507 erat
1433 4460 1488 4507 et
1532 4468 1625 4523 per
1672 4469 1833 4522 quam
1872 4455 2152 4508 evacuatio
2189 4453 2276 4506 in-

685 4547 1044 4612 evacuabilis,
1094 4546 1216 4601 linis
1267 4561 1427 4614 quem
1466 4547 1654 4599 habuit
1697 4548 1750 4599 in
1787 4543 1923 4598 Filio
1969 4546 2275 4608 incarnato,

688 4640 861 4692 multa
919 4637 1187 4705 indigeret
1226 4637 1601 4705 ai'ceptatione
1647 4641 1702 4686 et
1752 4633 2106 4702 probabiliter
2145 4649 2274 4703 pro-

685 4735 806 4796 pter
853 4725 1076 4778 multam
1112 4725 1272 4777 aliam
1326 4724 1650 4793 sapientiam
1688 4721 2032 4786 inetl'abilein,
2078 4732 2132 4777 et
2168 4723 2275 4777 hu-

686 4817 867 4872 manis
921 4817 1224 4872 ratiociniis
1271 4816 1918 4886 incomprehensibilem,
1961 4814 2134 4871 Filius
2179 4816 2275 4871 de-

684 4919 836 4964 creto
866 4908 1066 4974 Patris,
1105 4911 1306 4963 virtute
1349 4908 1687 4965 sacrosancti
1731 4907 1988 4977 Spiritus,
2027 4917 2272 4962 nostram

685 5003 920 5058 induens
947 5018 1190 5068 carnem,
1229 5003 1443 5074 generis
1491 5003 1710 5058 humani
1749 5017 2098 5058 communem
2125 5000 2274 5057 salu-

684 5103 794 5150 tem
831 5094 1077 5165 perfecit.

2386 3534 2534 3588 Θεοῦ
2563 3533 2884 3603 ἐπεφέρετο
2917 3532 3118 3587 ἐπάνω
3170 3532 3278 3586 τοῦ
3324 3531 3562 3598 ὓδατος,
3591 3533 3849 3595 Μωσέως
3881 3537 3976 3598 τὴν

2383 3627 2775 3696 κοσμογένειαν
2804 3625 3234 3695 ἀναγράφοντος,
3270 3624 3365 3676 καὶ
3400 3624 3574 3694 μυρία
3593 3623 3734 3677 ἄλλα
3755 3640 3772 3654 ο
3811 3625 3870 3690 ea
3899 3617 3974 3678 ὧν

2383 3718 2662 3789 θειοτέραν
2702 3717 2801 3788 μὲν
2835 3719 2868 3787 ἢ
2898 3718 3040 3770 κατᾶ
3076 3715 3366 3784 ἄνθρωπον
3393 3715 3492 3785 τὴν
3522 3715 3620 3768 τοῦ
3652 3715 3977 3786 Πνεύματος

2383 3809 2546 3875 φύσιν
2575 3806 2968 3873 ἀνελογίζοντο,
2999 3806 3047 3856 εί
3087 3807 3180 3857 καὶ
3205 3805 3342 3873 προς
3373 3803 3468 3873 τὴν
3509 3804 3681 3856 αὑτοῦ
3714 3805 3974 3875 καθαρῶς

2382 3900 2664 3967 θεολογίαν
2710 3901 2812 3952 οὐκ
2841 3900 3123 3967 ἀνήγοντο.
3153 3897 3370 3950 Μᾶλλον
3421 3896 3479 3949 δὲ
3514 3897 3564 3949 οί
3619 3897 3976 3950 Σαδδουκαῖοι

2379 3990 2635 4060 διεγέλων
2669 3989 2736 4043 ἂν
2766 3988 2863 4041 καὶ
2886 3985 3228 4057 διεχλεύαζον
3259 3985 3320 4038 τὸ
3351 3987 3674 4055 μυστήριον.
3710 3988 3814 4040 καὶ
3849 4003 3974 4056 χερ-

2383 4085 2468 4136 σὶν
2507 4083 2572 4135 ἀν
2615 4081 2711 4133 καὶ
2738 4079 2973 4142 ὀδοῦσιν,
3009 4078 3064 4131 εί
3084 4095 3167 4141 τις
3191 4077 3373 4140 αὐτοῖς
3399 4077 3591 4140 ἐδίδου,
3627 4078 3724 4132 τὸν
3777 4081 3976 4146 tutam-

2380 4175 2542 4227 νέντα
2588 4173 2826 4226 διέσπων
2880 4188 2942 4224 τε
2987 4171 3084 4223 καὶ
3131 4171 3552 4240 διεσπαρασσον,
3589 4170 3691 4224 ἆτε
3736 4171 3865 4241 μηδ’
3895 4173 3976 4232 si;

2383 4264 2614 4335 ὓπαρξιν
2640 4264 2778 4326 ὅλως
2801 4261 2998 4326 ἐλθεῖν,
3029 4260 3220 4330 ὥσπερ
3246 4260 3369 4331 μηδ’
3393 4260 3646 4328 ἀγγέλων
3675 4261 3864 4330 φύσιν,
3889 4263 3977 4315 ἀν-

2380 4357 2659 4428 εχομένοις
2679 4353 2934 4426 λέγειν,ἢ
2965 4352 3246 4422 λογισμοῖς
3267 4351 3643 4422 ἀναδέχεσθαι.
3686 4353 3848 4406 Ἐπεὶ
3881 4348 3973 4406 οὖν

2380 4450 2414 4518 ἦ
2465 4464 2524 4501 τε
2569 4446 2664 4500 τοῦ
2716 4447 2929 4514 Πατρὸς
2965 4445 3061 4499 καὶ
3109 4447 3142 4515 ὴ
3177 4442 3273 4497 τοῦ
3319 4444 3642 4512 Πνεύματος
3691 4445 3973 4514 σάρκωσις

2377 4541 2490 4602 τοῖς
2529 4537 2802 4602 Ἰουδαίοις
2836 4535 3114 4598 παντελῶς
3145 4531 3214 4606 ἦν
3243 4536 3648 4606 ἀπαράδεκτος,
3677 4537 3777 4588 καὶ
3803 4539 3836 4606 ἡ
3871 4553 3976 4589 σω-

2378 4632 2539 4703 τηρία
2566 4630 2662 4684 τοῦ
2692 4631 2902 4699 γένους,
2934 4630 3073 4696 ὅπερ
3108 4623 3178 4700 ἦν
3220 4630 3249 4681 6
3275 4629 3478 4691 σκοπὸς
3517 4628 3616 4680 καὶ
3666 4630 3701 4700 ἡ
3736 4630 3971 4700 πρόνοια

2380 4724 2474 4777 τοῦ
2521 4723 2703 4786 Θείου,
2759 4721 2853 4776 καὶ
2918 4721 2988 4774 δι’
3028 4723 3095 4792 ἢν
3151 4723 3184 4790 ἠ
3238 4719 3467 4782 κένωσις
3521 4718 3617 4772 τοῦ
3687 4722 3969 4775 ἀκενώτου

2382 4817 2556 4887 πέρας
2605 4811 2719 4870 οἷον
2775 4815 2925 4885 ἔσχε,
2984 4812 3358 4882 σαρκωθέντος
3406 4812 3500 4866 τοῦ
3555 4811 3718 4877 Υίοῦ,
3787 4813 3972 4881 πολλῷ

2380 4906 2549 4960 ἐνέδει
2569 4905 2664 4960 τοῦ
2692 4905 2970 4972 δέξασθαι,
3001 4905 3227 4966 εἰκότως
3265 4904 3294 4955 6
3321 4902 3446 4967 Υἱὸς
3467 4904 3562 4956 καὶ
3593 4905 3746 4958 κατά
3768 4905 3972 4975 πολλὴν

2378 4999 2546 5069 ἀλλην
2599 4998 2814 5068 σοφίαν,
2867 4997 3108 5069 ἀρῤητόν
3155 5013 3215 5048 τε
3257 4997 3352 5049 καὶ
3395 4995 3772 5067 ἀνθρωπίνοις
3823 4997 3970 5065 λογι-

2379 5094 2535 5160 σμοῖς
2564 5088 2971 5160 ἀκατάληπτον,
3000 5089 3221 5158 εὐδοκία
3264 5087 3364 5158 μὶν
3391 5086 3486 5140 τοῦ
3535 5088 3778 5160 Πατρδς,
3816 5091 3970 5158 ἐνερ-

684 5190 811 5260 γεία
864 5189 922 5243 δὲ
985 5189 1082 5243 τοῦ
1163 5188 1436 5258 παναγίου
1487 5189 1831 5262 Πνεύματος,
1883 5189 1985 5262 τὴν
2038 5189 2316 5262 ἡμετέραν
2368 5185 2654 5242 ἀναλαϐὼν
2701 5187 2901 5254 σάρκα,
2940 5183 3041 5257 τὴν
3086 5184 3272 5256 κοινὴν
3315 5182 3412 5237 τοῦ
3449 5183 3650 5253 γένους
3685 5188 3967 5257 σωτηρίαν

756 5409 1089 5480 ΟυᾸΞΞΤΙΟ
1116 5413 1442 5470 CCXXVIII.
1473 5414 1662 5489 [CoisL
1700 5416 1867 5473 Taur.
1903 5415 2169 5491 ωιΧνη

1133 5527 1209 5584 De
1237 5541 1432 5584 natura
1462 5539 1511 5585 et
1551 5546 1798 5600 persona.

685 5619 707 5644 '
745 5641 1033 5711 Apparens
1060 5643 1112 5696 in
1141 5642 1384 5706 Christo,
1417 5643 1546 5713 quid
1573 5643 1734 5700 erat?
1763 5651 1959 5699 natura
1991 5651 2086 5700 aut
2123 5659 2252 5714 per-

2381 5281 2737 5355 ὲπραγματεύ
2746 5298 2893 5336 σατο.

2901 5413 3242 5472 ΕΡΩΤΗΣΙΣ
3270 5418 3358 5472 ΣΚ
3367 5418 3450 5471 ﬂ'.

2662 5527 2802 5596 Hegi
2839 5528 3078 5598 φύσεως
3116 5528 3216 5583 καί
3251 5527 3675 5597 ὑποστάσεως.

2434 5642 2509 5696 Τὸ
2541 5642 2865 5714 φαινόμενον
2901 5641 2995 5697 τοῦ
3025 5641 3287 5713 Χριστοῦ,
3316 5642 3369 5696 τί
3397 5636 3503 5714 ἧνς
3539 5641 3710 5713 φύσις
3749 5644 3784 5716 ἢ
3811 5643 3967 5714 ,ὑπόο

747 5842 896 5896 ‘lsa.
933 5857 1044 5907 ut,
1112 5841 1161 5893 1.
1243 5842 1260 5871 ⁷
1304 5839 1448 5896 Psal.
1502 5856 1552 5906 ι,
1589 5843 1673 5896 Η.
1752 5841 1938 5897 “Gen.
1999 5859 2036 5909 ι,
2091 5844 2145 5898 2.
2225 5845 2247 5877 ⁸

2395 5883 2406 5895 .
2444 5856 2603 5907 xxut,
2661 5839 2714 5894 8.
