4156 6438
193 400 333 468 1285

1144 406 1248 467 AD
1281 403 1774 478 QUIESTIONES
1812 404 2512 471 AMPHILOCHIANAS.

3324 412 3462 477 1286

188 536 417 587 στασις;
465 517 583 574 ἀλλ’
612 516 661 572 ει
699 516 800 590 μιν
839 517 1160 585 ὑπόστασις,
1186 518 1305 574 εστι
1352 520 1412 575 δὲ
1458 518 1552 574 καὶ
1596 522 1658 575 τὸ
1693 522 1769 593 μὴ

1872 520 2045 575 sona?
2086 518 2143 575 Si
2186 522 2408 591 quidem
2433 536 2698 593 persona,
2723 523 2927 595 quippe
2955 540 3081 597 qua:
3101 535 3186 582 est
3222 542 3329 583 non
3365 543 3462 597 ap-

185 612 530 681 φαινόμενον,
562 612 682 682 ήτοι
729 613 763 682 ἡ
807 611 904 665 τοῦ
946 612 1121 680 Λόγου
1153 614 1471 677 ὑπόστασις,
1502 614 1596 667 δύο
1635 614 1764 685 ἄρα,

182 705 321 774 ὅπερ
347 704 570 760 άτοπον.
596 706 659 759 Ei
685 705 742 759 δὲ
770 705 931 775 φὺσις
948 747 968 771 ,
1003 706 1175 761 πλείω
1202 708 1269 762 τά
1294 707 1465 762 άτοπα
1486 723 1501 737 ⁸
1536 708 1767 761 καθόλου

182 812 241 849 τε
269 795 377 866 γάρ
401 798 496 851 καὶ
522 797 824 868 ὀφθαλμοῖς
851 799 953 853 οὑκ
983 798 1131 853 εστιν
1159 801 1331 870 ὁρατὴ
1355 801 1636 869 (ἐννοεῖται
1659 800 1767 871 γὰρ

182 886 278 941 καὶ
304 889 453 942 κατά
480 888 785 961 πλειόνων)·
819 890 937 954 πῶς
968 890 1080 962 δὲή
1107 895 1474 962 κυοφορετται,
1501 891 1536 962 ἢ
1572 894 1766 960 γεννᾶ-

181 995 269 1032 ται
296 978 494 1047 φύσιςς
540 980 635 1034 καὶ
685 981 859 1051 μυρία
902 981 1059 1037 ἄλλα.
1091 982 1230 1037 Οὑτε
1261 983 1443 1051 φύσις,
1475 983 1600 1037 οὔτε
1628 986 1767 1039 ὑπό-

182 1086 392 1133 στασις,
414 1071 551 1124 ἀλλὰ
583 1073 749 1142 μέρος
781 1074 883 1145 τῆς
912 1074 1008 1129 τοῦ
1041 1076 1213 1146 Λόγου
1246 1076 1498 1130 συνθέτου
1526 1078 1767 1132 ὑποστά-

181 1177 341 1226 σεως,
366 1162 505 1232 ὅπερ
542 1164 691 1217 ἐστὶν
721 1167 1106 1221 ὲνυπόστατον.
1154 1169 1216 1222 Ei
1251 1169 1308 1221 δὲ
1345 1170 1439 1222 καὶ
1471 1168 1767 1224 ὑπόστασίν

178 1269 265 1315 τις
290 1253 424 1306 αὑτὸ
451 1254 552 1306 οὑκ
578 1255 746 1325 ἄλλην
770 1258 921 1327 παρὰ
946 1259 1046 1330 τὴν
1070 1260 1165 1313 τοῦ
1194 1259 1390 1328 Λόγου,
1424 1260 1683 1330 προσθεὶς
1710 1264 1768 1316 ὲν

178 1345 243 1414 τῇ
274 1343 587 1415 ἀποκρίσει,
621 1349 879 1421 ἀποφήνῃ
898 1390 913 1415 ,
946 1349 1087 1420 τάχα
1115 1350 1179 1405 ἂν
1204 1351 1267 1403 οὑ
1300 1352 1484 1414 xaxc'o;
1516 1354 1603 1423 εἴη
1634 1356 1768 1426 πρός

177 1451 242 1500 γε
292 1437 690 1508 Νεστοριανοὺς
752 1442 1197 1513 ἀποκρινόμενος.
1242 1445 1570 1515 ⁹Λχώριστός
1617 1451 1768 1501 ἐστιν

178 1527 440 1599 εαυτῆςή
475 1531 666 1597 Τριὰς,
703 1531 736 1602 ἢ
785 1536 878 1585 καὶ
926 1535 1178 1606 ἰδιώμασι
1224 1538 1321 1590 καὶ
1364 1537 1541 1602 λόγοις
1585 1540 1767 1609 μόνοις

176 1619 491 1689 χωρίζεται,
527 1624 622 1675 καὶ
651 1624 750 1677 οὑκ
774 1624 888 1678 ἐστι
912 1625 1021 1679 τῶν
1046 1627 1214 1681 όντων
1242 1628 1416 1694 οὐδὲν,
1442 1630 1500 1681 ὲν
1527 1624 1573 1698 ᾧ
1598 1632 1632 1697 ή
1669 1632 1767 1700 μὲν

176 1711 443 1780 Πατρικὴ
471 1713 735 1785 πάρεστιν
765 1716 1083 1781 ὑπόστασις,
1108 1718 1305 1772 ἄπεστι
1336 1720 1393 1772 δὲ
1421 1722 1454 1790 ή
1480 1720 1573 1774 τοῦ
1604 1721 1762 1786 Υιοῦ,

175 1800 208 1871 ἢ
243 1803 277 1871 ή
308 1801 404 1857 τοῦ
433 1806 797 1876 Πνεύματυς,
831 1808 947 1861 ἀλλ’
975 1810 1075 1863 ὅσα
1105 1810 1406 1881 πληροῦται
1436 1810 1535 1882 τῆς
1557 1816 1765 1881 Πατρι-

173 1890 292 1959 κῆς
322 1892 675 1959 ὑποστάσεως
696 1936 711 1959 ,
743 1900 837 1952 καὶ
866 1899 1131 1970 ἑκατέρας
1157 1875 1268 1955 των
1303 1875 1762 1973 άλλωνυπληροῦ-
1801 1875 1838 1928 Β

172 1999 287 2048 ται,
316 1986 408 2038 καὶ
433 1986 493 2037 τὸ
524 1987 793 2041 ἀνάπαλιν
820 2007 835 2056 ;
879 1991 1021 2057 Πῶς,
1050 1991 1301 2061 λέγοντες
1343 1995 1441 2063 τὴν
1490 1993 1585 2047 τοῦ
1626 1996 1764 2049 Υιοῦ

175 2074 559 2145 σεσαρκῶσθαι
597 2080 692 2130 καὶ
718 2082 1079 2152 γεγεννῆσθαι
1103 2083 1421 2149 ὑπόστασιν,
1452 2086 1484 2159 ἢ
1508 2085 1569 2138 οὑ
1594 2087 1764 2157 χωρὶς

175 2166 278 2235 μὲν
325 2167 427 2236 τῆς
465 2169 559 2224 τοῦ
591 2174 821 2239 Πατρός
862 2179 956 2229 καὶ
1007 2174 1105 2228 τοῦ
1151 2177 1496 2247 Πνεύματος
1525 2179 1763 2233 ὑποστά-

172 2275 346 2325 σεως,
384 2261 416 2330 ἢ
464 2264 723 2327 κὲκείνας
749 2267 1078 2338 γεννηθῆναι
1110 2271 1204 2322 καὶ
1237 2271 1587 2341 σαρκωθῆναι
1634 2288 1764 2341 συγ-

168 2350 527 2418 χωρήσομενς
571 2352 696 2405 Ἐπὶ
717 2354 825 2408 τῶν
847 2357 1060 2425 γενέσει
1086 2358 1178 2412 καὶ
1199 2359 1375 2430 φθορᾷ
1398 2360 1621 2416 δυνατόν
1645 2364 1762 2416 ἑστι

167 2439 341 2506 δεῖξαι
384 2441 562 2509 τοῦτο,
601 2445 687 2499 ἵνα
717 2449 811 2501 καὶ
845 2446 1126 2521 ἀχώριστά
1169 2453 1285 2505 ἐστι
1328 2456 1394 2523 τῇ
1441 2454 1757 2521 ὑποστάσει,

168 2534 268 2586 καὶ
295 2535 414 2598 ἑνὸς
444 2536 651 2592 τούτων
676 2542 960 2608 ποιοῦντος
987 2585 1002 2609 ,
1033 2546 1066 2616 ἢ
1098 2547 1421 2617 πάσχοντος,
1465 2551 1629 2619 μηδὲν
1654 2552 1764 2605 τῶν

168 2624 372 2679 λοιπιῖιν
396 2627 456 2681 τὸ
482 2630 617 2683 αὑτὸ
648 2636 795 2687 ποιεῖ
821 2635 853 2705 ἢ
886 2638 1105 2707 πάσχει,
1138 2638 1320 2707 πολλῷ
1352 2640 1461 2711 ἄρα
1511 2643 1640 2713 ῥᾷον
1669 2643 1762 2696 ἐπὶ

166 2716 283 2769 τῶν
316 2719 543 2776 ἀπαθῶν
586 2726 682 2778 καὶ
718 2727 1017 2796 ἀκηράτων
1050 2730 1402 2786 ὑποστάσεων
1440 2733 1601 2787 τοῦτο
1633 2752 1762 2802 συγο

168 2811 390 2878 χωρεῖν.
425 2812 784 2887 Παράὸειγμα
812 2818 891 2883 δὲ,
924 2819 1016 2872 τοῦ
1044 2821 1234 2891 ίπυρὸς
1262 2822 1297 2893 ή
1332 2826 1633 2897 φωτιστική
1669 2829 1764 2879 καὶ

170 2902 440 2971 καυστικὴ
474 2905 698 2972 ποιότης
718 2922 733 2936 ο
768 2912 914 2961 ποιεῖ
940 2910 1047 2980 γάρ
1072 2911 1279 2964 τούτων
1309 2912 1544 2985 ἑκατέρα
1566 2953 1581 2978 ,
1614 2913 1761 2983 ἀχώ-

170 3007 357 3060 ριστος
397 2993 531 3048 οὖσα
575 2998 675 3067 τῆς
715 2998 930 3068 λοιπῆς,
961 3005 1054 3055 δια)⁸
1103 3004 1267 3072 μηδὲν
1316 3004 1553 3075 θατέρας
1594 3008 1652 3058 ιν
1682 3005 1762 3075 τῷ

170 3083 347 3133 ποιεῖν
371 3082 473 3154 τῆς
502 3084 698 3155 ἑτέρας
728 3088 1235 3161 mmmam»;
1262 3093 1319 3146 δὲ
1349 3095 1398 3146 εί
1417 3093 1476 3146 τὸ
1494 3093 1760 3162 γεννηθῆ-

168 3190 263 3226 ναι
298 3175 390 3228 τὸν
420 3177 547 3230 Υἰδν
574 3181 639 3233 ὲκ
664 3181 756 3234 τοῦ
792 3183 1005 3255 Πατρὺς
1034 3186 1096 3239 οὐ
1126 3186 1226 3256 τὴν
1254 3185 1559 3256 ἀχώριστον
1589 3184 1763 3254 ὑπαρο

168 3263 257 3330 ειν
284 3267 385 3336 τῆς
418 3269 598 3322 αὑτῶν
627 3272 997 3338 ὑποστάσεως,
1035 3276 1264 3346 ήτόπῳ,
1297 3276 1329 3345 ἢ
1365 3276 1561 3346 χρόνῳ,
1598 3274 1631 3346 ἢ
1678 3277 1760 3328 ἐν.

168 3358 363 3431 εργείᾳ
411 3358 658 3434 χρρίζει,
690 3367 850 3434 μόνον
898 3368 954 3420 δὲ
1003 3368 1066 3421 τὸ
1119 3369 1320 3439 ἰδίωμα
1362 3369 1459 3438 τῆς
1510 3367 1605 3421 τοῦ
1639 3367 1765 3422 Υἱοῦ

168 3453 504 3523 παρίστησιν
534 3457 905 3525 ὑποστάσεως,
934 3461 1057 3514 οὑδὲ
1085 3461 1147 3516 τὸ
1179 3462 1528 3533 σαρκωθῆναι
1575 3461 1669 3515 καὶ
1701 3462 1766 3513 ὲκ

170 3541 453 3613 Παρθένου
494 3549 755 3619 τεχθῆναι
803 3552 1029 3621 χωρίσει
1083 3553 1298 3622 Πατρός
1345 3552 1378 3624 ἢ
1427 3551 1763 3621 Πνεὺματοςν

1875 627 2096 681 parens,
2128 615 2342 670 scilicet
2367 613 2528 670 Verbi
2549 631 2810 686 persona,
2834 618 2944 673 duo
2984 634 3139 689 ergo,
3176 620 3324 691 quod
3361 625 3458 675 ab-

1872 702 2193 773 surdum.|Si
2218 718 2347 759 vero
2369 716 2497 760 natu
2507 721 2586 771 ra,
2606 708 2739 763 absu
2749 708 2902 763 rdum
2923 712 3211 776 accrescit,
3232 717 3456 783 necjam

1873 801 2044 847 totum
2071 793 2175 849 hoc
2194 794 2465 865 inspicere
2496 806 2730 864 possunt
2758 799 2901 852 oculi
2933 800 3285 871 (intelligitur
3304 804 3452 858 enim

1871 885 2017 937 circa
2055 886 2258 954 plura);
2298 887 2519 956 ecquid,
2560 904 2690 942 num
2729 888 2783 944 in
2834 900 2990 945 utero
3019 901 3292 960 gestatur,
3323 910 3455 948 num

1871 976 2114 1044 gignitur
2148 978 2388 1031 natura?
2431 986 2486 1032 et
2521 990 2781 1034 sexcenta
2830 981 2957 1034 alia.
3003 983 3196 1053 Neque
3235 993 3453 1050 natura,

1872 1083 2305 1138 nequepersona,
2351 1070 2446 1124 sed
2478 1086 2727 1139 persona:
2776 1073 3102 1130 coadunatae
3137 1075 3298 1130 Verbi
3327 1091 3457 1144 pars

1871 1174 1992 1228 qua
2014 1168 2098 1215 est
2128 1159 2535 1229 personiﬁcata.
2566 1160 2699 1228 Qum
2731 1177 2863 1218 vero
2902 1164 2949 1218 si
2987 1166 3113 1233 quis
3153 1181 3258 1219 non
3308 1166 3457 1220 aliud

1871 1269 1993 1308 esse
2027 1267 2192 1322 quam
2233 1251 2390 1307 Verbi
2428 1269 2738 1323 personam,
2786 1270 3051 1325 responso
3077 1259 3329 1327 ampliori
3367 1276 3458 1313 rc-

1873 1346 2033 1409 velet,
2067 1359 2166 1399 nec
2224 1345 2365 1398 male
2393 1346 2559 1399 etiam
2591 1347 2656 1399 aii
2681 1343 3043 1402 Nestorianos
3079 1350 3455 1419 responderit.

1870 1437 2023 1490 Anne
2044 1436 2390 1491 indivisibilis
2412 1445 2495 1491 est
2518 1437 2571 1490 in
2601 1452 2659 1491 se
2683 1436 2942 1501 Trinitas,
2966 1447 3062 1493 aut
3108 1441 3460 1510 proprietati-

1871 1528 1995 1590 bus,
2026 1535 2121 1581 aut
2155 1528 2434 1583 ationibus
2460 1535 2672 1582 tantum
2701 1529 2996 1596 dividitur;
3029 1547 3131 1586 nec
3156 1543 3240 1587 est
3290 1535 3457 1603 quid-

1870 1618 2000 1685 quid
2036 1620 2310 1673 exsisteos
2335 1622 2390 1672 in
2416 1635 2525 1688 quo
2552 1628 2660 1675 stet
2693 1620 2878 1675 Patris
2904 1638 3161 1692 persona,
3193 1624 3338 1681 absit
3359 1642 3453 1680 an-

1870 1719 1977 1765 tem
2019 1707 2188 1775 Filii,
2224 1710 2305 1765 vel
2340 1707 2576 1778 Spiritus
2626 1727 2894 1781 persona;
2942 1715 3037 1769 sed
3062 1754 3077 1776 ,
3118 1731 3240 1785 quae
3282 1719 3458 1787 replet

1873 1801 2078 1868 Patris,
2125 1817 2188 1856 ea
2225 1804 2397 1872 replet
2423 1804 2586 1858 etiam
2632 1805 2961 1860 alterutrius
2988 1808 3223 1861 aliorum
3259 1824 3450 1878 perso-

1874 1910 1940 1947 na
1958 1903 2012 1948 et
2036 1894 2388 1964 reciprociter
2408 1895 2585 1950 tNum
2603 1896 2841 1952 dicimus
2866 1916 2877 1953 ε
2906 1898 3147 1953 Persona
3172 1898 3305 1954 Filii
3325 1916 3457 1956 caro

1872 1986 2017 2039 ficta
2044 1994 2099 2041 et
2136 1987 2340 2056 genita,
2376 1996 2473 2041 aut
2500 1990 2621 2044 sine
2645 1986 2831 2042 Patris
2851 1999 2905 2046 et
2936 1990 3176 2058 Spiritus
3209 2007 3447 2062 persona

1882 2084 1975 2130 aut
2007 2077 2133 2132 illas
2158 2092 2384 2148 quoque
2407 2094 2633 2133 carnem
2669 2081 2840 2136 factas
2865 2092 2918 2136 et
2948 2084 3163 2151 genitas
3192 2087 3453 2140 concedi-

1874 2169 2029 2224 mus?
2073 2168 2130 2223 ln
2166 2172 2439 2227 creaturis
2486 2180 2542 2225 et
2581 2172 2861 2242 corruptis
2909 2174 3207 2231 ostendere
3252 2192 3455 2246 possu-

1874 2277 1996 2316 mus
2016 2261 2148 2330 quia
2174 2269 2305 2316 sunt
2326 2276 2562 2331 persona
2586 2262 2964 2328 indivisibilis,
3013 2274 3088 2326 et,
3124 2280 3190 2319 ex
3234 2267 3314 2322 eis
3340 2282 3452 2321 uno

1874 2363 2090 2423 agente,
2142 2352 2229 2407 vel
2281 2353 2542 2424 patiente,
2569 2366 2903 2410 cmterorum
2965 2356 3103 2411 nihil
3136 2357 3279 2411 idem
3335 2360 3453 2420 agit

1870 2443 1953 2496 vel
2009 2443 2246 2513 patitur;
2300 2443 2453 2513 atqui
2511 2444 2683 2497 multo
2716 2442 2929 2500 facilius
2967 2453 3054 2500 est
3099 2447 3455 2517 impassibili-

1875 2536 1975 2588 lms
1992 2544 2045 2589 et
2069 2536 2400 2604 incorruptis
2426 2535 2681 2604 personis
2721 2536 2855 2589 illud
2878 2536 3204 2592 concedere.
3256 2536 3453 2592 Exem-

1874 2630 2019 2697 plum
2060 2628 2132 2682 sit
2154 2628 2207 2681 in
2241 2627 2365 2697 igne
2389 2628 2580 2682 lucens
2607 2635 2661 2682 et
2688 2643 2852 2683 urens
2877 2629 3120 2697 qualitas
3148 2647 3162 2685 :
3219 2638 3454 2698 utraque

1870 2719 2015 2771 enim
2047 2732 2238 2772 earum
2277 2717 2391 2786 agit
2419 2717 2655 2771 indivise
2698 2717 2767 2771 ab
2798 2718 2993 2782 altera,
3030 2732 3131 2771 nec
3178 2717 3452 2773 alterutra

1872 2813 1981 2876 agit
2017 2810 2070 2862 in
2098 2809 2313 2863 actione
2352 2810 2581 2865 alterius
2605 2810 2845 2879 agentis.
2875 2810 2999 2863 Alio
3042 2809 3204 2864 modo
3229 2810 3276 2864 si
3302 2812 3451 2880 quod

1870 2900 2043 2957 Filius
2076 2917 2105 2955 a
2146 2900 2308 2956 Patre
2344 2902 2612 2970 gignitur,
2658 2916 2765 2954 non
2831 2902 2953 2955 ideo
2983 2901 3219 2957 indivisa
3254 2917 3449 2957 eorum

1871 3008 2120 3064 persona:
2147 2993 2471 3048 exsistantia
2491 2992 2762 3047 dividitur
2782 2994 2867 3047 vel
2897 2994 3043 3058 loco,
3070 2994 3152 3047 vel
3181 3004 3448 3065 tempore,

1872 3089 1952 3138 vel
1990 3085 2213 3149 virtute,
2240 3085 2335 3139 sed
2368 3084 2485 3138 sola
2515 3099 2767 3153 personae
2802 3083 2927 3139 Filii
2956 3085 3303 3156 signiﬁcatur
3322 3101 3451 3157 pro-

1872 3184 2111 3249 prietas;
2145 3181 2249 3234 ssic
2303 3178 2450 3248 quod
2507 3194 2641 3234 caro
2695 3178 2877 3234 factus
2914 3189 2999 3235 est
3034 3192 3089 3236 et
3147 3197 3177 3237 c
3214 3180 3445 3253 Virgine

1873 3283 2058 3334 natus,
2088 3287 2195 3325 non
2218 3272 2339 3325 ideo
2365 3287 2393 3324 a
2426 3270 2615 3336 Patre,
2659 3273 2747 3327 vel
2770 3270 2982 3342 Spiritu
3030 3273 3325 3340 dividitur,
3350 3275 3449 3331 sed

1882 3364 1997 3417 Sula
2030 3360 2155 3416 Filii
2185 3363 2502 3416 coadunatze
2528 3378 2776 3434 personae
2810 3363 3160 3435 signiﬁcatur
3190 3368 3444 3436 proprie-

1868 3462 1973 3509 tas.
2010 3452 2237 3509 Ferrum
2263 3455 2409 3507 enim
2435 3469 2559 3509 cum
2593 3455 2817 3510 cuditur
2842 3467 2899 3511 et
2928 3459 2983 3511 in
3008 3457 3189 3527 aliqua
3222 3474 3445 3514 suarum

1869 3547 2197 3617 qualitatum
2230 3544 2544 3607 all'ectatur,
2577 3547 2632 3599 in
2659 3549 2929 3617 gravitate
2961 3564 3069 3606 non
3115 3548 3436 3606 all'ectatur.

170 3634 371 3705 ιδίωμα
402 3636 459 3690 δι
488 3638 648 3708 μόνον
674 3640 775 3710 τῆς
801 3640 896 3694 τοῦ
928 3640 1059 3697 rios
1106 3644 1364 3697 συνθέτου
1406 3642 1758 3702 ὑποστάσεως
1796 3636 2171 3707 παραστήσει·
2221 3637 2249 3689 ὁ
2296 3635 2513 3706 σίδηρος
2541 3634 2650 3707 γὰρ
2676 3638 3015 3709 τυπτόμενος
3076 3641 3168 3692 καὶ
3222 3641 3446 3713 πάσχα.»

167 3732 315 3785 κατά
340 3748 467 3787 τινα
502 3734 612 3787 τῶν
657 3735 716 3788 ιν
764 3736 913 3807 αὑτῷ
937 3738 1262 3810 ποιοτήτων,
1286 3738 1349 3792 οὑ
1379 3737 1577 3808 πάσχει
1604 3735 1747 3790 κατὰ
1787 3734 2090 3805 βαρύτητα.

1524 3876 1851 3948 ΟΟᾹΞΞΤΙΟ
1890 3873 2179 3934 CCXXIX.

944 3997 1119 4070 Hujus
1153 4001 1462 4069 qumstionis
1500 4015 1625 4068 pars
1648 4000 1795 4068 prior
1819 3997 1936 4066 jam
1963 4002 2137 4049 exstat
2170 4007 2333 4061 supra
2372 3991 2474 4047 col.
2509 3991 2668 4048 1025.

242 4105 310 4177 β’.
345 4109 505 4170 Τινὲς
540 4108 599 4161 δὲ
649 4109 761 4163 τῶν
790 4111 1035 4184 ἀρχαίων
1058 4115 1181 4168 οὑδὲ
1223 4114 1478 4168 σύνθετον
1508 4113 1749 4167 ὑπόστα-

165 4217 278 4264 σιν,
310 4199 499 4271 ὥσπερ
526 4200 646 4254 οὑδὲ
670 4201 927 4256 σύνθετον
945 4205 1127 4274 φύσιν,
1152 4207 1460 4276 εἰρήκασιν,
1494 4205 1633 4259 ἀλλὰ
1660 4222 1752 4258 σε-

165 4291 533 4362 σαρκωμένην
562 4293 661 4363 μὲν
687 4293 782 4347 τοῦ
816 4294 991 4363 Λόγου
1024 4296 1321 4351 ὑπόστασιν
1359 4298 1455 4350 καὶ
1483 4298 1747 4367 ἄσαρκον,

165 4380 430 4434 σύνθετον
483 4382 541 4435 δὶ
592 4382 800 4437 οὐκέτι.
833 4387 896 4439 οι
950 4386 1008 4439 δὲ
1059 4387 1313 4456 νεώτεροι
1358 4388 1448 4440 καὶ
1475 4388 1748 4454 σύνθετον,

159 4467 347 4538 οἶμαι,
380 4472 501 4525 ἀντὶ
526 4472 620 4526 τοῦ
650 4476 1069 4545 σεσαρκωμὲνου
1104 4477 1200 4531 καὶ
1226 4476 1386 4547 μόνου
1423 4477 1581 4531 τοῦτο
1608 4477 1750 4547 λαμ-

1919 4109 1976 4163 ‘2.
2025 4106 2165 4162 Sunt
2209 4118 2453 4163 veterum
2497 4105 2719 4177 quidam
2750 4106 2843 4176 qui
2873 4121 3047 4177 neque
3075 4111 3437 4179 compositam

1852 4200 2214 4271 liypostasim,
2262 4215 2438 4268 neque
2492 4201 2854 4269 compositam
2880 4209 3130 4255 naturam
3168 4219 3314 4271 esse,
3346 4206 3444 4261 sed

1855 4290 2192 4343 incantatam
2224 4287 2388 4343 Verbi
2440 4289 2786 4360 hypostasim
2818 4300 2871 4346 et
2906 4307 3015 4347 non
3051 4294 3395 4351 incarnatam
3428 4338 3444 4360 ,

1854 4395 1961 4434 non
2034 4395 2165 4435 vero
2208 4381 2563 4450 compositam
2596 4397 2721 4437 esse
2760 4384 3039 4440 dixerunt.
3089 4386 3443 4445 Recentiores

1853 4482 2033 4526 autem
2093 4473 2504 4541 compositum,
2566 4482 2625 4527 ut
2674 4474 2934 4538 videtur,
2993 4491 3093 4545 pro
3155 4478 3443 4532 incarnato

160 4563 447 4627 δάνοντες.
490 4565 652 4618 Ἀλλά
687 4541 822 4635 φασί
848 4541 994 4631 τινες
1018 4586 1031 4600 ·
1070 4568 1195 4635 Πῶς
1226 4541 1322 4626 οὖν
1379 4570 1439 4624 τὸ
1491 4541 1745 4625 σύνθετον

1866 4563 2195 4618 solummodo
2288 4563 2645 4639 habuerunt.’
2704 4568 2775 4622 At
2867 4541 3059 4623 dicunt
3141 4572 3439 4625 nonnulli:

158 4653 367 4707 ταύτὸν
389 4654 468 4725 τῷ
496 4654 684 4725 sum;
724 4657 820 4709 καὶ
861 4657 972 4728 γὰρ
1010 4657 1136 4713 οὔτε
1163 4660 1224 4714 τὸ
1244 4660 1481 4725 άπλοῦν,
1522 4662 1659 4732 ὅπερ
1691 4660 1752 4715 τὺ

162 4745 448 4811 σύνθετον,
484 4747 611 4801 οὕτε
637 4750 699 4802 τὸ
730 4749 1005 4817 σύνθετον,
1043 4752 1181 4823 ὅπερ
1206 4753 1265 4807 τὸ
1308 4753 1539 4807 ἁπλοῦν·
1576 4754 1752 4808 ἄτοπα

160 4838 226 4892 δὲ
255 4836 445 4891 ταῦτα.
482 4838 671 4903 Οὕτως
700 4841 794 4894 καὶ
824 4844 884 4894 ὲν
916 4844 983 4913 τῇ
1018 4843 1164 4913 ἁπλῇ
1188 4843 1282 4896 τοῦ
1309 4844 1485 4911 Λόγου
1512 4843 1754 4897 ὑποστά-

163 4946 255 4983 σει
287 4931 347 4983 τὸ
374 4931 714 5004 πρόσκαιρον
747 4935 841 4987 καὶ
863 4936 1141 5006 ἠργμένον
1162 4977 1175 4995 .
1209 4935 1398 5006 ὥσπερ
1438 4940 1495 4991 ὲν
1531 4941 1598 5007 τῇ
1628 4953 1753 4989 συν-

160 5020 341 5091 οέτῳ·
379 5022 475 5073 καὶ
503 5023 638 5077 ἄλλα
672 5025 861 5094 μυρία.
900 5024 1009 5079 Καὶ
1041 5026 1100 5079 ὲν
1124 5029 1193 5097 τῇ
1229 5024 1467 5097 συνθέτῳ
1508 5026 1671 5079 πάλιν
1692 5026 1753 5078 τὸ

163 5112 343 5185 μηδὲν
367 5116 647 5185 ήργμένον
676 5114 929 5186 ὁρᾶσθαι,
963 5117 1059 5169 καὶ
1091 5116 1246 5181 τέλος
1298 5117 1432 5188 μηδὲ
1470 5116 1754 5189 σεσαρκῶ-

161 5207 297 5260 σθαι
315 5224 329 5239 ·
350 5207 526 5261 ταῦτα
558 5208 670 5280 γὰρ
699 5210 732 5279 ή
758 5210 904 5278 άπλῆ
924 5226 938 5239 ·
979 5211 1073 5264 καὶ
1107 5211 1195 5265 διὰ
1224 5212 1397 5266 ταῦτα
1426 5214 1521 5266 καὶ
1546 5212 1615 5265 τὰ
1642 5229 1753 5265 τοι·

160 5296 309 5352 αὔτα
327 5300 377 5352 oi
411 5300 632 5353 παλαιοὶ
657 5301 719 5355 τὸ
747 5301 1003 5355 σύνθετον
1038 5302 1401 5374 παρῃτοῦντο.
1444 5304 1517 5357 Ἦ
1548 5304 1646 5357 καὶ
1677 5304 1752 5374 μὴ

162 5388 423 5443 σύνθετον
474 5388 724 5460 λέγομεν,
756 5391 1063 5458 ἀλλ’άπλῆν
1088 5392 1193 5456 ἀεὶ,
1212 5392 1453 5463 άσαρκον
1469 5393 1524 5447 δὲ
1555 5394 1647 5447 καὶ
1666 5410 1750 5446 σε·

162 5482 531 5553 σαρκωμένην
543 5482 931 5554 λαμϐάνοντες,
954 5484 1126 5539 ταὺτά
1147 5484 1538 5555 ἕψεταιοείγάρ
1559 5485 1752 5555 ὲστινή

161 5572 305 5639 αὑτὴ
330 5572 625 5637 ὑπόστασις
650 5575 743 5627 καὶ
780 5574 876 5643 μία
905 5576 938 5645 ή
972 5576 1208 5646 ἄσαρκος
1232 5578 1300 5651 τῇ
1334 5577 1750 5648 σεσαρκωμένῃ,

160 5664 196 5734 ἢ
223 5662 295 5716 τά
318 5663 415 5732 τῆς
438 5664 826 5736 άσάρκου,ζτῆς
859 5668 1306 5738 σεσαρκωμένης,
1334 5669 1430 5723 καὶ
1452 5670 1520 5723 τὰ
1544 5672 1643 5740 τῆς
1673 5686 1755 5721 σε-

164 5755 535 5825 σαρκωμένης
560 5756 913 5827 τῆςάσάρκου
934 5758 1108 5832 ἔσται,
1136 5760 1191 5832 ﬂ,
1220 5763 1269 5814 εί
1295 5761 1388 5816 καὶ
1423 5761 1450 5831 ἡ
1481 5762 1619 5832 αὑτὴ
1658 5762 1751 5814 καὶ

167 5846 269 5917 μία
288 5847 433 5900 ἐστὶν
454 5848 749 5913 ὑπόστασις
764 5849 798 5919 ἦ
822 5867 879 5903 τε
900 5828 1139 5923 ἄσαρκος
1161 5852 1255 5907 καὶ
1281 5854 1313 5922 ἡ
1335 5853 1746 5926 σεσαρκωμένη,

1854 4652 2097 4719 Quunam
2124 4653 2285 4708 modo
2314 4656 2681 4725 compositum
2726 4673 2893 4712 unum
2941 4668 2997 4713 et
3047 4659 3187 4714 idem
3219 4674 3285 4715 ac
3309 4660 3443 4715 sitn-

1856 4745 1971 4813 plex
1998 4744 2021 4796 ἲ
2052 4742 2300 4814 Namque
2332 4762 2508 4815 neque
2538 4748 2772 4818 simplex
2798 4752 3108 4820 composito
3129 4752 3440 4816 consimile,

1855 4852 2030 4906 neque
2104 4838 2469 4907 compositum
2543 4840 2774 4910 simplici
2829 4860 2842 4895 :
2906 4859 3027 4912 quae
3104 4844 3263 4913 plane
3336 4845 3439 4899 ab-

1853 4929 2039 4984 surda.
2061 4930 2326 4987 Similiter
2356 4932 2410 4985 in
2446 4933 2680 5003 simplici
2703 4933 2866 4989 Verbi
2900 4935 3185 5006 ltypostasi
3220 4939 3441 4995 exsistit

1854 5023 2186 5091 contingens
2218 5032 2272 5078 et
2303 5032 2577 5091 creatum,
2608 5033 2669 5079 ut
2721 5028 2774 5081 in
2817 5029 3162 5097 composito;
3210 5039 3266 5084 et
3319 5047 3441 5085 sex-

1854 5124 2015 5168 centa
2043 5113 2171 5168 alia.
2202 5112 2271 5169 Et
2318 5114 2374 5169 in
2406 5116 2733 5185 composito,
2772 5133 2949 5187 neque
2979 5118 3149 5171 ullum
3191 5130 3435 5174 creatum

1856 5203 2151 5266 inuenitur,
2190 5218 2369 5273 neque
2398 5206 2748 5261 incarnatum
2790 5208 3004 5261 videtur
3038 5225 3052 5263 :
3093 5218 3221 5264 sunt
3254 5218 3435 5264 autem

1855 5294 1969 5349 llaec
1998 5295 2051 5347 in
2092 5294 2368 5361 simplici;
2411 5298 2536 5351 talia
2582 5306 2714 5353 sunt
2761 5298 3082 5369 similiaque
3122 5301 3295 5353 multa
3346 5315 3438 5353 ar-

1853 5395 2109 5455 gumenta
2142 5387 2345 5456 quibus
2378 5398 2591 5443 veteres
2638 5393 3005 5459 compositum
3046 5391 3430 5460 repudiarunt.

1854 5477 2023 5533 Visne
2078 5495 2186 5533 nun
2242 5483 2620 5550 compositam-
2661 5484 2940 5547 dicamus,
2983 5484 3077 5538 sed
3124 5486 3429 5554 simplicem

1855 5586 2086 5641 semper,
2122 5573 2457 5627 incarnatam
2496 5584 2550 5629 et
2587 5590 2694 5630 non
2741 5577 3080 5630 incarnatam
3122 5579 3436 5647 ponentes?

1855 5672 2156 5734 sequentur
2181 5666 2374 5720 eadem
2411 5684 2423 5721 :
2457 5682 2692 5738 namque
2719 5668 2762 5723 si
2799 5684 2904 5723 non
2937 5669 3221 5723 incarnata
3254 5679 3308 5725 et
3351 5673 3437 5724 in-

1854 5764 2076 5812 carnata
2129 5757 2440 5827 hyposlasis
2485 5770 2613 5813 sunt
2658 5777 2825 5815 unum
2878 5768 2932 5816 et
2974 5761 3140 5823 idem,
3182 5770 3275 5816 aut
3321 5780 3429 5817 non

1856 5851 2158 5906 int-amatae
2186 5850 2407 5920 pI'Opria
2437 5853 2653 5907 inerunt
2683 5852 2999 5919 incarnatm,
3046 5862 3100 5908 ct
3132 5853 3427 5907 illt'Jl'ntlltl:
