4156 6438
172 372 308 439 1253

1106 374 1209 436 AD
1246 366 1739 449 ΟυιΕὸΤΙΟΝΕΒ
1768 364 2469 431 AMPHILOCHIANAS.

3286 370 3430 438 1296

164 497 317 563 ἡμῖν,
353 493 446 547 καὶ
497 492 641 547 κατά
684 493 739 546 τί
774 494 1180 565 κοινωνήσομεν
1208 494 1288 565 τῷ
1316 492 1566 566 Χριστῷς
1596 491 1741 561 Πρὸς

1846 489 1973 544 dicti
1991 505 2242 545 essemus
2277 491 2561 555 homines;
2589 488 2737 546 unde
2786 489 2933 546 enim
2972 492 3078 547 hoc
3133 505 3282 550 esset
3324 513 3429 551 no-

160 586 205 638 6‘
233 584 301 639 αὒ
329 587 445 649 τοῖς
473 586 788 657 εἰρημένοις
838 588 935 640 καὶ
962 584 1152 657 ἓτερον
1182 585 1415 658 ὑπάρξει
1458 584 1736 656 ἀτόπημα,

156 676 219 730 τὸ
248 675 356 729 τῶν
385 677 693 747 ἀνθρώπων
744 676 979 733 ικαστον
1006 677 1103 731 καὶ⁵
1152 678 1444 750 ἄνθρωπον
1473 673 1613 731 εἶναι
1642 676 1741 729 καὶ

161 767 239 839 μὴ
273 768 589 840 ἄνθρωπον
648 768 880 831 ικαστος
923 768 1032 841 γάρ
1078 769 1238 841 ήμῶν
1274 770 1417 825 κατά
1440 768 1533 822 τὸν
1562 767 1739 839 ἀληθῆ

156 858 317 929 λόγον
349 859 638 931 ἄνθρωπός
657 860 775 915 ιστί
800 878 863 914 τε
892 863 990 915 καὶ
1015 861 1344 933 ὀνομάζεται
1368 879 1383 893 ·
1410 859 1507 914 τοῦ
1525 860 1581 914 δι
1602 859 1739 913 καθ-

160 951 309 1015 όλου,
340 951 463 1006 καθ’
493 951 523 1005 δ
554 953 758 1015 πάντες
788 953 1070 1024 ἄνθρωποι
1109 950 1253 1010 εἶναι
1281 955 1549 1023 ἐλέγοντο,
1586 952 1741 1024 παρά

156 1042 252 1096 τοῦ
273 1042 409 1095 Θεοῦ
447 1044 624 1112 Λόγου
650 1045 1079 1115 ἀναληφθέντος,
1106 1046 1226 1112 πῶς
1264 1046 1498 1117 ἐσόμεθα
1526 1045 1746 1115 ἀνθρω-

157 1149 283 1198 ποις
312 1132 412 1187 Διά
434 1128 528 1187 οὖν
550 1132 727 1188 ταῦτα
760 1135 941 1190 πάντα
979 1137 1076 1190 καὶ
1116 1137 1281 1207 ἕτερα
1307 1134 1530 1189 πλείονα
1554 1134 1615 1188 οὐ
1649 1132 1740 1187 λέ-

156 1240 328 1293 γομεν
353 1224 700 1295 ἀνειληφέναι
756 1226 848 1281 τὸν
872 1228 1107 1299 Χριστὸν
1148 1228 1241 1282 τδν
1269 1228 1496 1283 καθόλου
1531 1226 1739 1299 ἀνθρω⁶

157 1334 280 1371 πον.
324 1317 465 1370 Ἀλλ’
493 1317 615 1371 οὐδε
646 1317 739 1371 τὸν
766 1319 860 1372 ἐπὶ
886 1321 1090 1391 μέρους
1112 1320 1398 1390 ἄνθρωπον
1415 1318 1741 1393 δίκαιονζἍν

154 1409 244 1478 είη
296 1408 484 1477 λέγειν
534 1409 629 1462 τὸν
665 1410 902 1483 Χριστὸν
937 1410 1322 1483 ἀνειληφέναι·
1367 1412 1417 1464 εί
1448 1410 1559 1479 γὰρ
1580 1411 1741 1463 τοῦτο

153 1498 362 1569 δοθείη,
384 1500 447 1552 οὐ
472 1499 573 1569 μία
600 1499 753 1554 ἔσται
777 1502 807 1554 6
845 1501 1081 1575 Χριστὸς
1110 1502 1428 1565 ὑπόστασις,
1454 1500 1590 1554 ἀλλά
1610 1498 1705 1553 δύο
1723 1515 1737 1529 ·

153 1590 279 1643 τότε
307 1591 417 1661 γὰρ
446 1589 738 1647 ἀναλαϐεῖν
764 1592 982 1661 ἐλέγετο
1014 1595 1044 1647 6
1073 1594 1329 1663 Χριστὸς
1373 1593 1465 1646 τὸν
1496 1594 1555 1647 εν
1581 1592 1739 1664 μέρει

154 1681 466 1751 ἄνθρωπον,
495 1682 551 1735 εί
571 1700 636 1753 γε
665 1683 767 1753 τὴν
798 1685 962 1755 φύσιν
992 1686 1131 1753 μετὰ
1158 1686 1266 1740 τῶν
1312 1685 1619 1756 ἰδιωμάτων
1642 1685 1739 1738 ἀν·

155 1771 383 1826 ἐλαϐεν·
414 1773 555 1845 αὐτὴ
578 1774 635 1828 δὲ
659 1774 814 1829 οὐδὲν
833 1775 1021 1848 ἔτερόν
1051 1776 1222 1844 ἔστιν,
1254 1776 1289 1849 ἢ
1321 1776 1639 1839 ὑπόστασις.
1675 1774 1740 1827 Τί

1840 581 1949 644 bis.
1972 588 2027 636 et
2058 582 2113 636 in
2148 596 2259 650 quo
2297 596 2622 637 communes
2643 581 2869 638 Christo
2905 583 3109 640 redditi
3131 589 3423 643 «scmus?

1841 671 2095 727 Rursum
2134 674 2190 727 in
2223 673 2389 728 dictis
2416 674 2607 729 subest
2623 682 2679 731 et
2699 676 2805 730 alia
2832 677 3173 744 absurdius,
3205 682 3422 737 scilicet

1842 777 2292 832 unumquemque
2311 762 2597 818 hominum
2626 773 2683 820 et
2712 767 2989 822 hominem
3054 784 3180 824 esse
3211 780 3266 825 et
3309 786 3423 825 non

1840 851 2162 917 hominem;
2193 853 2577 924 unusquisque
2599 856 2747 909 enim
2772 858 2949 911 nostri
2976 859 3283 915 secundum
3327 874 3431 914 ven

1839 957 1961 997 rum
1994 958 2304 998 sermonem
2326 952 2383 999 et
2429 944 2594 1000 homo
2620 955 2703 1000 est
2730 955 2786 1000 et
2801 946 3039 1015 dicitur;
3073 949 3168 1004 sed
3199 951 3422 1006 homine

1842 1033 1896 1088 in
1933 1035 2252 1090 universum
2282 1036 2585 1091 secundum
2606 1052 2769 1108 quem
2799 1052 2994 1095 omnes
3017 1039 3271 1096 homines
3295 1056 3423 1096 esse

1840 1126 2171 1183 dicebantur
2231 1129 2379 1199 apud
2432 1127 2599 1185 Deum
2652 1128 2901 1186 Verbum
2950 1140 3219 1203 accepto.
3271 1149 3416 1204 quo-

1842 1222 2005 1276 modo
2050 1222 2257 1276 erimus
2297 1221 2580 1276 homines?
2624 1220 2856 1292 Propter
2884 1221 2999 1277 hac
3039 1225 3206 1295 igitur
3230 1226 3419 1279 omnia

1840 1322 1896 1368 et
1925 1314 2028 1367 alia
2057 1313 2292 1382 plurima
2358 1328 2466 1368 non
2518 1312 2758 1370 dicimus
2810 1317 3092 1386 accepisse
3133 1316 3419 1374 Christum

1850 1405 2131 1460 hominem
2169 1407 2222 1459 in
2257 1406 2601 1462 universum.
2624 1404 2730 1461 Sed
2757 1423 2934 1478 neque
2966 1408 3287 1479 singulatim
3318 1411 3421 1465 ho-

1841 1497 2046 1551 minem
2084 1497 2297 1567 justum
2325 1506 2411 1554 est
2438 1498 2623 1555 dicere
2644 1497 2925 1555 Christum
2965 1504 3279 1572 accepisse;
3316 1506 3422 1560 hoc

1842 1590 1990 1644 enim
2028 1589 2075 1644 si
2111 1590 2529 1656 concederetur,
2555 1608 2662 1647 non
2694 1609 2801 1648 una
2824 1602 2967 1649 esset
2996 1594 3255 1651 Christus
3287 1612 3416 1666 per—

1839 1693 1998 1746 sona,
2026 1681 2121 1735 sed
2166 1681 2311 1747 duo;
2342 1689 2473 1736 tunc
2500 1683 2643 1737 enim
2679 1683 2954 1738 diceretur
2988 1684 3232 1740 Christus
3271 1688 3418 1741 acci-

1843 1785 1974 1841 pere
1999 1774 2278 1828 hominem
2306 1774 2611 1846 sigillatim,
2657 1778 2702 1829 si
2727 1786 2984 1831 naturam
3004 1795 3130 1833 cum
3160 1780 3412 1851 proprie-

154 1858 254 1917 οὖν
300 1836 593 1917 ἀνελάϐετο
622 1865 651 1917 6
677 1836 942 1935 Χριστὸς,
985 1867 1104 1939 ἐρεῖ
1133 1836 1239 1930 τις,
1275 1836 1453 1936 ἐίπερ
1490 1836 1613 1920 οὔτε
1646 1865 1737 1920 τὸν

1846 1836 2050 1918 tatibus
2086 1836 2391 1935 accipeth
2426 1880 2550 1936 quae
2588 1836 2724 1921 nihil
2763 1867 2913 1922 aliud
2968 1878 3053 1923 est
3083 1836 3422 1942 quam'per-

155 1961 389 2015 καθόλου
420 1962 728 2035 ἄνθρωπον,
758 1962 885 2017 οὔτε
912 1964 1004 2018 τὸν
1029 1967 1088 2019 ὲν
1126 1964 1283 2036 μέρει
1313 1962 1610 2034 ἀνείληφες
1640 1962 1741 2017 Δέ-

152 2070 349 2125 γομεν,
381 2056 465 2108 ὅτι
492 2055 786 2111 ἀνελάϐετο
807 2055 909 2128 μὲν
941 2057 1042 2128 τὴν
1069 2055 1416 2125 ἀνθρωπείαν
1441 2055 1625 2124 φύσιν,
1679 2053 1740 2119 ἐξ

154 2149 355 2202 ἑαυτοῦ
376 2149 435 2203 δὶ
462 2147 493 2199 6
520 2150 692 2219 Λόγος
723 2150 967 2220 παρέσχε
1002 2149 1073 2203 τὰ
1104 2147 1391 2219 ἰδιώματα,
1424 2146 1522 2200 καὶ
1557 2145 1735 2210 οὕτως

152 2239 387 2311 οὐδεμία
405 2239 603 2292 ἀτοπία
626 2239 1122 2311 παρακολουθήσει.

233 2419 301 2492 β’.
331 2421 407 2475 Τὸ
431 2420 685 2488 Χριστὸς
708 2420 879 2490 ὄνομα
910 2420 1038 2490 ὅρου
1091 2417 1320 2487 δύναμιν
1356 2415 1469 2488 εχει
1493 2456 1508 2481 ,
1563 2416 1598 2487 ἢ
1648 2415 1741 2469 οὐ·

159 2515 286 2579 σίας
311 2515 427 2567 ἐστὶ
458 2513 814 2583 σημαντικὸν,
862 2511 1120 2583 καθάπερ
1161 2510 1503 2582 ἀνθρωποςῆ
1536 2509 1740 2574 (nunc;

159 2604 302 2660 Ούτε
327 2608 455 2676 ὅρου
476 2604 707 2675 δύναμιν
730 2604 865 2675 ἔχει,
890 2603 1012 2657 οὔτε
1033 2603 1223 2665 οὐσίας
1245 2604 1361 2655 ἐστὶ
1386 2600 1739 2671 σημαντικὸν,

161 2699 494 2771 πράγματος
526 2697 584 2751 δέ
616 2715 763 2761 τινος
816 2697 1106 2767 δηλοῦντος
1163 2696 1475 2767 ἐνέργειαν·
1528 2696 1590 2747 τδ
1632 2694 1744 2762 γὰρ

160 2789 420 2856 Χριστὸς
464 2788 634 2856 ὄνομα
678 2787 807 2858 μίαν
863 2788 1164 2841 ὑπόστασιν
1214 2787 1489 2858 σημαίνει.
1537 2785 1652 2839 ἀλλ’
1681 2785 1743 2838 οὐ

164 2881 301 2950 μίαν
337 2882 517 2950 φύσινι
542 2881 801 2949 Χριστὸς
864 2881 971 2950 γὰρ
1010 2879 1357 2950 μονοτρόπως
1390 2880 1451 2932 οὺ
1502 2880 1743 2947 λέγεται,

160 2969 279 3023 ἀλλ’
304 2972 361 3022 ἐν
378 2969 525 3039 αὐτῷ
540 2968 617 3039 τῷ
640 2969 891 3038 ὀνόματι,
917 2970 995 3021 ἑνὶ
1016 2968 1151 3031 ὄντι,
1180 2968 1459 3037 ἑκατέρων
1484 2968 1746 3040 πραγμά-

158 3080 275 3115 των
300 3061 604 3115 δείκνυνται
623 3061 891 3130 σημασία,
920 3060 1170 3130 θεότητος
1200 3061 1292 3113 καὶ
1309 3061 1744 3130 ἀνθρωπὸτητος⁹

1843 1970 2006 2011 sona.
2041 1954 2183 2022 Quid
2214 1971 2347 2028 ergo
2379 1957 2591 2028 accepit
2624 1958 2903 2023 Christus,
2940 1961 3085 2015 dicet
3112 1961 3333 2033 aliquis,
3368 1964 3413 2019 si

1851 2048 2071 2119 quidem
2106 2064 2285 2119 neque
2316 2049 2370 2104 in
2401 2050 2722 2106 universum
2752 2050 3051 2117 hominem,
3089 2069 3268 2123 neque
3306 2054 3423 2107 sin-

1843 2140 2072 2212 gulatitn
2100 2141 2357 2212 accepit?
2416 2140 2686 2204 Dicimus,
2723 2142 2853 2211 quia
2913 2141 3132 2211 quidem
3195 2143 3413 2213 accepit

1844 2234 2146 2287 humanam
2179 2244 2459 2299 naturant,
2489 2249 2553 2289 es
2600 2233 2716 2305 ipsa
2764 2241 2945 2289 autem
2986 2233 3224 2289 Verbum
3289 2249 3424 2304 pnu-

1843 2324 1963 2381 buit
1992 2326 2365 2395 proprietates
2398 2332 2453 2380 et
2482 2324 2563 2381 sic
2598 2326 2746 2379 nulla
2775 2333 3035 2395 sequetur
3079 2326 3420 2384 absurditas.

1911 2418 1972 2474 2.
1996 2417 2203 2473 Nomen
2229 2417 2473 2474 Christus
2501 2434 2631 2473 num
2668 2420 2883 2473 termini
2918 2420 3201 2485 virtutem,
3232 2420 3314 2475 vel
3337 2436 3427 2476 es-

1846 2512 2035 2568 sentia‘.
2052 2509 2428 2581 signiﬁcanda
2446 2510 2551 2564 vim
2575 2509 2756 2573 habet,
2772 2509 2913 2564 sicut
2931 2511 3092 2565 homo
3111 2511 3196 2568 vel
3216 2526 3392 2581 equus
3408 2513 3434 2567 ἲ

1845 2604 2033 2677 Neque
2061 2604 2286 2660 termini
2318 2605 2602 2667 virtutem,
2646 2620 2823 2674 neque
2877 2605 3137 2661 essentia
3202 2605 3419 2676 signiﬁ-

1845 2700 2036 2755 cauda:
2065 2700 2172 2753 vim
2207 2700 2390 2765 habet,
2443 2698 2537 2753 sed
2562 2696 2800 2767 alicujus
2850 2698 2929 2752 rei
2981 2698 3426 2753 demonstranda

1848 2791 2200 2852 facultatem;
2231 2806 2428 2846 nomen
2457 2792 2604 2846 enim
2644 2788 2893 2845 Christus
2925 2805 3089 2844 unam
3128 2805 3421 2861 personam

1847 2882 2143 2955 signiﬁcat,
2186 2898 2297 2937 non
2359 2893 2541 2937 autem
2606 2897 2772 2937 unam
2834 2890 3120 2949 naturam;
3166 2881 3426 2937 Christus

1846 2977 1994 3032 enim
2029 2990 2138 3029 non
2167 2974 2491 3043 simpliciter
2519 2974 2742 3037 dicitur,
2788 2974 2885 3029 sed
2929 2974 2985 3029 in
3020 2975 3141 3044 ipso
3175 2975 3419 3036 nomine,

1850 3082 1975 3122 cum
2008 3083 2178 3122 unum
2202 3068 2296 3133 sit,
2361 3067 2593 3121 duarum
2629 3082 2809 3122 rerum
2856 3067 3167 3121 ostenditur
3221 3065 3430 3136 signiﬁ-

166 3154 253 3207 διὸ
284 3155 379 3206 καὶ⁸
412 3153 544 3215 Θεὸς
574 3153 790 3220 λέγεται
820 3156 848 3206 6
902 3153 1156 3221 Χριστὸς
1190 3153 1286 3204 καὶ
1313 3151 1619 3224 ἄνθρωπος,
1653 3151 1743 3206 καὶ

1852 3171 2032 3225 catus,
2064 3160 2368 3214 divinitatis
2389 3168 2445 3216 et
2488 3158 2887 3222 humanitatis;
2942 3158 3151 3213 idcirco
3198 3166 3254 3213 et
3285 3156 3430 3212 Deus

160 3238 249 3307 εἷς
278 3244 427 3298 ἐστιν
447 3245 476 3297 6
508 3244 785 3311 Χριστός.

689 3352 1025 3408 ΕΡΩΤΗΣΙΣ
1072 3355 1221 3412 ΤΙΘ’.

166 3467 234 3521 Τί
267 3466 546 3535 σημαίνει
572 3464 612 3533 ἡ
642 3463 749 3519 τοῦ
792 3464 1042 3522 Ἀϐεσσα
1056 3468 1172 3539 ιὼμ
1213 3468 1295 3535 τῷ
1320 3469 1496 3540 πατρί
1526 3469 1748 3525 ἐπαγά-

841 3553 1061 3605 στασις
1086 3555 1106 3602 ;

238 3650 310 3703 Ἣ
334 3652 435 3721 τὴν
461 3650 572 3703 τῶν
608 3649 879 3705 Ἰουδαίων
918 3649 1173 3714 είκονίζει
1205 3650 1349 3705 κατά
1380 3650 1474 3705 τοῦ
1498 3651 1747 3723 Σωτῆρος

159 3745 536 3799 ἐπανάστασιν
569 3742 685 3813 (καὶ
715 3744 824 3813 γὰρ
866 3743 1000 3808 Υἱὸς
1026 3746 1402 3809 ποωτότοκος
1430 3746 1465 3799 ό
1485 3743 1746 3811 Ἰσραὴλ,

163 3835 286 3900 καὶ,
324 3835 495 3901 Υιοὺς
513 3834 813 3903 ἐγέννησα
834 3836 932 3889 καί
954 3836 1172 3903 ὕψωσα
1205 3834 1457 3905 καὶτὸν).
1479 3875 1493 3890 .
1518 3872 1535 3890 .
1559 3873 1577 3892 .
1606 3830 1749 3889 οὗτοι

163 3926 574 3989 ἐπαναστάντες
628 3926 921 3999 διήνεγκαν
979 3925 1231 3989 Θάνατον,
1285 3926 1602 3997 Ῥωμαῖκῆς
1646 3943 1751 3995 μα·

162 4016 388 4089 χαίρας,
418 4020 466 4071 εί
496 4019 590 4071 καὶ
623 4018 760 4086 μετά
790 4017 991 4088 πολλὴν
1029 4017 1433 4088 μακροθυμίαν,
1465 4017 1748 4085 γεγονότες

162 4110 568 4179 παρανάλωμα.
607 4110 731 4163 Ὀτι
766 4109 926 4163 Δαυῖδ
970 4108 1241 4163 κωλύεται
1270 4108 1363 4161 τὸν
1395 4108 1521 4161 ναδν
1544 4107 1749 4161 οίκοδο-

164 4200 366 4271 μῆσαι,
396 4199 716 4267 ταμιεύεται
744 4199 801 4251 δὲ
827 4198 888 4250 τὺ
910 4198 1071 4270 ἔργον
1098 4201 1178 4262 είς
1204 4200 1295 4251 τὸν
1334 4197 1395 4262 ἐξ
1421 4196 1589 4251 αὑτοῦ
1627 4213 1751 4265 γεν-

161 4291 400 4361 νηθέντα
429 4291 769 4361 Σολομῶντα,
793 4290 852 4354 ὃς
878 4288 1242 4360 ἑρμηνεύεται
1268 4288 1585 4358 εἰρηνικὸς,
1617 4288 1751 4341 διότι

164 4398 279 4452 περ
322 4382 357 4451 ἡ
405 4382 768 4445 ἆνυπόστατος
820 4383 1035 4452 εἰρήνη,
1075 4380 1309 4452 Χριστὸς
1348 4383 1377 4433 6
1404 4380 1536 4442 Θεὸς
1566 4378 1747 4450 ήμῶν,

160 4474 394 4543 ἔμελλεν
432 4474 493 4526 οὺ
519 4473 597 4539 τῷ
629 4473 895 4526 Ἰουδαίων
922 4472 1067 4525 ἔθνει
1095 4473 1276 4542 μόνον,
1310 4470 1446 4525 ἀλλά
1473 4474 1566 4523 καὶ
1586 4470 1750 4524 παντὶ

160 4568 246 4635 τῷ
278 4567 422 4635 γένει
465 4569 589 4620 ναὸν
640 4566 992 4636 οἰκοδομῆσαι
1032 4564 1366 4634 ἁγιωσύνης,
1406 4560 1470 4616 οὗ
1514 4564 1564 4615 οί
1610 4581 1745 4616 κατ-

157 4658 475 4729 αξιούμενοι
501 4652 577 4712 ὧν
609 4674 665 4711 τε
699 4657 909 4711 δέονται
946 4655 1297 4726 τυγχάνουσι,
1338 4656 1432 4709 καὶ
1474 4654 1743 4726 κάθαρσιν

158 4752 277 4802 τῶν
307 4747 794 4820 πλημμελημάτων
815 4748 1182 4819 εὑρίσκουσιν.
1228 4747 1382 4801 Ἐπεὶ
1410 4748 1615 4817 κυρίως
1649 4750 1745 4802 καὶ

158 4840 289 4910 οὐχὶ
316 4840 425 4893 τῶν
460 4841 703 4911 αίμάτων
733 4839 894 4911 χάριν
924 4839 1250 4906 κεκώλυται,
1287 4842 1336 4893 εί
1378 4840 1474 4894 καὶ
1504 4840 1742 4912 είρηται,

159 4930 285 4985 ἀλλ’
305 4932 385 4985 ὅτι
411 4931 489 5003 τῷ
510 4931 667 5004 τύπῳ
700 4932 1028 5002 ιφυλάττετο
1057 4932 1151 4986 καὶ
1185 4931 1285 5003 δλη
1316 4930 1397 5005 τῷ
1421 4931 1577 5002 τύπῳ
1607 4949 1745 5004 συμ-

160 5023 552 5095 περιείληπτο.

717 5159 1054 5217 ΕΡΩΤΗΣΙΣ
1075 5162 1210 5218 TK'.

169 5274 239 5330 Τί
294 5274 427 5329 ἐστι
474 5274 541 5329 τὸ
591 5274 997 5400 φοιϐήσαιῦθειι
1052 5274 1151 5332 καί
1189 5274 1543 5347 φιλάκρωμα
1592 5289 1755 5343 περι-

900 5362 1047 5400 urat
1063 5362 1083 5400 :

900 5362 1047 5400 ειναι
1063 5362 1083 5409 ;

242 5436 319 5490 Τὸ
348 5436 447 5508 μιν
469 5438 875 5508 φοιϐήσασθαι
909 5438 1057 5509 λέγει
1100 5439 1221 5492 ἀντὶ
1244 5435 1341 5490 τοῦ
1368 5435 1443 5508 μὴ
1476 5434 1756 5506 μαντείαις

247 5622 290 5653 ’⁸
325 5620 498 5680 Exod.
530 5636 605 5687 Iv,
645 5620 734 5677 22.
812 5620 857 5650 “
898 5617 1007 5676 Iss.
1039 5635 1079 5684 t,
1111 5617 1170 5673 2.

164 5744 339 5873 “(152'
387 5743 518 5798 Vide
585 5744 745 5797 etiam
795 5739 854 5798 S.
898 5740 1155 5797 Damasc.
1224 5737 1447 5795 Orthod.
1484 5734 1579 5805 Μ.
1644 5731 1735 5800 111,

249 5848 267 5860 ο
308 5834 360 5870 ὁ.

249 5834 360 5870 οὒΰ.

1856 3252 2062 3307 dicitur
2090 3250 2347 3307 Christus
2362 3256 2427 3310 ,ει
2453 3249 2639 3311 homo.
2659 3261 2713 3305 et
2744 3264 2888 3304 unus
2917 3258 3001 3305 est
3041 3248 3295 3305 Christus
3316 3248 3420 3320 (1).

1990 3362 2319 3431 ρυΑεετιο
2344 3361 2600 3419 CCCXIX
2630 3360 2822 3435 [Coisl.
2856 3360 3025 3417 Taur.
3068 3360 3285 3434 XCIV].

1920 3474 2066 3543 Quid
2101 3477 2367 3548 signiﬁcat
2425 3475 2704 3531 Absalonis
2738 3478 2793 3530 in
2822 3486 3027 3545 patrem
3056 3476 3308 3532 rebellio’
3339 3476 3363 3531 ἲ

1920 3654 2027 3709 Aut
2058 3652 2370 3710 Judzorum
2395 3652 2592 3721 ﬁgurat
2622 3649 2678 3704 in
2710 3648 3048 3705 Salvatorem
3078 3648 3430 3704 rebellionem

1851 3745 2110 3816 (etenim:
2137 3741 2181 3796 Γ
2185 3743 2305 3797 ilius
2331 3742 2711 3813 primogenitus
2732 3740 2907 3795 Israel
2924 3742 2961 3773 "
2987 3750 3067 3807 ;et
3088 3738 3261 3795 Filios
3278 3739 3434 3814 genui

1849 3848 1897 3890 et
1935 3836 2168 3889 exaltari
2200 3835 2243 3865 “
2282 3852 2301 3885 ι
2336 3842 2390 3887 et
2418 3832 2495 3901 (Ξ)
2528 3872 2544 3887 .
2575 3870 2591 3887 .
2623 3871 2639 3887 .
2674 3871 2688 3887 .
2724 3872 2738 3886 .
2769 3872 2785 3886 .
2822 3871 2837 3886 .
2862 3833 2915 3886 hi
2943 3832 3270 3887 rebellantes
3288 3847 3436 3885 mor-

1850 3936 1959 3982 tem
1994 3925 2312 3989 subierunt,
2346 3922 2594 3979 Romano
2628 3924 2879 3978 districto
2909 3922 3121 3995 gladio,
3160 3923 3265 3977 etsi
3305 3922 3435 3993 qui-

1851 4017 1974 4073 dem
2009 4026 2132 4087 post
2159 4017 2387 4070 multam
2435 4015 2750 4086 superbiam
2786 4015 3091 4085 perierunt.
3136 4014 3276 4079 Quia
3327 4012 3437 4066 Da-

1852 4109 1940 4165 vid
1990 4109 2313 4180 prohibetur
2367 4122 2395 4161 a
2429 4108 2632 4178 templo
2676 4106 3024 4171 aediﬁcando,
3077 4116 3438 4163 conservatur

1852 4216 1990 4269 opus
2028 4211 2157 4255 nato
2187 4200 2307 4267 ejus
2340 4198 2618 4253 Salomoni
2648 4199 2713 4265 ",
2743 4199 2887 4268 quod
2924 4199 3320 4269 interpretatur
3347 4215 3439 4269 pa-

1851 4296 2057 4365 ciﬁcus,
2088 4293 2217 4362 quia
2251 4292 2637 4361 personilicata
2666 4306 2767 4360 pax
2790 4290 3042 4347 Christus
3072 4290 3216 4347 Deus
3251 4302 3439 4346 noster

1853 4386 2084 4442 debebat
2130 4384 2403 4439 aediﬁcare
2446 4397 2555 4437 non
2594 4390 2804 4437 tantum
2840 4380 3085 4437 Judaicre
3128 4382 3301 4454 genti,
3333 4382 3431 4438 sed

1856 4480 2019 4534 etiam
2070 4476 2220 4533 omni
2289 4476 2437 4547 genti
2483 4475 2815 4542 ,sanctitatis
2879 4475 3195 4544 templum;
3272 4473 3436 4543 cujus

1856 4571 1949 4641 qui
1977 4577 2107 4625 sunt
2134 4569 2281 4637 digni
2314 4575 2369 4623 et
2393 4567 2594 4638 quibus
2626 4568 2872 4637 indigent
2897 4564 3169 4629 obtinent,
3204 4572 3259 4619 et
3292 4563 3435 4619 deli-

1850 4672 2063 4717 ctorum
2101 4659 2537 4730 puriﬁcationem
2572 4657 2881 4712 inveniunt.
2920 4655 3191 4722 Quoniam
3225 4654 3436 4725 princi-

1848 4752 2045 4823 paliter
2074 4761 2128 4807 et
2158 4748 2234 4820 (3)
2269 4764 2378 4803 non
2417 4750 2748 4819 sanguinum
2772 4748 2948 4818 gratia
2979 4747 3432 4817 impedimentum

1845 4842 2076 4909 exstitit,
2096 4843 2199 4897 etsi
2219 4842 2455 4907 dicatur,
2477 4842 2570 4897 sed
2586 4840 2729 4911 quod
2758 4840 2811 4894 in
2828 4840 2996 4911 ﬁgura
3012 4839 3443 4896 conservabatur

1848 4936 1988 5007 etin
2022 4936 2197 5008 ﬁgura
2240 4934 2697 5005 comprehensum
2735 4932 2859 4987 fuit.

1994 5152 2330 5227 QUESTIO
2358 5151 2611 5211 CCCXX'
2641 5150 2834 5226 [Coisl.
2865 5151 3031 5208 Taur.
3059 5147 3298 5223 XCVII].

2029 5270 2173 5338 Ωιιιὰ
2196 5281 2273 5328 est
2299 5270 2597 5343 phoebisare
2626 5278 2674 5325 et
2695 5268 2960 5324 calcitiem
2990 5268 3206 5320 induere
3232 5265 3258 5320 1

1930 5428 2241 5486 ιηιαὸὶιανε
2289 5426 2423 5483 dicit
2473 5441 2597 5499 pro,
2636 5422 2974 5481 divinatione
3018 5420 3118 5477 uti.
3152 5418 3434 5477 Caluitiem

1290 5615 1335 5649 "
1365 5613 1405 5669 Il
1434 5612 1570 5684 Reg.
1612 5627 1774 5675 xstu,
1814 5624 1939 5667 utv
1992 5623 2145 5678 seqq.

1919 5729 1996 5800 (2)
2031 5726 2203 5783 Ltesio
2232 5729 2458 5800 codicis.

1920 5798 1998 5874 (3)
2031 5798 2248 5871 Aliquid
2284 5802 2461 5854 deest.
